2371 3609
187 253 1763 323 post cuius mortem pars sua & patria triumphauit. Spiritualiter illo modo fuit
196 308 1760 378 de CHRISTO: prophetatum enim fuit, DEO praeordinante, quod ciuitas hu
192 365 1761 415 mani generis nunquam triumpharet, donec rex eius DEI Filius ab hostibus fo
186 419 1765 496 ret occisus: & ideo cum CHRISTVM DEI Filium nullus alius uellet aut pos
189 464 1766 532 set occidere, idem DEI Filius amore humani generis liberandi formam serui
188 529 1769 596 accepit, & sponte se occidi permisit: habitu inuentus ut homo, ad Philip. 2. De
194 568 1762 649 hac morte Bernhard, in quodam sermone: O bone IESV quid tibi & morti.
195 621 1758 704 Nos debuimus, & tu soluisti: nos peccauimus, & tu Iuisti, opus sine exemplo,
199 675 986 744 gratia sine merito, charitas sine modo.
277 728 1758 813 Secundo fuit passio CHRISTI incurialis & ignominosa mirabiliter: unde
186 787 1755 850 subiungunt, turpissima, scilicet ex genere, ex tempore, ex socio, ex loco. Ex ge
188 852 1763 921 nere: nam nullum genus supplicij magis ignominiosum fuit quam crucis. Vn
194 903 1759 974 de Bernh. O bone IESV quam dura, quam aspera pro hominibus passus es,
193 952 1759 1028 dura uerba, duriora uerbera, durissima & horrenda crucis supplicia. Idem in
197 1016 1765 1079 quodam sermone dicit sic: Caput angelicis tremebundum spiritibus densitate
183 1061 1762 1129 spinarum compungitur: facies pulchra prae filijs hominum sputis ludaeorum
198 1118 1759 1180 deturpatur. Oculi lucidiores sole, caligant in morte. Aures quae audierunt
187 1178 1755 1247 angelicos cantus, audiunt peccatorum insultus. Os quod docet angelos, fel
186 1219 1752 1303 le & aceto potatur. Pedes quorum scabellum odoratur, cruci clauo affiguntur.
187 1272 1755 1361 Manus quae formauerunt coelos, sunt in cruce extensae & affixae. Corpus uul
195 1342 1752 1408 neratur, latus lancea perforatur, & quid plura. Non remansit in eo nisi lingua,
186 1395 1755 1449 ut pro peccatoribus exoraret & matrem discipulo commendaret. Haec Bern
181 1436 1758 1506 Item Augustinus de quatuor uirtutibus cardinalibus. Filius, inquit, DEI ad
186 1506 1759 1568 crucem ducitur, expalmatur, qui est uera palma uictoriae. Spinis coronatur
188 1559 1757 1614 qui peccatorum spinas uenit confringere. Ligatur quij soluit compeditos:
183 1604 1752 1679 suspenditur ligno qui erigit elisos. Aceto potatur, fons uitae: disciplina ce
193 1659 1759 1729 ditur, salus uulneratur, uita moritur: occidit ad tempus uitam mors, ut a uita
184 1713 1769 1774 in perpetuum occideretur mors. Haec ille. Fuit etiam mors CHRISTI
188 1766 1755 1821 ignominiosa ex tempore: Nam tunc temporis celebrauerunt ludaei Pascha su
187 1829 1766 1886 um, & fuit folennissimum festum totius anni & maioris sanctitatis. Et ideo
194 1879 1761 1937 maximus populus confluxerat ad ciuitatem de Iudaeis. Grauius est autem
184 1938 1753 1989 affligi tempore quo alij gaudent & laetantur communiter, quam quando est
185 1990 1757 2055 tempus poenitentiae, quo alij communiter affliguntur. Iterum quantum ad
189 2046 1752 2093 tempus: Illo tempore a Iudaeis patitur quo eos ex Aegypto liberauit: il
195 2089 1760 2152 lo die expirauit, quo animam homini inspirauit. Ex parte loci fuit altus
195 2148 1747 2225 in monte, qui uideri poterat a longe. Abominabilis, propter cadauera
193 2209 1754 2254 mortuorum, prope ciuitatem, ut ab omnibus uideri posset. Ex parte socie
182 2261 1753 2308 tatis: quia inter latrones inter cognatos, & in presentia matris: & ideo morte tur
181 2316 1748 2374 pissima, ut de eo exponatur illud 2. Mach. 11. Ipse Lysias turpiter fugiens euasit.
182 2363 1749 2417 Lysias interpretatur genitus, & significat CHRISTVM a Patre genitum aeter
181 2414 815 2482 naliter & a matre temporaliter.
280 2470 1711 2544 Tertio fuit passio CHRISTI praeiudicialis & iniuriosa: quia nec confes
338 2528 1616 2593 sum nec legitime conuictum ad mortem damnauerunt, sicut de
456 2580 1495 2635 eis per Dauid fuit prophetatum: Captabunt in ani
589 2631 1344 2690 mam iusti, & sanguinem innocentem
800 2691 1135 2745 condemnabunt
