2371 3609
803 837 2165 911 OSTQVAM Spiritus sanctus posuit reproborum erroneam opi
843 896 2164 951 nionem: Hic ponit erroris eorum fontalem occasionem. Et circa
836 952 2155 1005 hoc tria facit: Nam primo ponitur erroris recapitulatio. Secundo
832 1006 2159 1059 causae errandi manifestatio, ibi: Excecauit enim illos, &c. Et tertio
852 1070 2167 1127 errantium triplex deceptio, ibi: Et nescierunt. Dicit ergo Spiritus
599 1110 2168 1178 sanctus primo sic: Haec cogitauerunt: haec, id est, animae rationalis mortalitatem,
604 1168 2165 1221 & uitae carnalis uoluptatem, & iusticiae peruersitatem, & mortis CHRISTI cru
596 1223 2161 1274 delitatem. Cogitauerunt impii & errauerunt: cogitauerunt, per malam delibera
602 1282 2171 1327 tionem & errauerunt, per uitiosam electionem. Secundo ibi: Excecauit enim e
591 1345 1686 1390 or. Ponitur causae errandi manifestatio in excaecatione.
659 1385 2168 1456 Vbi notandum, quod nunquam est ertor primum peccatum actuale hominis: quia
589 1438 2164 1497 si hominem contingat errare, aut est error uincibilis aut inuincibilis. Si inuicibi
595 1489 2165 1563 lis excusatur: quia DEVS non exigit ab homine, nisi quod homo potest benefa
603 1551 2172 1606 cere. Si est error uincibilis. Ergo homo deberet talem errorem praecauisse, & cum
600 1604 2167 1653 non uitauit, sequitur aliquam maliciam, siue uitium aliquod praecessisse. Praece
600 1667 2168 1730 dit autem quandoque errorem hominis negligentia, quando homo non deside
602 1714 2171 1766 rat scire ea quae deberet scire, nec adhibet solicitudinem ad sciendum ea quae
602 1776 2168 1840 conueniunt statui suo. Et haec ignorantia est peccatum graue. Et est ignorantia
593 1816 2160 1872 affectata interpretatiue, licet non expresse. Sed est alia ignorantia affectata ex
602 1875 2161 1934 presse, & est talis per quam homo non solum non desiderat scire, imo deside
599 1929 2158 1987 rat nescire. Et talis non solum negligit scire, imo contemnit scire, & haec est in
587 1990 2164 2041 naturalis malicia. Quia omnis natura scire desiderat, & talis malicia facit homi
597 2040 2162 2095 nem in disponere se ad sciendum, & facit hominem se dare talibus, quae se ad
597 2085 2170 2148 sciendum indisponunt. Hae autem sunt maximae uoluptates & iniusticiae &
595 2136 2174 2199 libertatis: & talis malicia fuit causa ignorantiae ludaeorum. Excecauit enim eos mali
592 2218 2160 2270 cia eorum: id est, contemptus sciendi cum uoluntate male uiuendi: quia in ma
602 2244 2167 2312 leuolam animam non intrabit sapientia: nec habitabit in corpore subdito peo
598 2310 2161 2363 catis, Sap. 1. Tertio ibi: Et nescierunt. Ponitur errantium triplex deceptio. De
608 2369 2165 2417 cipiebantur enim isti mali de tribus, de quibus in isto Capitulo est determina
593 2421 2156 2476 tum. Primo quantum ad ea quae tenemus super naturali reuelatione. Secundo
596 2475 2169 2530 quantum ad ea quae tenemus morali informatione. Tertio quantum ad illa quae
595 2520 1309 2576 sequuntur ex utriusque declaratione.
676 2572 2162 2652 Quantum ad primum dicitur, quod nescierunt sacramenta DEI: id est, muste
594 2636 2161 2695 rium incarnationis & passionis, &c. quae per diuinam reuelationem sunt homi
601 2691 2159 2745 niecessaria ad salutem. Et haec est causa quare nondum gentes multae sunt in
599 2734 2164 2802 formatae in fide CHRISTI. Viuunt enim ita male & uitiose contra legem natu
595 2804 2172 2858 rae, quod non sunt digni habere gratiam. Lex enim gratiae praesupponit legem
594 2844 965 2898 naturae in adusto.
650 2895 2161 2961 Secundo decipiebantur isti quantum ad ea quae tenemus morali informatio
604 2962 2163 3020 ne. Omnes enim leges rationales praesupponunt iusticiam esse praemiandam.
602 2999 2160 3085 Hoc Plato in li. suo de Republica supponit: quia supponit conseruatores iusti
603 3067 2166 3121 ciae immortaliter praemiandos, & tranigressores aeternaliter puniendos. Idem sup
