<?xml version="1.0" encoding="UTF-8" standalone="yes"?>
<PcGts xmlns="http://schema.primaresearch.org/PAGE/gts/pagecontent/2013-07-15" xmlns:xsi="http://www.w3.org/2001/XMLSchema-instance" xsi:schemaLocation="http://schema.primaresearch.org/PAGE/gts/pagecontent/2013-07-15 http://schema.primaresearch.org/PAGE/gts/pagecontent/2013-07-15/pagecontent.xsd">
    <Metadata>
        <Creator>prov=University of Rostock/Institute of Mathematics/CITlab/Gundram Leifert/gundram.leifert@uni-rostock.de:name=holcotwisdom-m2(htr_id=17503)::::v=2.4.3
prov=University of Rostock/Institute of Mathematics/CITlab/Tobias Gruening/tobias.gruening@uni-rostock.de:name=de.uros.citlab.module.baseline2polygon.B2PSeamMultiOriented:v=2.4.3
prov=University of Rostock/Institute of Mathematics/CITlab/Tobias Gruening/tobias.gruening@uni-rostock.de:name=/net_tf/LA73_249_0mod360.pb:de.uros.citlab.segmentation.CITlab_LA_ML:v=?0.1
TRP</Creator>
        <Created>2019-01-18T08:24:36.465-05:00</Created>
        <LastChange>2019-10-31T12:19:58.900+01:00</LastChange>
        <TranskribusMetadata docId="116678" pageId="4353938" pageNr="138" tsid="18178197" status="IN_PROGRESS" userId="25065" imgUrl="https://files.transkribus.eu/Get?id=WGTRPSAODVUWIXNFKPRGBIXL&amp;fileType=view" xmlUrl="https://files.transkribus.eu/Get?id=HUNLMGDEJNIRMTCXHIGNQSJB" imageId="2467071"/>
    </Metadata>
    <Page imageFilename="sap_Page_138.png" imageWidth="2371" imageHeight="3609">
        <ReadingOrder>
            <OrderedGroup id="ro_1572529822020" caption="Regions reading order">
                <RegionRefIndexed index="0" regionRef="TextRegion_1570201137386_3178"/>
            </OrderedGroup>
        </ReadingOrder>
        <TextRegion orientation="0.0" id="TextRegion_1570201137386_3178" custom="readingOrder {index:0;}">
            <Coords points="586,262 2172,262 2172,3142 601,3142"/>
            <TextLine id="line_1570201117666_3152" custom="readingOrder {index:0;}">
                <Coords points="591,337 2117,307 2140,255 590,282"/>
                <Baseline points="601,311 620,311 709,309 798,309 886,308 975,306 1064,306 1153,305 1242,305 1330,303 1419,303 1508,302 1597,300 1686,300 1774,299 1863,297 1952,296 2041,296 2130,294"/>
                <TextEquiv>
                    <Unicode>quia Domino peccauerunt. Vnde septem uitia capitalia septem inferunt caeci</Unicode>
                </TextEquiv>
            </TextLine>
            <TextLine id="line_1570201117666_3154" custom="readingOrder {index:1;}">
                <Coords points="591,377 1837,377 2146,360 2146,310 591,337"/>
                <Baseline points="601,364 667,363 744,363 821,363 899,363 976,362 1053,362 1131,360 1208,360 1285,359 1363,359 1440,357 1517,357 1594,356 1672,356 1749,354 1826,353 1904,353 1981,351 2058,350 2136,350"/>
                <TextEquiv>
                    <Unicode>tates mortales, quibus correspondent caecitates corporales, quae in Sacra scri</Unicode>
                </TextEquiv>
            </TextLine>
            <TextLine id="r1l5" custom="readingOrder {index:2;}">
                <Coords points="597,430 2151,413 2150,362 2022,359 597,389"/>
                <Baseline points="608,417 684,417 761,417 837,417 914,417 991,417 1067,416 1144,416 1221,415 1297,414 1374,413 1451,413 1527,411 1604,411 1681,410 1757,408 1834,408 1911,407 1987,405 2064,405 2141,404"/>
                <TextEquiv>
                    <Unicode>ptura nominantur. Primo enim excaecat superbia prae sui nimia claritate, Eccl. </Unicode>
                </TextEquiv>
            </TextLine>
            <TextLine id="line_1570201117666_3156" custom="readingOrder {index:3;}">
                <Coords points="591,484 2164,466 2118,417 590,455"/>
                <Baseline points="601,475 676,474 754,473 832,473 910,471 987,470 1065,470 1143,469 1221,468 1298,468 1376,467 1454,467 1532,465 1609,465 1687,464 1765,464 1843,462 1920,461 1998,459 2076,458 2154,456"/>
                <TextEquiv>
                    <Unicode>43. Sol suis radijs effulgens excaecat oculos. Sol est pompa gloriae mundialis </Unicode>
                </TextEquiv>
            </TextLine>
            <TextLine id="r1l8" custom="readingOrder {index:4;}">
                <Coords points="592,537 1846,539 2149,520 2149,473 591,488"/>
                <Baseline points="602,525 678,525 755,525 832,525 909,525 986,524 1063,524 1139,524 1216,522 1293,522 1370,522 1447,521 1524,521 1601,519 1677,519 1754,518 1831,518 1908,516 1985,515 2062,513 2139,512"/>
                <TextEquiv>
                    <Unicode>&amp; figuratur per Pauli caecitatem, de quo dicitur Actuum 9. Quam circumful </Unicode>
                </TextEquiv>
            </TextLine>
            <TextLine id="r1l9" custom="readingOrder {index:5;}">
                <Coords points="594,592 2037,592 2157,577 2157,524 594,539"/>
                <Baseline points="605,581 682,581 759,579 836,579 913,579 990,578 1067,578 1145,578 1222,576 1299,576 1376,576 1453,575 1530,575 1607,573 1685,573 1762,572 1839,572 1916,570 1993,569 2070,569 2148,567"/>
                <TextEquiv>
                    <Unicode>sit eum Iux de coelo &amp; cadens in terram nihil uidebat. De hac caecitate potest</Unicode>
                </TextEquiv>
            </TextLine>
            <TextLine id="r1l10" custom="readingOrder {index:6;}">
                <Coords points="595,647 2048,645 2152,592 595,608"/>
                <Baseline points="605,633 681,633 758,633 835,633 912,633 989,633 1066,633 1142,632 1219,632 1296,630 1373,630 1450,630 1527,629 1604,627 1680,627 1757,626 1834,624 1911,624 1988,623 2065,621 2142,621"/>
                <TextEquiv>
                    <Unicode>exponi illud ad Rom. 11. Caecitas ex parte contigit in Israel. Israel interpreta</Unicode>
                </TextEquiv>
            </TextLine>
            <TextLine id="line_1570201117666_3158" custom="readingOrder {index:7;}">
                <Coords points="591,701 1956,701 2160,686 2160,648 591,659"/>
                <Baseline points="601,689 677,689 755,689 832,687 910,687 987,687 1065,686 1142,686 1220,685 1297,684 1375,684 1453,683 1530,683 1608,681 1685,681 1763,680 1840,680 1918,678 1995,678 2073,677 2151,677"/>
                <TextEquiv>
                    <Unicode>tur uidens DEVM, &amp; significat hominem donis naturae &amp; fortunae praeuentum, cu</Unicode>
                </TextEquiv>
            </TextLine>
            <TextLine id="r1l12" custom="readingOrder {index:8;}">
                <Coords points="598,754 2167,741 2167,703 597,707"/>
                <Baseline points="608,743 685,743 762,743 840,741 917,741 995,741 1072,740 1149,740 1227,740 1304,738 1382,738 1459,737 1536,737 1614,735 1691,735 1769,734 1846,734 1923,732 2001,732 2078,731 2156,731"/>
                <TextEquiv>
                    <Unicode>iusmodi sunt homines ingeniosi speciosi, fortes &amp; diuites. Haec enim omnia</Unicode>
                </TextEquiv>
            </TextLine>
            <TextLine id="line_1570201117671_3160" custom="readingOrder {index:9;}">
                <Coords points="591,809 2148,794 2147,752 2027,745 590,760"/>
                <Baseline points="601,798 673,798 750,797 827,797 904,797 981,795 1058,795 1135,795 1212,794 1289,794 1367,792 1444,792 1521,791 1598,791 1675,790 1752,789 1829,788 1906,788 1983,786 2060,786 2138,785"/>
                <TextEquiv>
                    <Unicode>sunt superbiae materia. Vnde August. in quadam epistola. Vitia caetera in pec</Unicode>
                </TextEquiv>
            </TextLine>
            <TextLine id="r1l14" custom="readingOrder {index:10;}">
                <Coords points="598,863 1844,867 2153,848 2153,809 598,821"/>
                <Baseline points="608,852 684,852 761,851 838,850 915,849 992,849 1068,848 1145,848 1222,848 1299,846 1376,846 1452,846 1529,846 1606,845 1683,845 1760,843 1836,843 1913,842 1990,840 2067,840 2144,839"/>
                <TextEquiv>
                    <Unicode>catis: superbia uero etiam in rectis factis timenda est, ne illa quae laudabiliter</Unicode>
                </TextEquiv>
            </TextLine>
            <TextLine id="r1l15" custom="readingOrder {index:11;}">
                <Coords points="599,918 2115,917 2164,864 598,865"/>
                <Baseline points="609,906 686,906 763,905 840,905 918,903 995,903 1072,902 1149,902 1227,902 1304,900 1381,900 1458,900 1536,899 1613,899 1690,899 1767,897 1845,897 1922,896 1999,894 2076,894 2154,893"/>
                <TextEquiv>
                    <Unicode>facta sunt, ipsius laudis cupiditate amittantur. Scripsit Senec. ad Lucillum epi</Unicode>
                </TextEquiv>
            </TextLine>
            <TextLine id="r1l16" custom="readingOrder {index:12;}">
                <Coords points="599,971 2032,972 2166,957 2166,918 598,920"/>
                <Baseline points="608,960 685,960 762,960 840,959 917,959 995,958 1072,957 1150,957 1227,956 1305,956 1382,956 1459,954 1537,954 1614,954 1692,953 1769,953 1847,951 1924,951 2002,950 2079,949 2157,948"/>
                <TextEquiv>
                    <Unicode>stola 89. Quod uxor sua quandam famulam habuit, quae subito facta caeca, ui </Unicode>
                </TextEquiv>
            </TextLine>
            <TextLine id="r1l17" custom="readingOrder {index:13;}">
                <Coords points="599,1025 2081,1022 2168,1012 2167,959 598,979"/>
                <Baseline points="608,1013 685,1013 762,1013 840,1013 917,1013 995,1011 1072,1011 1150,1011 1227,1010 1305,1010 1382,1009 1459,1008 1537,1008 1614,1007 1692,1007 1769,1005 1847,1005 1924,1005 2002,1004 2079,1004 2157,1004"/>
                <TextEquiv>
                    <Unicode>dere desijt. Incredibilem rem tibi narro, sed ueram: nescit se esse caecam, sed </Unicode>
                </TextEquiv>
            </TextLine>
            <TextLine id="r1l18" custom="readingOrder {index:14;}">
                <Coords points="597,1080 1797,1084 2166,1068 2166,1028 596,1027"/>
                <Baseline points="606,1068 683,1067 761,1067 838,1067 916,1065 993,1065 1071,1065 1148,1064 1226,1064 1303,1064 1381,1064 1458,1062 1536,1062 1613,1062 1691,1061 1768,1061 1846,1059 1923,1059 2001,1058 2078,1058 2156,1056"/>
                <TextEquiv>
                    <Unicode>semper rogauit paedagogum suum ut recedat de domo in qua est. Dicit enim</Unicode>
                </TextEquiv>
            </TextLine>
            <TextLine id="r1l19" custom="readingOrder {index:15;}">
                <Coords points="601,1133 2162,1131 2162,1085 601,1090"/>
                <Baseline points="611,1121 688,1121 765,1121 842,1121 919,1121 996,1119 1073,1119 1150,1118 1227,1118 1304,1116 1382,1116 1459,1116 1536,1115 1613,1115 1690,1113 1767,1113 1844,1113 1921,1113 1998,1113 2075,1113 2153,1113"/>
                <TextEquiv>
                    <Unicode>domum tenebrosam esse. Et subdit Seneca: Hoc enim quod in illa uidemus,</Unicode>
                </TextEquiv>
            </TextLine>
            <TextLine id="r1l20" custom="readingOrder {index:16;}">
                <Coords points="603,1188 2161,1170 1971,1124 603,1151"/>
                <Baseline points="614,1176 690,1175 767,1175 844,1175 921,1175 998,1173 1074,1173 1151,1173 1228,1172 1305,1172 1382,1172 1458,1170 1535,1170 1612,1169 1689,1169 1766,1169 1842,1167 1919,1167 1996,1167 2073,1166 2150,1166"/>
                <TextEquiv>
                    <Unicode>nobis accidit: nemo se auarum esse intelligit, nemo cupidum. Caeci ducem quae</Unicode>
                </TextEquiv>
            </TextLine>
            <TextLine id="r1l21" custom="readingOrder {index:17;}">
                <Coords points="599,1243 1991,1237 2160,1229 2160,1192 599,1204"/>
                <Baseline points="608,1232 685,1230 762,1230 839,1229 916,1229 993,1227 1070,1227 1147,1227 1224,1226 1301,1226 1379,1224 1456,1224 1533,1223 1610,1223 1687,1223 1764,1222 1841,1221 1918,1221 1995,1220 2072,1220 2150,1220"/>
                <TextEquiv>
                    <Unicode>runt, nos sine duce eramus, &amp; dicimus: Non ego ambitiosus sum, sed urbs</Unicode>
                </TextEquiv>
            </TextLine>
            <TextLine id="r1l22" custom="readingOrder {index:18;}">
                <Coords points="594,1295 2098,1297 2169,1244 594,1256"/>
                <Baseline points="603,1284 680,1283 758,1283 836,1283 914,1281 992,1281 1069,1281 1147,1280 1225,1280 1303,1280 1381,1278 1458,1278 1536,1278 1614,1277 1692,1277 1770,1277 1847,1275 1925,1275 2003,1275 2081,1274 2159,1274"/>
                <TextEquiv>
                    <Unicode>mea magnas exigit impensas: non est meum uitium quod iracundus sum: quia</Unicode>
                </TextEquiv>
            </TextLine>
            <TextLine id="r1l23" custom="readingOrder {index:19;}">
                <Coords points="607,1350 2167,1332 2166,1293 2012,1286 607,1310"/>
                <Baseline points="617,1340 694,1339 771,1338 848,1337 925,1337 1002,1335 1079,1335 1156,1334 1233,1334 1310,1334 1387,1332 1464,1332 1541,1332 1618,1331 1695,1331 1772,1331 1849,1329 1926,1329 2003,1329 2080,1328 2157,1328"/>
                <TextEquiv>
                    <Unicode>nondum constitui certum genus uitae: adolescentia facit. Quid nos ipsos deci</Unicode>
                </TextEquiv>
            </TextLine>
            <TextLine id="r1l24" custom="readingOrder {index:20;}">
                <Coords points="616,1402 2145,1393 2165,1353 615,1364"/>
                <Baseline points="626,1394 702,1392 779,1391 855,1391 932,1389 1008,1389 1085,1388 1161,1388 1238,1388 1314,1388 1391,1387 1467,1386 1544,1386 1620,1386 1697,1386 1773,1385 1850,1385 1926,1385 2003,1383 2079,1383 2156,1382"/>
                <TextEquiv>
                    <Unicode>pimus: Non est extrinsecum malum nostrum, intra nos est, in uisceribus sedet. </Unicode>
                </TextEquiv>
            </TextLine>
            <TextLine id="r1l25" custom="readingOrder {index:21;}">
                <Coords points="600,1458 2166,1448 2122,1395 600,1414"/>
                <Baseline points="611,1445 688,1445 765,1445 842,1443 920,1443 997,1443 1074,1443 1151,1443 1229,1442 1306,1442 1383,1442 1460,1442 1538,1440 1615,1440 1692,1440 1769,1440 1847,1439 1924,1439 2001,1439 2078,1437 2156,1437"/>
                <TextEquiv>
                    <Unicode>Et ideo difficulter ad sanitatem peruenimus: quia nos aegrotare nescimus. Haec</Unicode>
                </TextEquiv>
            </TextLine>
            <TextLine id="r1l26" custom="readingOrder {index:22;}">
                <Coords points="600,1512 2171,1501 2075,1450 600,1463"/>
                <Baseline points="611,1499 688,1497 766,1497 843,1497 921,1497 998,1497 1076,1496 1153,1496 1231,1496 1308,1496 1386,1496 1464,1496 1541,1496 1619,1496 1696,1496 1774,1496 1851,1494 1929,1494 2006,1493 2084,1491 2162,1490"/>
                <TextEquiv>
                    <Unicode>ille. Haec fuit caecitas Episcopi Laodicij, cui dicitur Apocal. 3. Dicis quia diues</Unicode>
                </TextEquiv>
            </TextLine>
            <TextLine id="r1l27" custom="readingOrder {index:23;}">
                <Coords points="599,1565 2172,1555 2172,1516 2032,1505 599,1514"/>
                <Baseline points="608,1553 685,1553 763,1553 841,1553 919,1551 996,1551 1074,1551 1152,1551 1230,1551 1307,1550 1385,1550 1463,1550 1541,1550 1618,1550 1696,1550 1774,1548 1852,1548 1929,1548 2007,1548 2085,1548 2163,1548"/>
                <TextEquiv>
                    <Unicode>sum &amp; locuples, &amp; nullius egeo, &amp; non scis, quia tu es miser &amp; miserabilis, pau</Unicode>
                </TextEquiv>
            </TextLine>
            <TextLine id="r1l28" custom="readingOrder {index:24;}">
                <Coords points="599,1634 638,1620 686,1627 820,1610 1027,1615 1026,1587 961,1566 932,1579 831,1566 817,1580 598,1581"/>
                <Baseline points="609,1610 634,1610 660,1608 685,1608 711,1608 736,1607 762,1607 787,1605 813,1605 838,1605 864,1604 889,1604 915,1604 940,1604 966,1605 991,1605 1017,1607"/>
                <TextEquiv>
                    <Unicode>per, caecus &amp; nudus.</Unicode>
                </TextEquiv>
            </TextLine>
            <TextLine id="r1l29" custom="readingOrder {index:25;}">
                <Coords points="682,1671 2161,1662 2135,1611 682,1620"/>
                <Baseline points="693,1662 765,1661 838,1661 911,1659 984,1659 1057,1659 1130,1659 1203,1659 1276,1659 1349,1659 1422,1659 1494,1659 1567,1659 1640,1658 1713,1658 1786,1658 1859,1658 1932,1656 2005,1656 2078,1655 2151,1653"/>
                <TextEquiv>
                    <Unicode>Secunda caecitas est inuidia. Et haec figuratur per caecitatem Heli sa</Unicode>
                </TextEquiv>
            </TextLine>
            <TextLine id="r1l30" custom="readingOrder {index:26;}">
                <Coords points="595,1721 1791,1735 2164,1720 2164,1679 595,1691"/>
                <Baseline points="605,1715 682,1715 759,1715 837,1715 914,1715 992,1713 1069,1713 1146,1713 1224,1715 1301,1715 1379,1715 1456,1713 1533,1713 1611,1713 1688,1713 1766,1713 1843,1712 1920,1712 1998,1710 2075,1710 2153,1709"/>
                <TextEquiv>
                    <Unicode>cerdotis. De quo 1. Regum cap. 3. legimus, quod caligauerant oculi eius</Unicode>
                </TextEquiv>
            </TextLine>
            <TextLine id="r1l31" custom="readingOrder {index:27;}">
                <Coords points="604,1780 2175,1774 2104,1719 604,1729"/>
                <Baseline points="614,1769 691,1769 769,1769 846,1769 924,1769 1001,1769 1079,1769 1156,1769 1234,1769 1311,1767 1389,1767 1467,1767 1544,1767 1622,1767 1699,1767 1777,1767 1854,1766 1932,1766 2009,1766 2087,1766 2165,1766"/>
                <TextEquiv>
                    <Unicode>&amp; uidere non poterat lucernam Domini antequam extinguebatur, forte sine</Unicode>
                </TextEquiv>
            </TextLine>
            <TextLine id="r1l32" custom="readingOrder {index:28;}">
                <Coords points="604,1837 2159,1829 2159,1778 604,1784"/>
                <Baseline points="614,1826 690,1826 767,1824 844,1824 921,1824 998,1824 1074,1824 1151,1823 1228,1823 1305,1823 1382,1823 1458,1823 1535,1821 1612,1821 1689,1821 1766,1821 1842,1821 1919,1821 1996,1820 2073,1820 2150,1820"/>
                <TextEquiv>
                    <Unicode>laesione oculorum suorum non poterat considerare lucernam ardentem. Sed</Unicode>
                </TextEquiv>
            </TextLine>
            <TextLine id="r1l33" custom="readingOrder {index:29;}">
                <Coords points="602,1894 2130,1883 2167,1841 602,1855"/>
                <Baseline points="611,1878 688,1878 765,1878 842,1878 920,1878 997,1878 1074,1878 1152,1878 1229,1878 1306,1878 1384,1877 1461,1877 1538,1877 1615,1877 1693,1875 1770,1875 1847,1874 1925,1874 2002,1874 2079,1874 2157,1872"/>
                <TextEquiv>
                    <Unicode>quando fuerat extincta de die, tunc potuit bene uidere. Isto modo est de inui</Unicode>
                </TextEquiv>
            </TextLine>
            <TextLine id="r1l34" custom="readingOrder {index:30;}">
                <Coords points="611,1943 2172,1931 2111,1886 611,1902"/>
                <Baseline points="620,1934 697,1934 774,1934 851,1932 928,1932 1005,1932 1082,1932 1159,1932 1236,1932 1313,1931 1391,1931 1468,1931 1545,1931 1622,1931 1699,1929 1776,1929 1853,1929 1930,1929 2007,1928 2084,1928 2162,1928"/>
                <TextEquiv>
                    <Unicode>do. Nam Iucernam ardentem: hoc est, personam gratiose uiuentem, &amp; prospe</Unicode>
                </TextEquiv>
            </TextLine>
            <TextLine id="r1l35" custom="readingOrder {index:31;}">
                <Coords points="604,1998 2025,2006 2161,2000 2161,1940 604,1959"/>
                <Baseline points="614,1988 690,1988 767,1988 844,1988 921,1988 998,1988 1075,1988 1151,1986 1228,1986 1305,1986 1382,1986 1459,1985 1536,1985 1613,1985 1689,1985 1766,1983 1843,1983 1920,1983 1997,1983 2074,1983 2151,1983"/>
                <TextEquiv>
                    <Unicode>re coram DEO &amp; bonis hominibus merito approbandam uidere non potest,</Unicode>
                </TextEquiv>
            </TextLine>
            <TextLine id="r1l36" custom="readingOrder {index:32;}">
                <Coords points="607,2063 2167,2041 2141,1992 607,2012"/>
                <Baseline points="617,2042 698,2042 779,2042 860,2042 941,2042 1022,2042 1103,2042 1184,2040 1265,2040 1346,2040 1427,2039 1508,2039 1589,2039 1670,2037 1751,2037 1832,2037 1913,2037 1994,2036 2075,2036 2156,2036"/>
                <TextEquiv>
                    <Unicode>quin laedatur corde per inuidiam. Narratur de quodam cupido &amp; inuido insi</Unicode>
                </TextEquiv>
            </TextLine>
            <TextLine id="r1l37" custom="readingOrder {index:33;}">
                <Coords points="613,2104 2163,2101 2163,2059 613,2069"/>
                <Baseline points="623,2096 699,2096 776,2096 852,2096 929,2096 1005,2094 1082,2094 1158,2094 1235,2094 1311,2093 1388,2093 1464,2093 1541,2091 1617,2091 1694,2091 1770,2091 1847,2091 1923,2090 2000,2090 2076,2090 2153,2090"/>
                <TextEquiv>
                    <Unicode>mul iter agentibus, quod uox de coelo uenit ad eos dicens: Petat unus uestrum</Unicode>
                </TextEquiv>
            </TextLine>
            <TextLine id="r1l38" custom="readingOrder {index:34;}">
                <Coords points="603,2166 1997,2167 2168,2156 2168,2109 603,2121"/>
                <Baseline points="614,2150 691,2150 768,2150 845,2148 923,2148 1000,2148 1077,2148 1154,2147 1232,2147 1309,2147 1386,2147 1463,2147 1541,2145 1618,2145 1695,2145 1772,2145 1850,2145 1927,2145 2004,2145 2081,2145 2159,2144"/>
                <TextEquiv>
                    <Unicode>quidquid uoluerit, &amp; habebit: sic tamen quod socius eius habebit duplum. Fit</Unicode>
                </TextEquiv>
            </TextLine>
            <TextLine id="r1l39" custom="readingOrder {index:35;}">
                <Coords points="611,2213 2169,2204 1745,2155 611,2173"/>
                <Baseline points="621,2202 697,2202 774,2202 851,2202 928,2202 1005,2202 1082,2202 1159,2202 1236,2202 1313,2202 1390,2202 1466,2202 1543,2202 1620,2201 1697,2201 1774,2201 1851,2201 1928,2201 2005,2199 2082,2199 2159,2198"/>
                <TextEquiv>
                    <Unicode>controuersia quis eorum prius peteret. Tandem inuidus: Peto, inquit, ut erua</Unicode>
                </TextEquiv>
            </TextLine>
            <TextLine id="r1l40" custom="readingOrder {index:36;}">
                <Coords points="608,2266 1842,2277 2173,2265 2173,2213 607,2227"/>
                <Baseline points="617,2256 694,2256 771,2256 848,2256 926,2256 1003,2256 1080,2256 1158,2256 1235,2256 1312,2256 1390,2256 1467,2256 1544,2256 1621,2256 1699,2255 1776,2255 1853,2255 1931,2255 2008,2255 2085,2255 2163,2253"/>
                <TextEquiv>
                    <Unicode>tur mihi alter oculus. De illis potest exponi illud Esa. 59. Palpamus sicut caeci</Unicode>
                </TextEquiv>
            </TextLine>
            <TextLine id="r1l42" custom="readingOrder {index:37;}">
                <Coords points="610,2335 2037,2334 2175,2320 2175,2280 610,2284"/>
                <Baseline points="620,2310 697,2310 774,2312 851,2312 929,2312 1006,2312 1083,2312 1161,2312 1238,2312 1315,2312 1393,2312 1470,2311 1547,2310 1624,2310 1702,2310 1779,2310 1856,2310 1934,2310 2011,2310 2088,2310 2166,2312"/>
                <TextEquiv>
                    <Unicode>parietem, &amp; quasi absque oculis attractauimus, impegimus in meridie, quasi in</Unicode>
                </TextEquiv>
            </TextLine>
            <TextLine id="r1l43" custom="readingOrder {index:38;}">
                <Coords points="605,2376 786,2373 785,2335 770,2338 760,2328 748,2328 738,2338 724,2338 708,2323 696,2325 685,2337 604,2332"/>
                <Baseline points="614,2366 641,2367 668,2366 695,2365 722,2364 749,2364 776,2366"/>
                <TextEquiv>
                    <Unicode>tenebris.</Unicode>
                </TextEquiv>
            </TextLine>
            <TextLine id="r1l44" custom="readingOrder {index:39;}">
                <Coords points="698,2429 2167,2438 2167,2383 1983,2375 698,2377"/>
                <Baseline points="708,2417 780,2418 852,2418 925,2418 997,2420 1070,2418 1142,2418 1215,2418 1287,2418 1360,2418 1432,2417 1504,2417 1577,2417 1649,2417 1722,2417 1794,2417 1867,2417 1939,2417 2012,2418 2084,2420 2157,2421"/>
                <TextEquiv>
                    <Unicode>Tertia caecitas est iracundia, in Psalm. Turbatus est a furore oculus meus,</Unicode>
                </TextEquiv>
            </TextLine>
            <TextLine id="line_1570201170057_3202" custom="readingOrder {index:40;}">
                <Coords points="610,2482 1848,2479 1848,2445 1525,2430 610,2431"/>
                <Baseline points="620,2472 647,2472 674,2472 701,2472 728,2472 755,2471 782,2471 809,2471 836,2472 864,2474 1011,2472 1052,2473 1093,2474 1135,2474 1176,2474 1217,2474 1259,2474 1300,2472 1341,2472 1383,2472 1424,2471 1465,2471 1507,2471 1548,2469 1589,2469 1631,2469 1672,2469 1713,2469 1755,2469 1796,2471 1838,2471"/>
                <TextEquiv>
                    <Unicode>&amp;c. Et Cato: Impedit ira animum ne possit cernere verum.</Unicode>
                </TextEquiv>
            </TextLine>
            <TextLine id="r1l49" custom="readingOrder {index:41;}">
                <Coords points="614,2537 2170,2530 1923,2483 614,2485"/>
                <Baseline points="624,2525 700,2526 777,2526 854,2526 931,2526 1007,2528 1084,2528 1161,2528 1238,2528 1314,2526 1391,2526 1468,2526 1545,2526 1621,2526 1698,2526 1775,2526 1852,2526 1928,2526 2005,2526 2082,2526 2159,2526"/>
                <TextEquiv>
                    <Unicode>Haec figuratur per caecitatem Lamech, qui habens arcum, uoluit sagittare, pu</Unicode>
                </TextEquiv>
            </TextLine>
            <TextLine id="r1l50" custom="readingOrder {index:42;}">
                <Coords points="617,2591 2025,2605 2172,2591 2172,2553 617,2554"/>
                <Baseline points="627,2582 703,2582 780,2582 857,2582 934,2582 1011,2582 1087,2580 1164,2580 1241,2580 1318,2580 1395,2580 1471,2580 1548,2580 1625,2580 1702,2580 1779,2580 1855,2580 1932,2580 2009,2580 2086,2580 2163,2580"/>
                <TextEquiv>
                    <Unicode>tans occidere feram, occidit hominem, scilicet Cain, sicut narrat Magister in</Unicode>
                </TextEquiv>
            </TextLine>
            <TextLine id="r1l51" custom="readingOrder {index:43;}">
                <Coords points="608,2645 2167,2641 2132,2591 608,2594"/>
                <Baseline points="618,2634 699,2634 780,2634 861,2634 942,2636 1023,2636 1104,2636 1185,2634 1266,2634 1347,2634 1428,2634 1509,2634 1590,2634 1671,2634 1752,2634 1833,2634 1914,2634 1995,2634 2076,2634 2157,2636"/>
                <TextEquiv>
                    <Unicode>historijs super 4 cap. Gen. Ita est de iudicibus excaecatis per iram contra perso</Unicode>
                </TextEquiv>
            </TextLine>
            <TextLine id="line_1570201180443_3207" custom="readingOrder {index:44;}">
                <Coords points="586,2690 2183,2698 2150,2647 586,2659"/>
                <Baseline points="597,2694 2173,2698"/>
                <TextEquiv>
                    <Unicode>nam accusatam. Putant enim se occidere feram: id est, uindicare peccatum, &amp;</Unicode>
                </TextEquiv>
            </TextLine>
            <TextLine id="r1l52" custom="readingOrder {index:45;}">
                <Coords points="610,2753 2179,2754 2148,2704 610,2706"/>
                <Baseline points="620,2742 697,2742 774,2742 852,2742 929,2742 1007,2742 1084,2742 1162,2743 1239,2744 1317,2744 1394,2744 1471,2744 1549,2744 1626,2745 1704,2745 1781,2745 1859,2745 1936,2745 2014,2745 2091,2745 2169,2744"/>
                <TextEquiv>
                    <Unicode>ira impediente occidunt personam. De talibus scribitur ad Ephes. 4. Ignorantia</Unicode>
                </TextEquiv>
            </TextLine>
            <TextLine id="r1l53" custom="readingOrder {index:46;}">
                <Coords points="603,2806 1474,2806 1450,2771 1275,2757 603,2769"/>
                <Baseline points="612,2795 654,2796 697,2796 739,2796 782,2796 825,2798 867,2798 910,2798 952,2798 995,2798 1038,2798 1080,2798 1123,2798 1165,2798 1208,2798 1251,2798 1293,2798 1336,2798 1378,2798 1421,2798 1464,2796"/>
                <TextEquiv>
                    <Unicode>est in illis propter caecitatem cordis eorum.</Unicode>
                </TextEquiv>
            </TextLine>
            <TextLine id="r1l54" custom="readingOrder {index:47;}">
                <Coords points="710,2871 2169,2857 2102,2811 710,2808"/>
                <Baseline points="720,2849 795,2850 871,2852 947,2852 1022,2852 1098,2853 1174,2853 1250,2853 1325,2852 1401,2852 1477,2852 1553,2852 1628,2852 1704,2852 1780,2852 1856,2852 1931,2852 2007,2853 2083,2853 2159,2855"/>
                <TextEquiv>
                    <Unicode>Quarta caecitas est accidiua &amp; figuratur per caecitatem Thobiae, qui dor</Unicode>
                </TextEquiv>
            </TextLine>
            <TextLine id="r1l55" custom="readingOrder {index:48;}">
                <Coords points="596,2907 1437,2914 1437,2891 1307,2864 1201,2864 1177,2887 1152,2867 596,2872"/>
                <Baseline points="606,2903 647,2903 688,2903 729,2903 770,2903 811,2904 852,2904 893,2904 934,2904 975,2906 1017,2906 1058,2906 1099,2906 1140,2907 1181,2907 1222,2907 1263,2907 1304,2907 1345,2907 1386,2906 1428,2906"/>
                <TextEquiv>
                    <Unicode>miendo caecitatem incurrit, Thobiae 2</Unicode>
                </TextEquiv>
            </TextLine>
            <TextLine id="r1l56" custom="readingOrder {index:49;}">
                <Coords points="707,2984 2168,2966 2168,2926 2010,2916 707,2915"/>
                <Baseline points="717,2957 789,2958 861,2959 933,2960 1005,2960 1077,2960 1149,2960 1221,2960 1293,2960 1365,2960 1438,2958 1510,2958 1582,2958 1654,2958 1726,2958 1798,2958 1870,2958 1942,2958 2014,2958 2086,2960 2159,2961"/>
                <TextEquiv>
                    <Unicode>Quinta caecitas est cupiditas quae facit homines similes talpis fodienti</Unicode>
                </TextEquiv>
            </TextLine>
            <TextLine id="r1l57" custom="readingOrder {index:50;}">
                <Coords points="593,3014 2174,3021 2026,2973 593,2973"/>
                <Baseline points="603,3008 681,3009 759,3011 837,3012 915,3012 993,3014 1071,3014 1149,3014 1227,3014 1305,3014 1384,3014 1462,3014 1540,3014 1618,3014 1696,3014 1774,3014 1852,3014 1930,3015 2008,3015 2086,3016 2165,3017"/>
                <TextEquiv>
                    <Unicode>bus semper in terris, &amp; haec est caecitas quae facit hominem pauperem &amp; men</Unicode>
                </TextEquiv>
            </TextLine>
            <TextLine id="r1l58" custom="readingOrder {index:51;}">
                <Coords points="607,3075 2131,3094 2179,3041 607,3029"/>
                <Baseline points="618,3063 695,3065 773,3066 850,3068 928,3068 1005,3068 1083,3068 1160,3068 1238,3068 1315,3068 1393,3068 1470,3068 1548,3068 1625,3068 1703,3068 1780,3068 1858,3068 1935,3069 2013,3069 2090,3071 2168,3072"/>
                <TextEquiv>
                    <Unicode>dicum. Vnde figuratur per caecitatem mendici, qui sedebat secus uiam prope</Unicode>
                </TextEquiv>
            </TextLine>
            <TextLine id="r1l59" custom="readingOrder {index:52;}">
                <Coords points="598,3130 2173,3135 2108,3082 598,3075"/>
                <Baseline points="608,3120 685,3122 763,3123 841,3123 919,3123 996,3123 1074,3125 1152,3125 1230,3125 1307,3125 1385,3125 1463,3125 1541,3125 1618,3125 1696,3125 1774,3125 1852,3125 1929,3125 2007,3125 2085,3126 2163,3126"/>
                <TextEquiv>
                    <Unicode>lericho, &amp; mendicabat a turba praetereunte, Luc. 18. Seneca epistola 88. Non</Unicode>
                </TextEquiv>
            </TextLine>
            <TextEquiv>
                <Unicode>quia Domino peccauerunt. Vnde septem uitia capitalia septem inferunt caeci
tates mortales, quibus correspondent caecitates corporales, quae in Sacra scri
ptura nominantur. Primo enim excaecat superbia prae sui nimia claritate, Eccl. 
43. Sol suis radijs effulgens excaecat oculos. Sol est pompa gloriae mundialis 
&amp; figuratur per Pauli caecitatem, de quo dicitur Actuum 9. Quam circumful 
sit eum Iux de coelo &amp; cadens in terram nihil uidebat. De hac caecitate potest
exponi illud ad Rom. 11. Caecitas ex parte contigit in Israel. Israel interpreta
tur uidens DEVM, &amp; significat hominem donis naturae &amp; fortunae praeuentum, cu
iusmodi sunt homines ingeniosi speciosi, fortes &amp; diuites. Haec enim omnia
sunt superbiae materia. Vnde August. in quadam epistola. Vitia caetera in pec
catis: superbia uero etiam in rectis factis timenda est, ne illa quae laudabiliter
facta sunt, ipsius laudis cupiditate amittantur. Scripsit Senec. ad Lucillum epi
stola 89. Quod uxor sua quandam famulam habuit, quae subito facta caeca, ui 
dere desijt. Incredibilem rem tibi narro, sed ueram: nescit se esse caecam, sed 
semper rogauit paedagogum suum ut recedat de domo in qua est. Dicit enim
domum tenebrosam esse. Et subdit Seneca: Hoc enim quod in illa uidemus,
nobis accidit: nemo se auarum esse intelligit, nemo cupidum. Caeci ducem quae
runt, nos sine duce eramus, &amp; dicimus: Non ego ambitiosus sum, sed urbs
mea magnas exigit impensas: non est meum uitium quod iracundus sum: quia
nondum constitui certum genus uitae: adolescentia facit. Quid nos ipsos deci
pimus: Non est extrinsecum malum nostrum, intra nos est, in uisceribus sedet. 
Et ideo difficulter ad sanitatem peruenimus: quia nos aegrotare nescimus. Haec
ille. Haec fuit caecitas Episcopi Laodicij, cui dicitur Apocal. 3. Dicis quia diues
sum &amp; locuples, &amp; nullius egeo, &amp; non scis, quia tu es miser &amp; miserabilis, pau
per, caecus &amp; nudus.
Secunda caecitas est inuidia. Et haec figuratur per caecitatem Heli sa
cerdotis. De quo 1. Regum cap. 3. legimus, quod caligauerant oculi eius
&amp; uidere non poterat lucernam Domini antequam extinguebatur, forte sine
laesione oculorum suorum non poterat considerare lucernam ardentem. Sed
quando fuerat extincta de die, tunc potuit bene uidere. Isto modo est de inui
do. Nam Iucernam ardentem: hoc est, personam gratiose uiuentem, &amp; prospe
re coram DEO &amp; bonis hominibus merito approbandam uidere non potest,
quin laedatur corde per inuidiam. Narratur de quodam cupido &amp; inuido insi
mul iter agentibus, quod uox de coelo uenit ad eos dicens: Petat unus uestrum
quidquid uoluerit, &amp; habebit: sic tamen quod socius eius habebit duplum. Fit
controuersia quis eorum prius peteret. Tandem inuidus: Peto, inquit, ut erua
tur mihi alter oculus. De illis potest exponi illud Esa. 59. Palpamus sicut caeci
parietem, &amp; quasi absque oculis attractauimus, impegimus in meridie, quasi in
tenebris.
Tertia caecitas est iracundia, in Psalm. Turbatus est a furore oculus meus,
&amp;c. Et Cato: Impedit ira animum ne possit cernere verum.
Haec figuratur per caecitatem Lamech, qui habens arcum, uoluit sagittare, pu
tans occidere feram, occidit hominem, scilicet Cain, sicut narrat Magister in
historijs super 4 cap. Gen. Ita est de iudicibus excaecatis per iram contra perso
nam accusatam. Putant enim se occidere feram: id est, uindicare peccatum, &amp;
ira impediente occidunt personam. De talibus scribitur ad Ephes. 4. Ignorantia
est in illis propter caecitatem cordis eorum.
Quarta caecitas est accidiua &amp; figuratur per caecitatem Thobiae, qui dor
miendo caecitatem incurrit, Thobiae 2
Quinta caecitas est cupiditas quae facit homines similes talpis fodienti
bus semper in terris, &amp; haec est caecitas quae facit hominem pauperem &amp; men
dicum. Vnde figuratur per caecitatem mendici, qui sedebat secus uiam prope
lericho, &amp; mendicabat a turba praetereunte, Luc. 18. Seneca epistola 88. Non</Unicode>
            </TextEquiv>
        </TextRegion>
    </Page>
</PcGts>
