2371 3609
590 242 2163 310 peccasset. Et ideo homo habuit in sua potestate mori & non mori: posse mori
596 295 2162 351 & non posse mori, stante lege data: & ideo fuit mortalis per naturam, & im
595 365 2159 412 mortalis per gratiam. Ad quintum de actione calidi naturalis in humidum ra
596 404 2175 459 dicale dictum est, quod perfecta restauratio illius humidi fuisset facta per esum
596 457 2163 513 ligni uitae. Hoc tamen nota quod lignum uitae non habuit ex sua virtute na
596 513 2173 568 turali dare homini perpetuitatem uiuendi: quia cum esset res creata, uirtus sua
592 567 2174 622 finita fuit in duralitate. Et ideo non contulit fortitudinem humidi radicalis
598 633 2173 682 nisi ad certum tempus, quo lapso homo iterum comedisse debuit, si ita diu
599 689 2175 753 perstitisset non assumptus ad coelum integraliter. Sed contra arguitur per
597 727 2159 783 illud Genes. 3. Ne forte sumat de ligno uitae & uiuat in aeternum. Dicen
599 783 2178 836 dum quod licet in aeternum accipitur ibi pro eo, quod est diutius, quam debe
590 850 2169 904 ret secundum naturam corpori humano concessam: uel a principijs intrinsecis
608 894 915 962 procedentem.
680 944 2178 999 Inuidia aut.] De inuidia notandum quod inuidia est toxicum charitatis: nisi
597 1003 2172 1056 enim inuidia esset, quilibet de bono alterius gauderet, & de malo alterius dole
598 1055 2170 1120 ret: quia hoc est proprium charitatis. Vnde Aug. super lohan. Tolle inuidiam,
609 1107 2167 1164 & tuum est quod habeo, tolle inuidiam & meum est quod habes: glos. super
598 1162 2176 1219 illud Esa. 45. Ego Dominus formans lucem & creans tenebras. Quod est uita
596 1217 2173 1272 serpentis, mors est hominis sicut uenenum: & econtra humor aqueus: id est,
598 1271 2176 1333 saliua est uita hominis, & est mors serpentis. Isto modo quod est uita uirtuosi
600 1326 2176 1391 & boni hominis, est mors inuido, & quod in bono uiro mors uel damnum
601 1385 2173 1444 est, est inuido uita. Secundo est hostium iniquitatis, per hanc enim mors intra
613 1435 2173 1498 uit in mundum, sicut dicitur hic: Per hanc occisus est Abel a Cain: Iacob tri
601 1491 2169 1540 bulatus ab Esau: Ioseph uenditus a fratribus: Dauid persecutus a Saule: CHRI
614 1538 2172 1605 STVS traditus a Iudaeis, Matth. 27. Sciebat enim quod per inuidiam tradidise
603 1598 2183 1652 sent eum. Istud hostium fere nullus potest uitare. Seneca lib. suo de Moribus:
604 1650 2167 1716 Et si nullos inimicos tibi fecit iniuria, multos tamen fecit inuidia, Eccles. 4. In
608 1708 2165 1772 dustrias animaduerti patere inuidiae proximi. Tertio est uitium uel putredo
598 1763 2168 1814 sanitatis, Proverb. 14. Vita carnium sanitas cordis: putredo ossium inuidia.
595 1810 2173 1870 Hoc tamen est iustissimum uitium: quia est in sui autorem reciprocum. Vnde
596 1865 2170 1924 Hugo de sancto Victore: Iustius inuidia nihil: quia protinus ipsum autorem
607 1930 2161 1986 punit cor, cruciatque suum. Vnde Basilius: Sicut rubigo ferrum, sic inuidia ani
595 1986 2165 2031 mam, de qua nascitur, corrumpit. Et ideo maximam iniuriam faceret DEVS
598 2032 2171 2086 inuido, si poneret eum in coelo: quia ibi est summa felicitas in proximo: & per
602 2084 2166 2143 consequens summum nocumentum esset inuido: & ideo erit in inferno ubi
646 2137 2122 2189 nihil uidebit cui inuidere poterit, prima Petri secundo: Deponentes om
742 2195 2013 2258 nem maliciam, & omnem dolum & simulationem, & inuidias,
863 2246 1896 2296 & omnes detractiones: quasi modo geniti infan
986 2306 1759 2368 tes rationabiles, sine dolo lac concupi
1157 2352 1604 2406 scite scilicet charitatis.
