2371 3609
181 262 1744 317 terminos humanae uitae ponens. Vltimo ibi: Illi autem sunt in pace. Osten
196 313 1746 364 dit istorum insipientium deceptionem: nam ubi putabant iustos extermina
199 371 1753 419 ri, affligi & annihilari, iusti excipiuntur de hoc seculo nequam, & sunt in pa
199 428 1755 492 ce, Esa. 32. Sedebit populus meus in pulchritudine pacis, &c. & in requie
188 471 395 536 opulenta
251 520 1767 581 Dubitatio literalis. Vtrum animae defunctorum habeant distincta receptacula
182 594 1743 655 post hanc uitam sibi diuinitus deputata. Et uidetur quod non: quia tunc animae
177 641 1742 691 tales uel possunt ab illis receptaculis recedere, uel non: si sic. Ergo animae dana
189 696 1746 743 tae & animae existentes: in purgatorio possent minuere poenam: & animae existen
187 752 1740 800 tes in coelo possent minuere gaudium suum. Consequentia patet: quia loca poena
195 796 1742 852 lia augent poenam, & loca laeticiae augent gaudium: aliter frustra talia loca deputa
181 859 1744 912 rentur, & per consequens relinquendo loca sua diminuerent de suo gaudio, si essent
190 904 1738 963 beatae & minuerent suam poenam si essent non beatae. Si dicatur quod anime
197 961 1750 1016 defunctorum non possunt pro libitu suo loca illa dimittere. Contra hoc est
190 1020 1744 1074 quod probatAugustinus libro suo de Cura pro mortuis agenda inter medium
184 1073 1734 1139 & finem, quod aliqui ex mortuis mittatur ad uiuos, per hoc quod Matth. 17.
186 1120 1747 1181 Moyses in transfiguratione Domini apparuisse legitur cum Helia, & tamen
194 1181 1732 1237 constat Moysen antem fuisse defunctum. Item Hieron. redarguit Vigilantium
175 1238 1744 1285 super hoc, quod dixit animas nostras non posse adesse tumulis suis, quando
181 1289 1746 1343 uellent, per hoc quod sequuntur agnum quocunque ierit: sed agnus est ubique
185 1338 1738 1391 Item daemones toto orbe mira celeritate uagantur: Ergo inconueniens est di
177 1400 1727 1449 cere animas alicubi esse inclusas usque ad diem iudicij. Item Gregor. 4. dialo. nar
189 1460 1089 1504 rat de multis mortuis qui uiuis apparuerunt.
229 1499 1733 1555 Praeterea ad quaestionem, si sic, tunc sinus Abrahae foret unum de illis rece
178 1558 1730 1616 ptaculis. Consequentia patet: quia Ecclesia orat in officio sepulturae sinus A
182 1616 1725 1668 brahae eam suscipiat: sed falsitas consequentis patet: quia est in inferno, uel quia
170 1671 1725 1716 fuit limbus Patrum ubi nulla anima modo recipitur post CHRISTI passio
182 1722 1729 1783 nem. Praeterea si sic purgatorium foret unum receptaculum. Consequens fal
170 1772 1735 1829 sum: quia animae decedentes in charitate uadunt ad purgatorium si habeant
176 1842 1730 1898 culpam uenialem uel obligationem ad poenam. Sed purgatorium est unus lo
170 1883 1719 1934 cus inferni sub limbo Patrum, alias animae Patrum purgandae fuisse in loco su
167 1934 1264 2001 periori uiderentur, tam ante purgationem quam post.
229 1990 1726 2045 Ad oppositum est August. Ench. c. 3. Est tempus quod inter mortem hominis &
164 2047 1723 2104 resurrectionem ultimam animas abditis receptaculum tenet, prout unaquaeque di
171 2111 1723 2168 gna est uel requie uel aerumna. Item glo. super illud 1. ad Thess. 4. simul rapiemur.
170 2146 1727 2202 &c. Dicit quoe omnes animae quae de seculo exierunt, habent diuersas receptio
158 2213 1723 2275 nes. Ad quaestionem dicendum quod sic: quia sicut grauitas in corporibus requi
171 2261 1736 2313 rit diuersa loca, sicut patet 4 de coelo: ita meritum & demeritum diuersa requirit
167 2314 1720 2372 loca pro animabus. Vnde quod est corpori leuitas, hoc est animae meritum: & hoc
160 2379 1725 2437 quod est corpori grauitas, hoc est animae demeritum: & sicut grauia quando gene
159 2434 1726 2486 rantur, statim ad loca sua mouentur, nisi impediantur, sicut patet 8. Phi. & 4. de
161 2479 1722 2531 coelo: ita animae statim quando a corpore separantur ad loca mouentur: malae ad
161 2532 1722 2593 infernum: bonae ad coelum nisi inueniant aliquod impediens per culpam uenialem,
158 2574 1713 2642 & reatum poenae non solutum: habent igitur distincta receptacula. Est ergo notan
158 2650 1717 2707 dum quod de istis receptaculis animarum post earum separationem loqui possumus du
161 2693 1722 2763 pliciter: Primo modo de lege comuni: alio modo de dispensatione speciali. Pri
160 2748 1713 2802 mo loquendo sunt quatuor receptacula animarum, videlicet: Infernus damnato
161 2799 1716 2859 rum: Limbus puerorum pro originali: Purgatorium pro ueniali: & Coelum pro perfe
151 2855 1726 2923 cte bonis. Quintum receptaculum ante CHRISTI passionem fuit limbus Patrum, qui
145 2908 1724 2980 tunc dicebatur sinus Abrahae, hoc de lege comuni. De dispensatione speciali
144 2964 1716 3020 habent animae receptacula alia inter homines, in quibus purgantur ad informa
146 3025 1713 3086 tionem, & ad eorum celeriorem redemptionem, & ita diuersimode deputantur si
151 3070 1714 3133 cut ipsis uiuentibus expedit. Secundo notandum quod spacium infernale in qua
