2371 3609
619 252 2191 316 habet corpus gloriosum ex dote subtilitatis, sed ex operatione uirtutis diuinae.
674 313 2181 369 Descendendo ergo ad literam: Istae quatuor dotes in hac litera exprimuntur
631 363 2189 424 secundum istum ordinem: Primo enim notatur claritas cum dicitur fulgebunt.
613 417 2181 473 Secundo impassibilitas: quia iusti Sap. 1. quia iusticia perpetua est & immor
625 470 2191 537 talis: Tertio subtilitas: quia tanquam scintillae. Quarto agilitas cum dicitur dis
632 526 2198 584 current. Et quia completorium quod dicitur in fine dierum. Praemium nostrum
626 581 2190 641 finale figurat, ideo tunc quatuor partes dicimus tantum, ad illas quatuor dotes
628 636 2194 696 significandas: sed de appropriatione pertranseo ad praesens. Pro litera nota
624 695 2184 753 quod arundinetum est locus ubi crescunt arundines. Vnde sicut scintillae moven
632 755 2192 803 tur sine difficultate inter arundines & sine resistentia: Ita sancti sine resistentia
618 810 2200 866 corpora movebunt. Fulgebunt iusti: Nota quod uiri iusti merito se exponere debent
635 866 2187 911 pro CHRISTO actibus uirtuosis in praesenti, & si eis tribulationes occurrant,
622 912 2186 973 illas aequanimiter sustinere, & hoc habita consideratione ad praemium quod sequit
673 965 2190 1018 Armigeri qui seruiunt magnis dominis pro diuersis temporibus anni, conue
612 1025 2196 1082 nientes robas accipiunt: qunam pro hyeme: aliam pro aestate. Illa aut datur pro hyeme
621 1065 2189 1131 est de grosso panno, causa est: quia debet exponi modo pluuijs, modo uentis,
631 1141 2178 1184 modo niui, modo igni: sed roba quae datur pro aestate, ordinatur de subtili pan
619 1178 2197 1234 no & delicato: ex eo, quia seruiet homini pro tempore gratioso, uidelicet in aestate.
625 1232 2205 1289 lsto modo DEVS prouidet bonis uiris. Vita praesens est hyems. Vita futura est
625 1290 2191 1356 aestas. Corpus est animae roba, lob. 10. Pelle et carne uestiuisti me. Quia igitur in
626 1353 2192 1410 praesens est tempus tribulationis & angustiae & poenitentiae: igitur corpus pro nunc
628 1408 2192 1465 est sicut roba de grosso & rudi panno. Sed tempus futurum uitae aeternae est tempus
626 1461 2180 1518 aestatis, gloriae & honoris. Et ideo tunc habebit anima robam ualdegloriosam,
637 1501 2187 1572 quando corpus erit clarius sole, impassibile, agibile, & subtile. Et ideo sicut bo
625 1563 2189 1622 nus armiger sperans esse certus de roba aestiuali, lacerat, destruit & expendit
616 1610 2184 1665 robam hyemalem in seruitio domini sui, & non parcit pluuiae, nec niui, nec igni: Ita
625 1664 2185 1720 iustus in praesenti, corpori suo non parcit ab operibus poenitentiae, sed semper
619 1718 2189 1779 se exponit ad honorem domini sui, quantum potest, sciens. Quoniam fulgebunt
619 1773 2181 1827 iusti, &c. Refert scriptor quidam de naturis rerum quod Papa Alexander ha
622 1825 2188 1882 buit uestimentum quoddam de pilis Salamandrae, quod quidem uestimentum
627 1891 2191 1946 quando ablui debuit ad honestatem, non lauabatur in aqua: sed proijciebatur
626 1934 2179 1989 in ignem & non comburebatur, sed fulgentius reddebatur. Sic corpora San
626 1990 2190 2058 ctorum non in aquis carnalium delectationum lavari debent ut fulgeant, sed
620 2045 2182 2098 magis in igne tribulationis. Et ideo Ecclesiast. 2. dicitur: In igne probatur ar
619 2105 1800 2167 gentum & aurum: homines uero in camino humiliationis
667 2152 2192 2204 Secundo notandum quod iusti fulgere debent in praesenti triplici claritate.
633 2206 2183 2262 Videlicet famae, uitae, & doctrinae. Vt fama referatur ad extraneos: uita ad nos
616 2260 2182 2316 metipsos: doctrina ad subditos & propinquos. Et haec triplex elaritas est ma
625 2328 2183 2382 xime necessaria uiris Ecclesiasticis. Primo ut fulgeant bona fama: quandiu e
620 2372 2184 2424 nim candela ardet & fulget, delectabile negocium est & utile: sed quando ex
622 2438 2184 2478 tinguitur, relinquit locum circustantem tenebrosum & foetet: & sicut dicit Arist.
620 2488 2184 2545 7 de Animalibus: Ille foetor est ualde nociuus praegnanti mulieri, quod si sit
620 2537 2178 2600 uehemens, facit eam abortire & occidit foetum. Isto modo est de quolibet ui
617 2585 2179 2648 ro Ecclesiastico, qui quasi candela ardens & lucens in Ecclesia constituitur,
619 2642 2191 2702 quam diu est bonae famae delectabilis est & utilis, dando bonum exemplum
608 2698 2184 2749 alijs. Quando autem extinguitur uento tentationis, & committit aliquod noto
619 2747 2179 2800 riumpeccatum & publicum, statim relinquit circa se locum tenebrosum, & foe
617 2802 2181 2853 tetger infamiam. Iste foetor nocet personis in proposito existentibus sancte ui
615 2855 2183 2905 uendi. Sanctum enim propositum est conceptus uel foetus mentis, & certe fre
617 2910 2183 2966 quenter bonae personae sic concipiunt a Spiritu sancto, sed per foetorem scan
630 2965 2188 3018 dalosi peccati suffocatur conceptus iste. Et locus uicinus efficitur tenebrosus:
617 3031 2185 3075 quia status Ecclesiasticus per tales contemptibilis redditur, & derisibilis iudi
623 3079 2187 3146 catur, qui quando habet personas luminosas & fulgentes, a laicis notabiliter &
