2371 3609
676 285 2184 351 Dubitatio literalis. Vtrum sancti homines in iudicio generali participabunt
622 350 2174 403 aliquo modo actum iudicandi. Quod non uidetur, lohan. 5. Omne iudicium
620 397 2166 459 dedit Filio: Ergo nullus alius habebit iudicium. Secundo sic: In nullo iudicio po
620 459 2176 502 test esse accusator & iudex eadem persona: sed sancti uiri erunt accusatores ma
626 498 2178 570 lorum, Sap. 5. Stabunt iusti in magna constantia aduersus eos: Ergo, &c. Tertio
620 560 2178 622 sic: Hoc potissime intelligendum foret de pauperibus uoluntarie, de quibus
625 620 2172 675 dicitur lob. 36. Iudicium pauperibus tribuit: sed hoc est falsum propter tria:
630 673 2183 726 quia hoc solum Apostolis est permissum, Matth. 19. Sedebitis super sedes iu
636 712 2176 772 dicantes duodecini tribus Israel: sed non omnes pauperes uoluntarie sunt A
625 769 2185 836 postoli. Secundo, quia martyres & uirgines offerunt DEO de corpore suo sub
621 824 2181 877 stantiam corporalem. Ergo eis magis debetur potestas iudicandi quam pau
624 879 2185 940 peribus, qui offerunt substantiam secularem. Tertio, quia inferior non iudica
625 932 2170 987 bit superiorem: sed multi diuites erunt superiores in coelo quibusdam paupe
626 986 2176 1040 ribus: Ergo, &c. Ad oppositum est illud Matth. 19. Sedebitis super thronum
627 1046 2173 1093 iudicantes duodecim tribus Israel. Item Esa. 3. Dominus ad iudicium ueniet
619 1093 1108 1159 cum senioribus populi.
661 1157 2171 1215 Ad quaestionem dicendum quod actus iudicandi in iudicio generali diuer
614 1202 2180 1251 sis diuersimode attribuitur, scilicet quinque modis in Scriptura, uidelicet ordi
621 1259 2161 1312 nata maiestate, delegata potestate, assessoria dignitate, approbatiua conformi
632 1309 2175 1363 tate, & comparatiua diuersitate: Primo modo, uidelicet ordinata maiestate
617 1363 1902 1416 solus DEVS iudicabit, 1. Reg. 2. Dominus iudicabit fines terrae.
669 1416 2178 1472 Secundo, Delegata potestate iudicabit humanitas CHRISTI sicut tactum
617 1472 2175 1523 fuit in primo argumento, Ioh. 5. Omne iudicium dedit Filio: nullus enim ha
614 1524 1830 1592 bet potestatem delegati nisi CHRISTUS inquantum homo
683 1575 2169 1633 Tertio assessoria dignitate & sic iudicabunt uoluntarie pauperes, iuxta illud
608 1634 2181 1686 in tertio argumento tactum, lob. 36. Iudicium pauperibus tribuit, & hoc est
626 1687 2176 1740 conueniens propter duo. Primo, quia ad iudicandum se magis disposuerunt.
629 1738 2175 1795 Vnde erunt magis idonei. Paupertas enim voluntaria non est nisi eorum qui
608 1797 2161 1861 soli CHRISTO inhaeserunt, & propter eum omnia contempserunt secularia
608 1855 2164 1916 negocia: & ideo in eis nihil debet esse quod iudicium possit peruertere. Secum
621 1904 2172 1970 do quia iudicare magis meruerunt. Cuius causa est: quia humilitati correspon
615 1962 2179 2022 det exaltatio per modum meriti, secundum illud Matth. 13. Qui se humiliat
621 2019 2162 2077 exaltabitur: modo inter omnia quae hominem despectum faciunt, est pauper
612 2064 2168 2112 tas. Vnde illi qui apud homines magis apparent pauperes uidentur esse ma
614 2124 2160 2187 gis despecti: & ideo qui uolunt paupertatem suam ostendere, excogitant quan
617 2172 2177 2220 tum possunt uilitatem uestimentorum ut homines per hoc ad passionem pro
623 2234 2175 2274 uocent: quia igitur ueri pauperes faciunt se contemptibiles propter CHRI
607 2285 1751 2332 STVM, iuste merentur excellentiam assessoriae dignitatis.
672 2328 2164 2387 Quarto modo attribuitur actus iudicandi in iudicio quibusdam tantum
603 2390 2173 2441 approbatiua conformitate, & sic iudieabunt omnes electi: quia omnes tam
606 2444 2170 2489 angeli quam homines approbabunt sententiam iudicis: id est, CHRISTI. A
610 2495 2172 2551 poc. 19. in principio: Audiui vocem turbarum dicentium in eoelo: Alleluia, laus
615 2550 1930 2603 & uirtus & gloria DEO nostro: quia uera & iusta iudicia eius sunt.
677 2597 2167 2659 Quinto attribuitur actus iudicandi, quibusdam ex quadam comparatiua
607 2660 2161 2708 diuersitate, & iste modus iudicandi laudabilis non est: quia sic minus mali di
608 2715 2174 2780 cuntur iudicare magis malos secundum illud Luc. 11. Viri Niniuitae surgent
609 2765 2169 2821 cum generatione hac & condemnabunt eam. Ex istis patet ad quaestionem
605 2821 2165 2867 quod sancti participabunt actum iudicandi omnes generaliter: quarto mo
598 2873 2174 2928 do per approbationem quod est satis improprie & transumptiue dictum. Sic
604 2928 2166 2982 enim omnes existentes in loco iudicij & approbantes iudicium possunt dici
604 2976 2180 3036 iudicare. Et ideo dicunt doctores, quod specialiter pauperes participabunt
605 3037 2163 3085 actum iudicandi, sicut assessores propter rationes superius adductas & au
598 3089 2170 3144 toritates Scripturae quae ad hoc sonant. Vnde glos. super illud. Matth. 14.
