2371 3609
173 249 1749 307 Vos qui reliquistis omnia, &c. Qui reliquerunt omnia, & secuti sunt. Do
181 323 1742 379 minum, hi iudices erunt. Qui licita habentes recte usi sunt, hi iudicabunt,
181 366 1739 422 Grego. tamen 6. Moral. exponens illud Proverb. 16. Nobilis in portis uir eius
181 421 1738 478 quando sederit cum senatoribus: dicit quod CHRISTVS cum senatoribus
178 475 1744 543 terrae residet: quia iudicij sententiam cum eisdem Ecclesiae praedicatoribus dis
179 526 1737 585 cernit ubi doctoribus attribuit actum iudicandi: sed bene stant simul quod sint
179 584 1735 648 pauperes & praedicatores. Ad primum patet per dicta, quae autoritas intelligitur
181 637 1747 694 de potestate delegata. Ad secundum dicendum que in iudicio humano ubi iudex
182 692 1748 747 non habet quod procedat nisi ex probatis & allegatis, non debet esse idem iudex
179 746 1737 801 & accusator: sed in iudicio diuino ubi iudex non habet informari, sed omnino
172 801 1734 865 nouit causam idem potest esse accusator & iudex: similiter reus non negabit,
172 855 1743 908 sed confitebitur uelit nolit. Ad tertium quando arguitur quod si aliquibus
176 908 1744 962 sanctis competeret iudicare maxime competeret pauperibus, concedendum est
169 963 1725 1018 quod eis competit potestas assessoria, non ut iudici consulant, sed ut honoren
171 1020 1735 1071 tur & similiter conscientiae eorum erunt quasi libri, in quibus decreta iudicis
181 1075 827 1142 CHRISTI poterunt planem legi
227 1104 1728 1190 Ad primum in oppositum de 12. Apostolis respondit Aug. 2. de Ciui. DEI,
171 1179 1731 1234 cap. 6. quod per illum numerum duodenarium non numerus talis ad literam
171 1233 1754 1293 intelligitur, sed per numerum mysterium designatur. Alias cum Matthias loco
180 1290 1732 1343 ludae fuerit electus, Paulus sine throno relinqueretur, nisi duo sederent simul
172 1343 1722 1399 Et ideo per numerum duodenarium, qui est numerus perfectionis uniuersa pau
169 1401 1729 1466 perum multitudo perfectorum designatur, & similiter uniuersitas iudicando
173 1454 989 1506 rum cum dicitur duodecim tribus lirael.
221 1501 1728 1560 Ad secundum de Martyribus & uirginibus dicitur quod isti non sunt de
168 1570 1738 1627 corde ubi reponuntur decreta diuinae iusticiae sicut paupertas: nam paupertas
170 1613 1644 1681 directe contrariatur solicitudini diuitiarum, quae suffocat uerbum, Luc. 8.
223 1671 1727 1734 Ad tertium dicendum, quod conceditur perfectis pauperibus quod iudi
169 1717 1729 1781 cabunt se meliores non autoritate propria, sed autoritate superioris, cuius erunt as
159 1787 1728 1844 sessores sicut aliquando iudex delegatus est multo inferior quam ille quem iudicat.
399 2359 1728 2418 OSTQVAM Spiritus sanctus declarauit qualis erit electorum
415 2405 1733 2467 remuneratio. Primo quantum ad honestatem corporalem in illa
409 2458 1715 2523 litera: Fulgebunt iusti. Secundo quantum ad potestatem iudicialem.
411 2515 1721 2578 In illa: Iudicabunt Sancti. Hic tertio declarat qualis erit eorum re
405 2585 1722 2636 muneratio quantum ad felicitatem uel gloriam spiritualem in eo
157 2623 1728 2688 rum animabus. Vbi notandum quod tribus uirtutibus theologicis indige
157 2689 1715 2743 mus in praesenti ad hoc, quod in finem supernaturalem conuenienter ordine
159 2729 1728 2798 mur, uidelicet fide, spe, & charitate. De quibus loquitur Apost. 1. ad Corinth.
156 2780 1728 2855 13. Nunc autem manent fides, spes, & charitas haec tria. Sed quia fides est cum
148 2848 1718 2898 obscura cognitione, siue expectatione. Spes cum diuturna dilatione. Charitas
163 2888 1722 2960 cum tepida dilectione: ideo isti tres habitus in futura beatitudine permanere non
161 2961 1729 3027 possunt, in qua nihil est imperfectum, nihil diminutum: ideo manente charita
153 3001 1729 3068 te & perfectiorem actum habente, fides & spes euacuabuntur. Cum enim
147 3076 1731 3129 uenerit quod perfectum est, euacuabitur quod ex parte est, 1. ad Corinth.13.
