2371 3609
229 264 1796 333 de condigno uitam aeternam. Ad primum dicendum quod non sunt condignae
239 330 1797 395 passiones naturaliter, sed legaliter, ut dictum est. Ad secundum dicendum quod
236 381 1796 445 meremur faciendo quod debemus DEO, ipso sic statuente & ordinante, sed
224 437 1795 490 non absolute ex natura redditionis sicut argumentum procedit. Ad tertium
230 490 1794 543 quod DEVS constituitur debitor ex natura sui promissi, non ex natura nostri
240 541 1543 596 commissi, sicut dicit Magister lib. 1. dis. 43. cap. 4. Qui confidunt.
278 587 1784 649 Notandum quod spes & confidentia est tribus generibus hominum ma
224 656 1792 720 xime necessaria. Dimicantibus, Nauigantibus, & Aegrotantibus. Hae uero tres
232 713 1796 767 conditiones nobis conueniunt si uitam & statum nostrum pensemus. Sumus
228 761 1796 815 enim dimicantes & contra hostes continue praeliantes in Psalm. Multi bellan
232 818 1792 869 tes aduersum me, 1. Macha. 4. Non concupiscatis spolia: quia bellum contra
230 868 1794 916 nos est. Scutum nostrum est fides nostra, ad Ephes. 6. In omnibus sumentes scu
235 924 1795 978 tum fidei in quo possitis omnia tela nequissimi ignea extinguere. In historia
230 967 1794 1024 Britonum scribitur de Archturo rege, quod in interiori parte scuti sui ima
230 1035 1789 1100 ginem Virginis gloriosae depicta habuit, quam quotiens in bello fatigatus a
237 1076 1782 1151 spexit, spem recuperauit & uires. Isto modo nos si in bello uitae praesentis trium
235 1135 1787 1198 phare uelimus, infra scutum fidei nostrae imaginem uirginis cum filio depor
230 1198 1791 1240 temus: hanc respiciamus & in ea confidamus: quia ab ea uires & uirtutes re
230 1251 1788 1294 cipiemus. Ambrosius de Sancta uirginitate: Sit nobis tanquam in imagine de
235 1303 1795 1361 picta uita Mariae, ex qua uelut ex speculo refulget species castitatis & forma
231 1358 1791 1409 uirtutis. Hinc sumatis exempla uiuendi, ubi tanquam in exemplari magisteria
223 1417 1789 1476 expressa sunt probitatis quid corrigere, quid effugere, quid tenere debeatis o
227 1456 1783 1529 stendit. Narrat Marbodus de Natura lapidum, cap. 25. quod est una gemma,
229 1528 1778 1584 quae uocatur Ethites, habens in se naturaliter more praegnantis unam aliam
224 1577 1786 1633 gemmam. Istam gemmam natura suggerente aquila cognoscit, & eam in ni
227 1626 1773 1691 do suo cum habuerit pullos, collocat inter eos, & quamdiu in nido fuerit,
227 1683 1780 1746 pullis nihil diffortunei accidere potest. Gemma ista Mariam significat quae
226 1735 1777 1788 lapidem angularem in se opere Sancti spiritus concepit. Pater uero coelestis
224 1788 1780 1838 nos tanquam pullos in nido militantis Ecclesiae modo fovet, sed ne per ini
224 1838 1782 1895 micos nostros aliquod nocumentum extrinsecus nobis inferatur. Gemmam
225 1894 1781 1951 istam Mariam in medio nostrum posuit, qui si eam deuote inspexerimus &
224 1955 1774 2001 dilexerimus, ab hostibus nos defendet. Et ideo non in armis nostrarum uir
226 2001 1776 2077 tutum confidamus: sed in istius Virginis gratia, in qua est omnis spes uitae &
227 2061 1777 2112 uirtutis, Ecclesiast. 24. De qua exponi potest illud Eccles. 4. Eos qui diligunt
224 2118 1783 2176 eam, diliget DEVS: & qui audit illam, iudicat gentes: & qui intuetur illam,
223 2161 705 2233 permanebit confidens:
272 2221 1782 2290 Secundo indigemus confidentia spe & animositate: quia sumus nauigan
221 2279 1783 2326 tes in periculo mari huius mundi. Vnde nautae si nocte stellam maris uide
223 2331 1778 2384 rint, sciunt dirigere iter suum: sed quando est ita quod nec lunam nec stellas
221 2382 1773 2435 uidere possunt, de salute desperant, Actuum 27. Neque sole neque sideri
214 2434 1780 2495 bus apparentibus per plures dies ablata erat spes salutis. Moraliter si uitam
224 2490 1774 2547 nostram dirigere uelimus ad portum salutis aeternae: stellam maris: id est, Ma
217 2554 1786 2611 riam attendamus continue oculis spei nostrae: Vnde Bernhardus, super
217 2611 1773 2653 missus est Homel. 2. prope finem: Maria est praeclara & eximia maris stel
214 2647 1772 2711 la, super hoc mare magnum & spaciosum necessario subleuata micans me
216 2705 1770 2771 ritis illustrans exemplis. O quisquis te intelligis in huius seculi profluuso,
221 2764 1775 2818 magis inter procellas & tempestates fluctuare, quam per terram ambula
206 2818 1776 2884 re, ne auertas oculos a fulgore huius sideris, si non uis obrui procellis: si
223 2869 1773 2925 insurgunt uenti tentationum: si incurris scopulos tribulationum, respice stel
217 2925 1773 2980 lam, inuoca CHRISTVM: si iactaris superbiae undis, si ambitionis, si de
214 2982 1772 3034 tractionis, si aemulationis, respice stellam, inuoca CHRISTVM. Si ira
215 3039 1776 3098 cundia, aut auaritia, aut carnis illecebra nauiculam concusserit mentis,
207 3089 1769 3147 respice stellam, respice ad CHRISTVM. Porrigamus ergo ei preces nostras
