2371 3609
599 221 2168 288 cum paruis uiminibus: solutis ergo paruis soluuntur magni, & solutis magnis
599 281 2162 339 totum decidit. Sic moraliter est qui spernit modica paulatim decidit, Eccl. 19.
605 332 2156 396 in principio: & sic non solum non curauerunt isti impij scire quae DEI sunt, sed
601 389 2152 461 abiecerunt scientiam DEI. V nde subdit: Sapientiam enim & disciplinam qui abis
608 458 2170 500 cit, infelix est: id est, fidem de supernaturalibus, hominibus reuelatis diuinitus
602 518 2149 565 ad Rom. 11. O altitudo diuitiarum sapientiae & scientiae DEI quam incom
600 566 2151 623 prehensibilia, &c. Vel disciplinas: id est, diuinas correptiones & monitiones,
600 608 2163 668 quas per prophetas suos modo ostendit, Proverbiorum decimoquinto: Qui
602 659 2161 715 abijcit disciplinam, despicit animam suam, & per consequens est infelix. Iuxta
596 719 928 770 illud metricum:
754 767 1438 837 Tres infelices in mundo dicimus esse.
758 828 1474 898 Infelix qui pauca sapit spernitque doceri.
760 878 1498 955 infelix qui multa sapit spernitque docere.
658 937 2159 994 Neglexerunt iustum] Nota quod clericus peccator similis est Argo. Argus
607 987 2145 1053 fuit, sicut refert Ouidius Metam. 1. circa finem, quidam pastor qui habuit cen
602 1051 2157 1098 tum oculos, & tamen non habuit nisi unam uaccam nuper transformatam de
607 1106 2149 1158 uirgine ad custodiendam. Mercurius uero finxit se custodem & pastorem ca
597 1163 2148 1208 prarum & accessit ad locum ubi Argus iste uaccam pascebat: Mercurius fistu
598 1195 2153 1253 labat ita iocunde & ita gratiose, quod Argus eum rogauit quod placeret sibi
606 1253 2143 1309 morari cum capris suis in pascuis illis secum. TAlius annuit quia idcirco ue
599 1307 2148 1373 nit: sederunt ergo simul. Mercurius de novo incepit fistulare ita gratiose quod
605 1374 2146 1426 aliqui oculi ipsius Argi inceperunt dormitare, alijs adhuc ad uaccam respi
602 1425 2145 1482 cientibus. Tandem ita inaestimabiliter bene fistulauit, quod omnes centum
601 1469 2142 1524 oculi dormitauerunt, & statim surrexit Mercurius & caput cum oculis am
599 1517 2146 1589 putauit, & sic uaccam secum duxit. Moraliter clericus literatus est quasi Ar
595 1573 2140 1637 gus centum habens oculos, uidelicet considerationes multas: id est, caute
595 1627 2154 1683 las, & non habet nisi unam uaccam custodire: id est, unam bestialem conscien
598 1682 2147 1736 tiam. Ista fuit uirgo dummodo retinuit innocentiae puritatem. Haec transfor
590 1736 2145 1790 mata est in uaccam bestialem concupiscentiam & uoluptatem. Esa. 7. Nu
594 1783 2140 1844 triet homo uaccam, Ozeae 4. Sicut uacca lasciuiens declarauit Israel. Mercu
589 1843 2148 1899 rius: id est, medius currens Diabolus est, qui circuit quaerens quem deforet, 1
596 1899 2144 1961 Pet. 5. Iste fistulauit ita dulciter per strepitum lasciuiae mundialis per adulationes
596 1952 2139 2007 amicorum, quod iste Argus obdormit per negligentiam usque ad mortem. Et tunc
592 2006 2143 2056 aufert sibi caput: quia separat ab eo CHRISTVM, qui est caput Ecclesiae, & mi
599 2059 2142 2114 seram uaccam ducit in gehennam. Et ideo eis dicitur: Nolite negligere, nolite
593 2118 1883 2167 cessare a custodia, & concussione conscientiae propriae, Iudic. 18.
641 2165 2142 2222 In hominibus mundo deditis quadruplex his diebus negligentia inuenitur.
587 2219 2136 2271 Sunt enim negligentes in addiscendo morum sanctitatem: In discutiendo pro
593 2284 2136 2342 priam peruersitatem: In reuerendo DEI maiestatem: Et in sufferendo proximi
596 2331 2139 2385 necessitatem. Primo sunt negligentes in addiscendo morum sanctitatem. Bene
578 2384 2133 2434 inueniuntur quidam assidui ad discendum artium subtilia propter curiositatem. Iu
578 2445 2139 2494 ra ciuilia propter utilitatem: artem bellandi propter strenuitatem: artem negocian
578 2499 2135 2558 di contra paupertatem: & sic de singulis, quae ad uitae praesentis promotionem &
577 2546 2130 2609 administrationem spectant: sed ad discendum artem bene uiuendi, DEO seruiendi,
584 2605 2140 2653 artem peccata uitandi, omnes quasi se exhibent negligentes. Vnde mundus inuitat
578 2660 2137 2718 ad errores & ineptias & omnes obediunt. DEVS uocat ad honores, & nuptias,
583 2706 2128 2771 & omnes negligunt, Matth. 22. Illi neglexerunt & abierunt: alius ad uillam suam,
573 2762 2132 2829 alius ad negociationem suam, & tamen haec summa philosophia est: scire bene ui
578 2817 2131 2863 uere, cui cotinue & semper insistendum est, & uacandum ab alijs ut huic inseruia
572 2871 2129 2923 tur. Non sicut multi qui citius omnia uolunt facere quam ordinem bene uiuendi
572 2924 2133 2975 addiscere. Contra quos Seneca epist. 109. subtrahe secundum comunes libros
573 2978 2128 3040 x2TVI. Non cum uacaueris philosophandum est, sed omnia alia negligenda sunt,
581 3031 2126 3083 ut huic assideamus, cum nullum tempus satis magnum est, etiamsi a pueritia
