2371 3609
176 265 1752 317 deceptionis & damnationis tangit cum dicit: Et vacua est spes illorum. Esa. 29. Po
178 312 1749 387 suimus mendacium spem nostram & mendacio protecti sumus. Et nota quod
178 374 1748 426 contrarie Spiritus sanctus inducit spem iustorum & spem impiorum, De illis
186 425 1768 473 dixit supra isto capitulo: spes illorum immortalitate plena est. De istis autem
183 486 1755 540 quod uacua est spes illorum, 2. ad Corint. 6. Hortamur uos ne inuacuum gra
183 537 601 598 tiam DEI recipiatis.
268 562 1751 636 Secunda poena istorum in praesenti est quod fatigantur in uanis occupa
185 642 1753 694 tionibus: Vanum est quod non assequitur finem, ad quem ordinatur, 2. Phil
185 699 1750 749 cap. 10. Omnis labor humanus ordinatur ad aliquem fructum percipiendum:
190 755 1751 821 quia igitur homines supra tacti laborant pro uoluptatibus in bellis, in pace, in
187 808 1740 859 terra, & mari: nocte dieque nullum fructum bonum inde percipient. Merito
190 854 1745 924 dicitur quod labores eorum sunt sine fructu: oppositum dicit intra de iustis,
188 916 1735 981 quod bonorum laborum gloriosus est fructus: Ipsimet etiam recognoscunt in die
172 967 1743 1034 iudicij secundum illud quod scribitur infra ca. 5. Lassati sumus in uia iniquitatis
188 1017 1746 1069 & perditionis, & ambulauimus uiam difficilem. Viam autem domini igno
176 1078 1728 1128 rauimus. Fructus immaturisi comedantur, generant uermes in uentre: dele
173 1135 1738 1196 ctationes autem uitae praesenti sunt fructus immaturi, infra, cap. 4. Fructus eo
180 1186 1746 1246 rum inutiles & acerbi ad manducandum, quem ergo fructum habuistis in illis,
177 1238 1735 1300 in quibus nunc erubescitis, ad Rom. 8. & Boëtius de uoluptatibus 3. de Conso
168 1294 1746 1351 prosa 7. Quantos ille scilicet uoluptates morbos quam intolerabiles dolores
183 1350 1602 1408 quasi quendam fructum nequitiae fruentium solent afferre corporibus.
280 1396 1743 1450 Tertia iustorum poena in praesenti est quod uilificantur in abominationi
175 1442 1741 1521 bus. Magna miseria est homini quando opera sua sunt ita uilia, ita monstruosa,
177 1508 1739 1564 ita repugnantia rationi, quod homo non potest ea manifeste defendere nec
177 1559 1743 1617 excusare. Et certe quicumque solam uoluptatem prosequuntur, talia opera faciunt
176 1619 1743 1675 quae comuni rationi repugnant & abominabilia DEO siunt & angelis: nec hu
169 1671 1743 1721 manae cohabitationi congruunt, sed repugnant. Et hoc est quod dicit: Et inhabi
163 1725 1732 1775 tabilia opera eorum: id est, conuentui & habitationi naturali repugnant & pro
166 1788 1748 1848 pagationi concessae naturae. Imo DEVS ipse, qui omnes inhabitare dignatur
169 1834 1748 1895 per opera talia ab inhabitatione ciuitatis humanae expellitur, de qua Hier. 50.
166 1882 1735 1942 Non habitabit ibi uir nec incolet eam filius hominis. Sed uerbum caro factum
170 1938 853 1994 est & habitabit in nobis, lohan. 1.
268 1984 1735 2055 Quarta poena est, quod effoeminantur in delectationibus. Homines enim
172 2050 1728 2104 uoluptuosi & priuant mulieres sensu & a mulieribus sensu priuantur. Canis
165 2108 1741 2157 amens ubicunque momorderit hominem, eum facit amentem. Et eodem modo
165 2159 1738 2210 mulier fatua facit uirum rabidum: & adolescens fatuus mulierem facit insensa
165 2218 1729 2276 tam, & quando mulieres sunt insensatae, tunc uiri sunt effoeminati, imo inani
162 2273 1734 2334 mati, Proverb. 6. Mulier autem preciosam animam uiri rapit. Qui autem est si
167 2322 1735 2375 ne anima, insensatus efficitur. Et hoc isti bene fatentur infra cap. 5. Nos autem
168 2376 1740 2431 insensati uitam illorum aestimabamus insaniam: quia Eccl. 19. Mulieres aposto
167 2432 1737 2502 tare faciunt sapientes, & arguunt sensatos. Et hanc poenam tangit cum dicit:
166 2487 1730 2536 Mulieres eorum insensatae. Ad literam mulieres in operatione libidinis plus de
160 2538 1728 2591 lectantur quam uiri. Vnde Tiresias dixit foeminas habere decem uncias luxu
158 2591 1740 2660 riae. Viros autem nisi quatuor. Fuerat enim iste Tiresias utriusque sexus secundum
143 2652 1745 2708 fabulas successiue: ideo factus est iudex in hac causa: & ideo consequens est,
163 2705 1726 2762 quod in hac secta quae uoluptatem habet pro fine, si uiri sint fatui, erunt mulie
160 2769 1742 2823 res insenisatae. Et ideo signanter dicitur Eccles. 25. Beatus qui habitat cum mu
164 2810 435 2863 liere sensata
278 2850 1735 2924 Quinta miseria istorum infidelium est, quod damnificantur in propaga
164 2923 1728 2982 tionibus. Vnde subdit: Nequissimi filij eorum. DEVS enim in homine potentiam
152 2984 1740 3035 generandi & certum modum instituit, & est talis ut fiat etiam infra limites com
158 3028 1734 3098 iugij prolis propagatio ad laudem. Illi autem homines qui prolem gignunt, &
158 3091 1734 3147 eam peruersis informationibus, & exemplis corrumpunt bonum naturale
