2371 3609
581 227 2149 287 habebit aureolam. Contra est integra carne, & postea poenituit. Ergo recupe
584 286 2157 342 rauit uirginitatem. Ergo habebit aureolam. Item habeat aliquis uoluntatem
589 335 1701 396 nubendi, & sic decedat: quaeritur an habebit aureolam:
667 394 2150 451 Ad oppositum sunt communiter doctores. Ad quaestionem dicendum
592 444 1487 515 quod sic: Ad cuius euidentiam nota quinque
674 501 2161 554 Primum quod praemium duplex dabitur beatis, uidelicet essentiale & ac
583 549 2154 613 cidentale. Praemium essentiale cbnsistit in fruitione essentiae diuinae, clarae, uisae
586 600 2167 664 Praemium accidentale uocatur quodcunque gaudium, quod non est de DEO cla
586 657 2164 719 re uiso, sed de creatura. Secundo nota quod praemium accidentale dicitur du
591 720 2162 788 pliciter. Primo dicitur gaudium specialiter de aliquo actu animae importante
589 767 2176 826 excellentem uictoriam habitam meritorie in praesenti. Alio modo dicitur com
591 820 2161 883 muniter gaudium, de quacunque re creata. Tertio nota quod actus excellentis
600 888 2169 940 uictoriae in praesenti potest esse in materia triplici, secundum quod triplicem
591 927 2176 1012 pugnam habemus, uidelicet contra carnem, contra mundum, & contra Dia
592 983 2177 1044 bolum. Contra carnem excellentissima uictoria est uirginitas, quae est uirtus.
596 1033 2163 1099 Nam uirtuose respuit omnes uenereas delectationes tam licitas quam illicitas.
596 1091 2171 1151 sicut in praecedenti lectione dictum est. Contra mundum: id est, contra malos
595 1145 2172 1205 homines mundanos, qui bonos persequuntur & contemnunt, perfectissima
594 1216 2185 1266 uictoria est martyrum propter CHRISTVM. Contra Diabolum qui falsa nos
595 1252 2180 1314 suggestione conatur seducere, perfectissima uictoria est praedicatio siue doctri
595 1310 2192 1370 na, qua homo semetipsum non solum bene regit, sed & alios corrigit & instruit.
603 1360 2185 1421 Et istis tribus generibus hominum, uirginibus, martyribus, & doctoribus tres aureo
597 1416 2176 1475 lae deputantur, propter tres actus excellentes, & priuilegia uictoriae. Quarto notan
604 1471 2185 1528 dum, quod beatitudo essentialis uocatur * translatiue corona laurea. Beatitudo ue
608 1542 2185 1587 ro uel gaudium accidentale, debitum operi excellentis uictoriae uocatur aureo
610 1583 2187 1637 la. Et hoc pro tanto: quia omne gaudium essentiale est de DEO. Sed gaudium ac
604 1652 2185 1702 cidentale in beatis est de creatura & minus quam essentiale gaudium: & ideo
607 1693 2188 1760 per terminum diminutiuum oportuit denotari. Quinto notandum, quod cum
611 1747 2188 1800 omne gaudium sit actus animae, sicut aureola est in anima: ita etiam aureola
608 1801 2183 1855 Redundabit tamen in corpus per aliquod signum euidens, illi correspondens
605 1854 1374 1912 quod quale erit, non est mihi notum,
683 1909 2188 1963 Ad primum in oppositum de uirgine gloriosa tenet S. Thomas, quod aureolam
601 1963 2180 2017 habuit, & tamen nullam pugnam a carne, sed ab hoste habuit tentationes de carne.
611 2018 2184 2072 De CHRISTO uero dicit quod non habuit aureolam sub nomine aureolae: quia
608 2075 2183 2125 aureola importat uictoriam participatam ab aliquo quod CHRISTO non conue
611 2125 2184 2181 nit, in quo est plenitudo uictoriae. Et similiter importat, quod aureola a princi
615 2181 2175 2248 pe conferatur: potest tamen aliter dici, quod iste terminus uictoria dicit domi
609 2247 2189 2290 nium rationis super carnem, & connotat resistentiam quae non fuit in CHRI
608 2289 2181 2344 STO, nec in matre: sed quia fuit plenum dominium rationis, ideo habent au
609 2343 1538 2399 reolam ex alia causa debitam eis quam nobis.
685 2408 2194 2454 Ad secundum dicendum, quod si attendamus istam unam actionem tentationis
608 2457 2191 2508 carnis, quae est recordatio ex parte uoluptatis, constat quod haec est in uiduis &
608 2509 2184 2565 non in uirginibus Est tamen in eis imaginatio quaedam ex parte lasciuiae cum istis
611 2561 2182 2619 tribus circustantijs, quae sunt desiderium experiendi ex curiositate. Sicut homo
614 2617 2185 2673 magis desiderat uidere modicum negotium quod nunquam uidit quam unum
615 2671 2183 2728 magnum monasterium. Secundo est aestimatio maioris delectationis quam sit in
611 2730 2189 2781 rei ueritate.T Tertio ignorantia incommodorum & turpitudinis comitantis:
609 2781 2194 2835 & ideo simpliciter loquendo, pugna uirginum est difficilior quam uiduarum.
699 2830 2183 2885 Ad tertium dicendum, quod non ideo datur uirgini aureola: quia est ma
607 2894 2187 2956 ioris meriti, sed quia est distinctiua singularis uictoriae uel dominij super carnem
618 2936 2189 3000 Vnde beata Catharina habet aureolam uirginitatis, Magdalena non: & tamen est
621 3004 2194 3046 maioris meriti: cum castitas coniugalis & castitas pro tempore gratiae non aequi
617 3052 2194 3113 parantur, sed castitas coniugalis antiquorum potest aequiparari castitati novae
