2371 3609
598 239 2185 302 correspondet: & ideo bonorum laborum gloriosus est fructus. Secundum exem
608 317 2175 368 plum est in naturalibus. Et est tale: In omni arbore & planta & herba, bonitas
608 357 2185 412 fructus surgit multum ex bonitate radicis: & eodem modo est in moralibus:
616 418 2177 468 quia radix in moralibus est charitas. Iuxta illud ad Eph. 3. In charitate radicati
623 466 2173 520 & fundati: quanto autem ista est maior, tanto meritum est maioris acceptionis
614 531 2181 586 apud DEVM: sed uirginitas ex maiori charitate procedit. Ergo sibi correspom
611 585 2178 642 det melior fructus. Et hoc est quod dicit: Et quae non concitat radix sapientiae: hoc
613 629 2190 686 est, boni labores qui sunt in uictoria passionum carnalium, ideo habent bonos
613 682 2182 738 & gloriosos fructus: quia procedunt a radice sapientiae, quae est charitas siue ti
614 739 2185 792 mor filialis, Eccl. 2. Radix sapientiae est timere DEVM. Et ista radix nunquam
612 804 2185 861 concitat: quia sequitur ibidem: Rami eis longaeui, & ideo gloriosus est fructus.
661 849 2191 913 De quadruplici bono fructu legimus. Est enim fructus uirginalis foecun
632 898 2185 955 ditatis, fructus moralis sanctitatis, fructus doctrinalis fertilitatis, fructus aeter
614 955 2199 1010 nalis felicitatis. Primus igitur fructus est uirginalis foecunditatis: fructus, scili
626 1008 2185 1063 cet uirginis benedictae de qua & de quo Lucae 1. dicitur: Benedicta tu in mu
619 1064 2184 1117 lieribus, & benedictus fructus uentris tui. Benedicta tu, inquit, inter mulieres.
619 1115 2184 1172 Tu es apis mellificans, uitis laetificans, tellus sanctificans, & ficus fortificans.
618 1175 2201 1226 Apis dulcoris, uitis odoris, tellus honoris, & ficus uigoris: Primo (inquam) tu
613 1230 2178 1291 es apis dulcoris mellificans, Eccl. 11. Breuis in uolatibus apis, & initium dul
620 1290 2185 1335 coris habet fructus illius. Apis breuis est, Maria humilis. Tu es uitis odoris fru
611 1332 2198 1384 ctificans. In cuius persona dicitur Eccles. 24. Ego quasi uitis fructificaui suaui
617 1392 2182 1442 tatem odoris. Tu es tellus sanctificans, de qua Psalm. praecinit. Dominus da
616 1442 2187 1495 bit benignitatem, & terra nostra dabit fructum suum. Tu es ficus uigoris for
619 1498 2182 1550 tificans. Iohel. 2. Lignum attulit fructum uinea, & ficus dederunt uirtutem su
613 1553 2184 1606 am. Narrat Plinius lib. 12. cap. 6. quod in India crescit ficus mirabili modo fru
613 1608 2176 1672 ctificans, & in fructibus ita onusta, quod prae pondere rami deprimuntur ad
608 1659 2175 1716 terram, & rursus de terra recrescunt: folia habet ita lata quod extenduntur in
609 1712 2176 1766 modum peltae. Vnde sub his folijs latitant homines & iumenta sub umbra so
613 1768 2170 1819 cundissima: habet poma ita dulcia, quod prae dulcedine pro miraculo a co
614 1829 2167 1893 medentibus reputantur, uel deportantur. Moraliter. Ista ficus parabola uirgi
617 1872 2180 1933 nis benedictae, Matth. 24. Ab arbore fici discite parabolam: haec enim habet
615 1933 2176 1986 ramorum longitudinem, foliorum amplitudinem & pomorum dulcedinem.
611 1984 2170 2051 Rami in homine sunt potentiae animae: memoria, intelligentia, & voluntas,
614 2043 2166 2094 cum potentijs sensitiuis. Isti rami erant pleni fructibus in Maria. Memoria, de
614 2098 2170 2145 uotione, intelligentia, contemplatione: uoluntas dilectione, sensus compas
610 2142 2179 2214 sione: In tantum fuerunt onusti rami isti uirtutibus gratijs & meritis. Quod
606 2206 2179 2259 usque ad terram se inelinauerunt per humilitatem quando dicit: Ecce ancilla
605 2254 2172 2329 Domini, Luc. ca. 1. Secundo ista ficus habet foliorum amplitudinem tantum,
608 2314 2179 2373 quod ad modum peltae protegere potest hominem etiam unum folium. Certe
609 2372 2176 2421 moraliter, uirgo ista tantam habet uerborum potentiam & gratiam in curia
603 2418 2176 2475 summi regis, quod tam hominem uiuentem rationabiliter quam iumentum:
601 2462 2182 2528 id est, hominem uiuentem bestialiter protegit & defendit, si ad eius patrocinium
595 2525 2182 2583 uelit habere refugium, Micheae 4. Sedebit uir subtus ficum suam. Tertio habet
598 2585 2169 2637 ficus ista in pomo suo tantam dulcedinem, quod eius suauitas a comedenti
594 2634 2171 2685 bus pro miraculo reputatur. Nam filio suo in aeterna coena fruentibus ineffa
602 2687 2175 2741 bilem confert dulcedinem: ut dicatunaquaeque persona illud Cant. 2. Sub um
595 2741 2168 2795 bra illius quem si desideraui, sedi & fructus eius dulcis gutturi meo. Ergo be
596 2795 2175 2853 nedicta tu inter mulieres & benedictus fructus uentris tui. Nam fructus tuus
602 2853 2162 2920 est fructus lucis, fructus crucis, fructus ducis, & fructus nucis. Fructus lucis per
604 2907 2175 2966 puritatem, Proverbior. 3. Primi & purissimi fructus eius: & ad Ephes. 5. Fru
609 2961 2176 3008 ctus lucis est in omni bonitate & iusticia & veritate: Fructus crucis per pas
598 3008 2175 3062 sibilitatem, Proverb. 11. Fructus iusti lignum uitae. Fructus ducis pro
587 3078 2168 3125 pter nobilitatem, sicut dicimus, quod aliquis fructus est regalis, Eccles. 24.
