2371 3609
152 238 1722 303 Elores mei fructus honoris & honestatis. Fructus nucis propter communita
157 311 1724 358 tem. Est enim maximum forum de paruis nucibus, & a paruis pueris ualde di
167 355 1724 432 liguntur, & sunt eis preciosae: & certe isto modo CHRISTVS est facilimi precij,
157 421 1722 492 & apud humiles ualde preciosus, Cantic. 6. Descendi in hortum nucum, secun
163 479 1726 538 dum unam literam, & Cantic. 8. Vir affert pro fructu eius mille argenteos. Er
172 522 1717 576 go charissimi si uelitis gustare istum fructum, discatis amare istam ficum: quia
168 568 1715 628 Proverbiorum 27. Qui seruat ficum, comedet fructus eius. Iste est ergo pri
165 624 441 680 mus fructus.
237 680 1724 737 Secundus bonus fructus de quo legimus in Scriptura sacra, est fructus
167 745 1726 802 moralis sanctitatis, qui consistit in operibus iusticiae, poenitentiae & cultus DEI,
162 788 1734 845 Matth. 7. Omnis arbor quae non facit fructum bonum, excidetur & in ignem
171 849 1728 895 mittetur. Et Luc. 3. Facite fructus dignos poenitentiae. Est autem de merito ho
175 910 1729 968 minis & de operibus poenitentiae & eleemosynae: sicut de fructu palmae. Dici
171 961 1724 1008 tur enim depalma quod eius fructus non estutilis, donec fuerit centenarius.
181 1011 1720 1058 Vnde narratur quod milites Alexandri comedentes dactilos palmarum iu
175 1063 1726 1116 uenum, mortui sunt inuenti. Moraliter. Iustus comparatur palmae in Psalm.
171 1114 1716 1165 lustus ut palma florebit. Opera ergo iusti non apparent dulcia usque post cen
171 1172 1722 1225 tum annos: id est, post finem uitae praesentis, Ecclesiast. 18. Numerus dierum
171 1223 1718 1274 hominis ut multum centum anni, & ideo oportet interim patienter expecta
168 1283 1704 1328 re, Iacob. 5. Patientes estote fratres usque ad aduentum Domini: ecce agrico
170 1330 1717 1386 la expectat preciosum fructum terrae, patienter ferens donec accipiat tempo
163 1387 1720 1440 raneum & serotinum. Sed dolendum est de multis: sicut de illa ficulnea, de qua
167 1441 1722 1492 narratur Matth. 21. quod CHRISTVS reuertens in Hierusalem esurijt, & uidens
171 1491 1720 1555 ficum iuxta uiam, diuertit ad eam: & cum non inuenisset in ea nisi folia tantum,
170 1547 1717 1598 maledixit ficui & ait: Nunquam ex te nascatur fructus in sempiternum, & sta
164 1601 1717 1654 tim aruit. Ista ficus designat diuites auaros, quos cum DEVS ditauit ut fructi
170 1651 1723 1708 ficarent per eleemosynas, CHRISTVS esurit, quotiescunque pauper esurit, sicut
172 1707 1712 1777 ipse exponit Matth. 25. Esuriui & non dedistis, &c. Venit ad ficulneam: quan
170 1774 1713 1828 do pauper uenit ad diuitem nihil inuenit ibi nisi folia: quia nihil ibi pauper re
165 1816 1722 1876 cipit nisi amara uerba: indubitanter tali ficui DEVS in die iudicij maledicet,
170 1881 1719 1935 quando ei cum alijs dicet: Ite maledicti in ignem aeternum, qui praeparatus
166 1939 1712 1985 est Diabolis, &c. Et ideo signanter dicitur Ecclesiast. 5. Qui amat diuitias, non
161 1984 1729 2044 recipiet fructum ex eis, non dicit: Qui habet uel qui dispensat, sed qui amat ad
170 2033 1726 2093 seruandum. Nam deillo, adueniente morte dicet Diabolus illud Daniel. 4.:
163 2085 1713 2140 Succidite arborem uos contrarij humores, & dispergite fructus eius, uos e
163 2143 1716 2194 xecutores. Nam humores repugnantes in corpore faciunt carnis corruptio
161 2209 1714 2256 nem: & executores ordinantes de funere, facient operum dispersionem & se
158 2259 1709 2319 gregationem. Et tunc primo experientur, quod qui amat diuitias, fructum
154 2314 1713 2374 non capiet ex eis. Dicit Aristot. 2. de Vegetabilibus: Quod arbores quaedam
153 2351 1715 2425 plantatae in distemperatis locis faciunt primo fructus acidos, postea dulces, &
163 2421 1706 2470 tandem amaros: & fructus talis piramidatur in utraqe extremitate, & in medio
165 2465 1716 2519 habebant figuram latam. Moraliter: homo pauper datus omnino mundo &
154 2513 1713 2573 totam intentionem suam extendens ad hoc, quod temporaliter fiat diues, facit
160 2568 1717 2629 fructum in principio ualde acidum & acutum, ieiunat, uigilat, parce uiuit, la
151 2620 1704 2682 borat & seruit, nihil dulcedinis est pro tunc in operibus suis: sed postea cum fue
153 2667 1716 2739 rit diues factus, ad tempus ludit, expendit, iocundatur solenniter, & tunc est
158 2731 1703 2790 fructus suus dulcis: sed haec dulcedo non durat. Nam statim tendit ad mortem,
156 2784 1714 2843 & tunc oportet disponere de testamento & relinquere alienis diuitias suas: &
160 2844 1725 2906 iste fructus nec apparet sibi acidus nec dulcis: sed amarissimus, quando debet
163 2903 1709 2958 dimittere terram quam coluit, prolem quam genuit, domos & cameras quas
151 2951 1714 3002 curiose aedificauit, filios & filias, & uxorem quas amauit. Et de talibus verifi
156 3000 1537 3061 catur illud Sapientiae 3. Vacua est spes illorum & labores sine fructu.
215 3052 1723 3112 Tertius bonus fructus est doctrinalis fertilitatis. Istum fructum exigit Do
