2371 3609
172 268 1712 320 propagatio fieri, ad cultum DEI, sicut super 2. cap. dictum fuit. DEVS con
171 312 1723 370 strinxit, praescribens homini sexum, & numerum: sexum, ut sit muliet: nu
173 379 1716 432 merum, ut una in matrimonio indiuidualiter coniuncta. Est enim matrimo
171 432 1719 487 nium uiri & mulieris legitima coniunctio indiuiduam uitae consuetudinem
164 486 1716 531 retinens 27. quaest. 2. Sequitur. Et quia istas leges transgrediuntur impij, po
170 536 1704 589 nentes homines similes bestijs, & finem hominis uoluptatem, fidem coniu
170 595 1708 657 gij non seruantes: ideo eos Spiritus sanctus in hac parte specialiter redarguit,
175 649 1715 701 quicunque sunt illi, qui castitatem uiolant coniugalem. Et circa hoc duo facit:
172 700 1712 748 quia primo ostendit impudicae generationis ignobilitatem. Secundo hone
170 746 1703 807 stae generationis nobilitatem. Secunda pars, cap. 4. O quam pulchra, &c. Cir
177 811 1719 860 ca primum duo facit: quia primo ostendit quod talis generatio punitur per
164 863 1710 923 confusionem temporalem. Secundo quod per condemnationem aeternalem,
165 911 1711 968 ibi: Et si celauerint. Circa primum duo facit: quia primo ostendit quod ut com
171 972 1707 1017 muniter talis generatio non est durabilis. Secundo quod si continget ut du
164 1017 1710 1081 ret, non est finaliter honorabilis, ibi: Et siquidem. Dicit ergo primo sic: Filij
172 1075 1711 1121 autem adulterorum: id est, filij geniti in adulterio, siue ex parte uiri, siue ex par
173 1131 1709 1176 te mulieris: in consumatione erunt: id est, in suo fine: hoc est, non diu du
167 1182 1704 1234 rabunt: sicut nec illud diu durat, quod est in suo fine. Et ab iniquo thoro semen
176 1244 1713 1302 exterminabitur. Iniquus thorus est lectus illiciti concubitus: & quia aliquan
167 1293 1711 1338 do contingit licet in paucioribus, quod homines sic geniti sint diuturnae ui
172 1341 1711 1391 tae. Ideo consequenter ostendit, quod talis generatio non est finaliter honora
168 1393 1720 1448 bilis. Et intelligenda sunt haec omnia de generatione tali, quae est imitatrix
174 1446 1717 1511 scelerum paternorum: sicut taliter generati solent communiter esse uel con
171 1498 1721 1555 sueuerunt esse, non tamen est impossibile quod tales qui patiuntur defectum
177 1556 1713 1620 natalium )fiant morigerati, & boni. Augustinus de bono coniugali, cap. 4: &
169 1621 1702 1675 ponitur 35 quaest. 4. Sicut sanctus. Vndecunque nascantur homines si pa
160 1663 1699 1715 rentum uitia non sectentur & DEVM recte colant, honesti & salui erunt. Se
169 1710 1717 1770 men enim ex qualicunque homine, DEI creatura est, & eo male utenti male
167 1770 1714 1820 erit. Filius enim non portabit iniquitatem patris, Excech. 18. Et ideo scien
171 1831 1711 1885 dum est quod cuiuscunque hominis fuerit homo filius, siue sacerdotis, siue
169 1876 1713 1943 adulteri, siue fornicatoris, siue coniugati, uirtuosus esse potest: si ratione &
167 1930 1711 1983 libero arbitrio uti voluerit uirtuose. Sed quod accidit oppositum frequenter:
174 1989 1701 2039 mala educatio est in causa, & imitatio scelerum paternorum. Est enim homi
158 2053 1720 2103 ni connaturale illos imitari, a quibus informationem & educationem accipit.
171 2095 1705 2156 De imitatiope ergo scelerum paternorum dicitur: Et siquidem longe vitae erunt,
161 2158 1707 2214 in nihilum computabuntur: id est, dato quod DEVS concesserit eis longam ui
173 2210 1698 2266 tam in praesenti in nihilum: id est, inter peccatores computabuntur: quia pec
172 2269 1700 2331 catum nihil est, & nihil siunt homines cum peccant, secundum Augustinum.,
171 2311 1711 2361 Contrarium autem de generatione iustorum infra, capite quinto: Computa
166 2368 1710 2419 ti sunt inter filios DEI, & inter sanctos sors illorum est. Et non solum haec
167 2424 1707 2483 generationi iniquae prouenient, sed & sine honore erit nouissima senectus eorum:
157 2477 1703 2521 & hoc est rationabile: quia honor est praemium uirtutis, & attribuitur tantum
160 2529 1710 2584 bonis, 4. Ethic. cap. 4. Cum ergo non fuerit uirtuosi in principio aetatis suae, nec
164 2575 1713 2633 in medio, irrationabile foret, quod in senectute honorem consequerentur. Et
156 2637 1712 2695 istud est contra quosdam, qui sibi uendicant honores ex solo lapsu temporis:
164 2686 1718 2752 quia senes sunt, & nihil in iuuentute ualuerunt, nec unquam aliquid magni
165 2752 1707 2794 uirtuose fecerunt: sed propter senectutem uendicant sibi honorem cum dica
152 2803 1706 2847 tur infra, cap. 5. Aetas senectutis uita immaculata. Et ideo iuuenis bene ui
162 2854 1700 2908 uens merito debet habere honorem senectutis: & senex male uiuens, uerecun
171 2897 1709 2957 dias sine honore. Et haec est tertia species eorum, quae odit DEVS, senex fatuus
162 2955 895 3021 & insensatus, Eccles. 25. in principio.
221 3001 1717 3062 Dubitatio literalis. Vtrum filij debeant aliquod damnum propter defectum
145 3074 1707 3123 natalium reportare. Quod non probatur, Excech. 18. Filius non portabit, &c
