2371 3609
179 266 1724 324 mulierem in adulterio deprehensam dicentes: Magister haec mulier modo
183 325 1718 378 deprehensa est in adulterio, in Lege mandauit nobis Moyses huiusmodi la
182 379 1720 438 pidare. Patet etiam quam grauiter punitur hoc peccatum a Domino, 2. Re
188 435 1725 493 gum 12. Cum Dauid adulteratus esset cum uxore Vriae: non recedet ait, gla
184 492 1719 539 dius de domo tua usque in sempiternum, eo quod despexeris me, & tuleris
186 543 1725 588 uxorem Vriae Hethaei. In huius peccati grauitatem assignandam prohibi
184 597 1730 662 tio adulterij in decalogo ponitur immediate post prohibitionem homicidij,
181 646 1724 697 & ante prohibitionem furti: unde Clemens Papa, quid in omnibus pecca
178 705 1735 748 tis adulterio grauius: Secundum enim in poenis tenet locum & in prohi
180 750 1732 811 bitione quodammodo homicidio assimulatur adulterium: cum enim uir &
180 803 1718 860 mulier sint una caro, qui aufert uxorem alicui: id est, ac si seipsum sibi au
175 863 1728 917 ferret, sicut fit in morte. Vnde grauius uidetur quam si hominem mutilaret.
187 911 1728 965 Exuperat autem omne furtum: quia quod aufertur cum sit creatura rationa
188 967 1724 1039 lis, melius est quam terrena substantia, Proverb. 6. Non grauis culpa est cum
180 1024 1729 1079 quis furatus fuerit. Furatur enim ut esurientem repleat animam. Qui autem
185 1079 1345 1132 adulteratur propter cordis inopiam, perdet animam suam,
230 1131 1722 1197 Secundo patet huius criminis periculum ex prolis peruersae procreatione,
180 1177 1711 1240 quae solet esse frequenter mala & inhonesta. Tum propter parentum imita
190 1244 1726 1307 tionem: tum propter defectum castigationis: quia tales pueri uel dimittun
183 1297 1724 1344 tur cum matre quae non castigat filium: uel cum extraneis personis, qui de mo
179 1345 1726 1398 ribus pueri nihil curant. Vnde fiunt insolentes, ingrati, degeneres & uitio
176 1400 1723 1466 si. Et hoc est quod Anglicis comminatur. Bonifacius martyr scribens regi
176 1452 1723 1509 Anglorum. Et ponitur in Cano. d. 56. Si gens. Sicut per istam prouinciam
181 1505 1717 1559 diuulgatum est, & nobis in Francia & in Italia improperatur & ab ipsis pa
175 1561 1717 1627 ganis in improprium nobis obijcitur spretis legalibus nuptijs, adulteran
180 1627 1729 1671 do & Iuxuriando ad modum Sodomiticae gentis foedam uitam duxerit. De
180 1671 1719 1723 tali commixtione meretricum existimandum est esse degeneres populos &
173 1719 1726 1779 furentes libidine, & ignobiles fore procreandos & ad extremum uniuersam
179 1777 1722 1843 plebem ad deteriora & ignobiliora uergentem: & nouissime nec in bello for
172 1845 1720 1895 tem, nec in fide stabilem, nec honorabilem hominibus, nec DEO amabi
178 1884 1726 1958 lem esse uenturam sicut alijs gentibus Hispaniae prouinciae & Burgundio
171 1936 1730 1994 num populis contigit. Quae sic a DEO recedentes fornicati sunt. istud ui
183 1991 1331 2047 tium detestantur aues quae suos compares non dimittunt.
251 2042 1725 2102 Tertio patet huius criminis magnitudo ex datae fidei uiolatione. Violatur
170 2101 1719 2153 enim fides data coniugi in sacramento coniugij. Vnde mulier adultera peccat
182 2154 1719 2209 in DEVM uiolando sacramentum, peccat in uirum dupliciter: fidem sibi frangen
186 2207 1726 2263 do, & falsos haeredes substituendo: peccatetiam in prolem quam damnificat
185 2269 1716 2328 reddens eam ignobilem ad Ecclesiasticas dignitates: peccatetiam & in proxi
179 2315 1718 2374 mum quem admittit. Nam frequenter de adulterio nascitur homicidium, &
168 2368 1736 2427 membrorum mutilatio, & huiusmodi. Vnde Dauid cum in adulterium cecidisset,
178 2438 1726 2492 praecepit occidi fidelissimum militem suum, 2. Reg. 11 cap. Eccl. 23 .Omnis
174 2486 1723 2533 mulier relinquens uirum suum peccabit, & statuens haereditatem ex alieno
295 2532 1600 2610 matrimonio. Primo enim in lege altissimi incredibilis fuit. Se
452 2585 1443 2641 cundo uirum suum deresiquit. Tertio in adulte
594 2640 1292 2691 rio fornicata est, & ex alio uiro sta
796 2691 1088 2748 tuit sibi filios.
