2371 3609
855 817 2178 881 OSTQVAM Spiritus sanctus ostendit quod adulterinae gene
852 887 2191 945 rationes progenitorum suorum uestigijs inhaerentes puniuntur per
850 948 2181 988 temporalem deiectionem in praesenti, si tamen diuturna uita eis con
827 992 2172 1045 Icedatur: Hic ostendit quod punientur aeternaliter si uitae diuturni
625 1051 2181 1108 tatem minime consequantur. Et circa hoc duo facit. Primo proponit suam in
626 1099 1836 1147 tentionem. Secundo assignat intenti rationem ibi: nationes.
689 1142 2175 1203 Circa primum proponit, quod duo mala hominem occupant in die mor
630 1207 2183 1260 tis, scilicet conscientiae desperatio quantum ad seipsum: & sententiae repro
621 1263 2169 1313 batio quo ad DEVM: & uere durum est homini quando iudex eum repro
620 1312 2177 1367 bat & ipsemet desperat. Aliquantula consolatio est reo damnando, quod spe
619 1368 2177 1430 ret salutem, etiamsi debeat damnari. Errasse aliquando in uia profuit, sicut
620 1419 2172 1471 dicit Augustinus Enchi. 2. Sed quando utrunque occurrit ex parte rei despe
625 1476 2184 1542 ratio, & ex parte iudicis reprobatio, tunc est omnimoda desolatio. Sed sic est
629 1527 2179 1584 in morte iniusti hominis, quod in ictu oculi iudex ostendit suam sententiam,
632 1583 2178 1636 & reus suam conscientiam. Iudex sententiat & reus desperat. Et hoc est quod
619 1634 2182 1685 dicit: Et si celerius in iuuentute, uidelicet defuncti fuerint, non habebunt spem.
618 1689 2166 1740 Ecce desperatio erga seipsos nec est mirum: quia spes est certa expectatio fu
626 1739 2164 1796 turae beatitudinis ueniens ex DEI gratia & meritis praecedentibus, 3. Sent.
632 1793 2179 1849 dis. 26. cap. 1. In iniustis autem uel nulla fuerunt merita si fuerunt infideles:
626 1852 2166 1904 nel mortificata fuerunt per mala opera sequentia, si fideles fuerunt & postea
627 1903 2162 1970 peccauerunt. Vnde nulla est in eis spes quando moriuntur: quia sperare, sine
620 1964 2176 2020 meritis non est sperare, sed praesumere: Non solum autem desperabunt, sed &
621 2016 2163 2070 iudex eos reprobabit. Vt subditur inlitera: Nec in die agnitionis allocutionem,
607 2066 2161 2115 supple habebunt. Dies iudicij uocatur dies agnitionis: quia in illo die erit ge
619 2124 2167 2171 neralis cognitio omnium personarum, & omnium conditionum tam bono
609 2181 2167 2227 rum quam malorum, omnium hominum qui sunt, qui fuerunt & erunt. Et ibi
626 2228 2170 2294 quaereretur, Quae est agnitio primae declinationis, secundae & tertiae, quartae &
614 2288 2166 2354 quintae, Dan. 7. Iudicium sedit, libri aperti sunt. Dicitur etiam dies agnitionis:
605 2342 2166 2400 quia tunc CHRISTVS illos agnoscet, quos modo ignorare uidetur: quia tunc
620 2390 2166 2443 liber uitae plenarie ostendetur, Eccles. 24. Haec omnia liber uitae & testimonium
607 2438 2167 2501 altissimi agnitio ueritatis. In illa autem die non habebunt mali allocutionem:
614 2493 2160 2561 hoc est, excusationem seu defensionem de peccatis suis. Vel allocutionem: id est,
616 2557 2170 2618 consolationem de speranda liberatione, Sap. 8. Erit allocutio cogitationis &
610 2604 2160 2655 taedij mei. Vel allocutionem: id est, liberationem. Nulla erit tunc sententia inter
608 2656 2162 2725 locutoria, nulla appellatio: quia tunc non ualebit medela appellationis, nec
613 2713 2169 2768 cautela dilationis: quia statim dabitur sententia, & statim fiet executio. Patet
601 2762 2161 2823 ergo quod ista duo iniustum hominem occupant in morte, uidelicet conscien
608 2825 1327 2890 tiae desperatio, & iudicis reprobatio
647 2864 2151 2925 Sed de iusto dicitur oppositum Proverb. 14. Sperat iustus in morte sua. Se
602 2929 2154 2978 cundo assignat istorum rationem dicens: Nationes enim iniquae dirae sunt con
597 2984 2166 3044 sumationis, quasi diceret: Iniquitas erit causa quare tales generationes siue
602 3038 2154 3094 nationes habebunt diram: id est, crudelem consumationem: non quia fuerunt
