2371 3609
170 286 1723 346 iugij per experimentalem usum didicerunt, imitantur illam: id est, statuerunt
174 338 1721 401 illam imitandam per leges, consuetudines, & statuta. Et per hoc quod dicit,
175 398 1728 452 cum praesens est imitantur illam, & desiderant eam cum se eduxerit: id et, cum
178 442 1721 491 diu fuerit continuata per consuetudinem desiderant etiam eam sine coactio
181 494 348 561 ne legis
232 547 1731 605 Et quia possit aliquis dubitare de eius praemio in futuro, licet eius honestas
169 607 1725 653 situalde euidens in praesenti: ideo hoc uolens excludere, subdit, quod in per
169 670 1717 724 petuum coronata triumphat: idest, fideles coniuges honestatem seruantes con
172 707 1719 764 iugij usque ad mortem coronabuntur, Apocal. 2. Esto fidelis usque ad mor
186 770 1723 817 tem, & dabo tibi coronam uitae. Et quia uirginitas praecellit foecundita
177 820 1732 871 tem caeteris paribus, posset aliquis credere quod coniugatus nullo modo pos
189 870 1724 926 sit uirgini coaequari, quod uerum non est. Potest enim uirginitas esse fatua &
176 919 1729 983 superba, Matthaei uigesimoquinto: Quinoue autem ex eis eran. fituae, &
188 970 1725 1040 quinque prudentes. Vnde satis possibile est bonam coniugem in obedien
186 1033 1725 1089 do uiro, educando prolem, disponendo familia tantum mereri quod attingat
185 1095 1730 1142 ad meritum uirginis & excedat. Sicut possibile est quod diues per opera ui
177 1151 1732 1206 tae actiuae excedat pauperem uoluntarium, licet status paupertatis sit altior:
181 1205 1731 1250 quia status altior non facit personam alti meriti, nec persona alti meriti facit
176 1246 1725 1300 statum alti meriti. Potest ei Christianus peior esse ludaeo, & monachus pe
183 1302 1722 1354 ior seculari. Et ideo subdit quod in casu tantum triumphat, quod vincit prae
188 1362 1733 1423 mium certaminum incoinquinatorum: id est, uirginum, Apocal. 14. Hi sunt qui
180 1416 1728 1462 cum mulieribus non sunt coinquinati, uirgines enim sunt. Status tamen uir
187 1467 1729 1532 ginitatis caeteris paribus altior est. Quaeritur in lectione ista praecedenti ex
181 1520 1714 1582 quo agitur de fidelitate coniugum inter se, quam uterque promisit alteri us
188 1565 1735 1634 que ad mortem. Vtrum coniugatus resuscitatus a morte teneatur iterato uxo
188 1623 1727 1681 ri coniugi: Arguitur quod sic: quia religiosus mortuus & resuscitatus tenetur
185 1691 1740 1753 ad continuandam obedientiam, quam prius in omnibus: Ergo pari ratione
191 1734 1732 1790 eoniugatus. Consequentia patet: quia sicut religiosus obligat se usque ad mor
186 1781 1528 1843 tem: ita coniugatus usque ad finem uitae: finis autem uitae est mors.
246 1838 1738 1896 Ad oppositum est illud, primae ad Corinth. septimo: Mulier alligata
187 1889 1728 1958 est uiro eius quanto tempore uir eius uiuit. Cum autem dormierit vir eius,
185 1947 1733 2004 liberata est, cui uult nubat in Domino. Ad quaestionem dicitur, quod non
190 1997 1733 2060 Religiosus tenetur ad ordinem suum, sicut ponit Heinricus de Gandano pri
181 2063 1734 2112 mo quotlibeto, quaest. 37. Ratio sua est: quia per religionem homo CHRI
181 2106 1739 2168 STO conformatur quantum ad omnes uires animae. Quantum ad concu
191 2165 1734 2235 piscibilem, per castitatem. Quantum ad irascibilem, per paupertatem. Quan
191 2231 1740 2280 tum ad rationalem, per obedientiam: & quia obligatio sit principaliter exi
195 2270 1742 2336 stenti rationali, ideo obe. lientia est principalior portio in uoto religionis: &
191 2337 1737 2391 quia uirtus rationalis manet in anima separata, non autem uirtus concupisci
194 2373 1743 2449 bilis & irascibilis: & ideo obligatio ad obedientiam semper manet in anima
201 2437 1734 2496 etiam separata. Obligatio autem matrimonij est ad ea quae corporis sunt: &
195 2487 1738 2545 ideo anima separata ad talia non obligatur. Licet ista sit opinio multorum do
197 2536 1742 2597 ctorum, tamen uidetur mini omnino irrationabilis pro tanto: quia pactio uo
199 2600 1744 2658 luntaria limitata ad certum terminum non ligat ultra istum terminum: quia
203 2655 1740 2712 non ligatultra intentionem obligantis se: quia mere spontanea est obligatio:
189 2711 1749 2760 ergo cum terminus sit mors, morte transacta, obligatio est soluta. Nec mate
203 2756 1742 2818 ria super quam transit obligatio, facit aliquid ad materiam obligationis: & id
205 2806 1746 2872 eo Religiosus resuscitatus potest libere religionem quamcunque intrare, uel
206 2872 1747 2924 manere si uoluerit secularis. Quod autem arguitur quod obligatio ad obe
212 2921 1749 2975 dientiam pertinet ad uirtutem rationalem, & illa manet in anima separata, ui
210 2967 1747 3038 detur arguere quod obedientia Religionis manebit in prima quod nihil est:
205 3019 1747 3079 & ideo uidetur mihi dicendum, quod sicut coniugatus resuscitatus potesi
206 3069 1747 3133 contrahere cum illa uel cum alia, sicut placet: ita Religiosus liber factus est: &
