2371 3609
230 267 1795 339 rentes & malos filios sub figuratiua locutione radicis & ramorum, uocans pa
230 325 1796 371 rentes radices, & filios ramos, ad Roman.12. Si radix sancta & rami. Dicit er
230 380 1788 431 go primo sic: Confringentur enim rami inconsummati. Consummatio & com
222 431 1795 495 pletio hominis est uniri DEO per cognitionem & amorem, Eccl. 43. Consum
221 477 745 545 matio sermonum ipse est.
289 532 1791 597 Vnde omnis homo a DEO diuisus, est imperfectus, & inconsummatus. Et
225 598 1795 647 quia mali filij & indisciplinati sunt a DEO diuisi, ideo merito uocantur rami
224 646 1794 694 inconsummati, & isti confringentur. Confractio importat uiolentiam in diui
214 701 1792 756 sione: unde mali homines confringentur in morte, sed beati & sancti suauiter
218 757 1792 812 & uoluntarie diuidentur. Desiderant enim dissolui & esse cum CHRISTO, ad
223 804 1791 858 Phil. 1. unde quia isti peccatores qui uellent hic semper uiuere, nec unquam a
225 859 1791 915 liam uitam uidere, ideo contra uoluntatem eorum dissoluuntur, & ideo meri
228 917 1792 973 to confringi dicuntur, in Psal. Reges eos in uirga ferrea, & tanquam uas figuli
218 977 1786 1022 confringes eos. Alia ratio est: quia aliter separat artifex ramum solidum ab ar
217 1024 1787 1082 bore, quem intendit in aedificio collocare, & aliter ramum putridum: & sic qui
218 1084 1786 1129 cum ad nihilum ualet nisi pro igne: nam primum ramum curiose secat: & secum
223 1137 1780 1192 dum frangit negligenter, non curando quomodo cadat. Isto modo DEVS san
216 1190 1786 1260 ctos recedentes de hac uita quasi delicate dissoluit: quia hoc reperiunt quod
221 1245 1791 1304 prius desiderauerunt, & ponit eos in aedificio coelesti in gloria & honore aeter
212 1298 1783 1364 no, Eccles. 24. Rami mei honoris & gloriae dicit sapientia quae a DEO est. Sed
218 1362 1783 1414 miseros peccatores partos ad ignem aeternum confringet totaliter, ut cadant
219 1407 1781 1459 in ignem aeternum sicut ipse per Psal. promittit: Confringam illos, nec poterunt
213 1461 1785 1511 stare cadent subtus pedes meos: & sic patet quare uocat eos ramos inconsum
218 1516 1792 1565 matos, & quomodo confringentur. Sed quod sint dignisi confringi ostendit
218 1570 1782 1621 consequenter. Quia si esset arbor quae faceret fructum mortiferum, uel nullius
225 1625 1775 1676 usufaptum, digna esset confringi uel succidi. Iuxta illud Matt. 7. Omnis arbor
219 1676 1777 1734 quae non facit fructum bonum, excidetur, & in ignem mittetur: sed isti faciunt
218 1731 1780 1782 fructus inutiles, & ad nihilum utiles: id est, opera deordinata contra DEVM &
220 1789 1786 1837 rectam rationem. Et ideo iustum est eos confringi. Vocantur enim opera ho
223 1849 1783 1911 minis fructus hominis: quia sicut a fructu cognoscitur arbor, & arboris boni
220 1891 1781 1946 tas: ita per opera hominis eius bonitas agnosci potest, Matth. 7. Ex fructibus
218 1953 1776 2013 eonim cognoscetis eos. Non ex fatua cortice, non ex coloris apparentis pul
217 2005 1790 2055 chritudine, non ex foliorum: id est, uerborum sanctitate, sed ex fructibus eorum
212 2053 1782 2109 cognoscetis eos: & quia fructus istorum peccatorum sunt inutiles & acerbi ad
225 2112 1789 2180 manducandum & ad nihilum apti, ideo dignum est eos in morte confringi, &
220 2164 1782 2220 igne aeterno comburi. Notandum est quod fructus: id est, opera sanctorum sunt
216 2218 1792 2271 & esse debent alimenta nostra. Nam ex exemplis & operibus bonorum debe
220 2273 1782 2327 mus proficere & nutriri sicut homo augetur, & crescit per hoc quod mandu
224 2336 1776 2391 cat corporaliter. Et ideo sancti uiri & honeste uiuentes ipsi pascunt omnes Chri
217 2381 1781 2436 stianos proximos, & uicinos suos exemplis uirtutum suarum: & licet hoc omni
218 2432 1780 2491 homini conueniat: maxime tamen uiris Ecclesiasticis, quibus dicitur Matt. 14.
227 2485 1785 2543 Date uos illis manducare. Sed per oppositum quidam sunt, quorum fructus
218 2541 1780 2600 mortiferi, & acerbi sunt ad manducandum, qui uiuunt de rapinis in superbia, li
222 2598 1420 2653 bidine & iusticia, Proverb. 10. Fructum impij ad peccatum,
273 2645 1778 2706 Secunda pars huius lectionis est ostendere, quod proles in disciplina repen
219 2714 1775 2768 dit parentibus confusionem. Et huius ratio est ista, quando discipulus male re
216 2756 1777 2818 spondet & errat in dictis suis: sicut ignorans praesumptio quaedam est contra
223 2824 1781 2875 magistrum suum, qui eum tenebatur docuisse. Vnde uerecundiam facit magi
224 2863 1772 2923 stro discipulus ignorans & famulus inutilis facit uerecundiam domino suo,
224 2926 1776 2987 qui eum tenetur curialiter educare. Modo parentes tenentur esse magistri,
223 2973 1772 3032 & quasi domini filiorum: & ideo quando sunt mali, est magna confusio pa
220 3029 1788 3097 rentum, Ecclesiast. 22. Confusio patris est de disciplinato filio. Et hoc est
230 3083 1784 3156 quod dicitur in litera: Ex iniquis enim omnes filij qui nascuntur testes nequitiae.
