2371 3609
626 217 2194 268 lescentia uitiosissimum, scilicet libidinem corporis. In commendationem sene
632 274 2195 330 ctutis dicit Ambros. ad Valentinum: Erubescat senectus quae se emendare non
632 331 2197 381 potest: Non enim canicies commendata est annorum, sed morum. Item Am
639 383 2198 438 brosius in Hexameron libro 1. Senectus, inquit, est in bonis moribus, dulcior
633 435 2192 492 in consilijs, utilior in constantia, subeundi mortem paratior, ad reprimendas
638 486 2183 542 libidines fortior, ipsa quoque infirmitas corporis sobrietas est mentis. Sed ca
628 548 2197 602 ueant sibi senes tempore & iuuenes uirtute, illud quod in commendationem
621 599 2182 667 senectutis dicit Ambrosius ubi supra. Sunt enim quidam senes ita mali habi
638 657 2185 710 tuati in uoluptatibus, quod dolent, ut uidetur quod non sunt ut solebant ad
625 712 2176 763 uoluptatem potentes: delectantur audire etiam & confabulari de turpibus.
632 755 2169 817 Delectantur imaginari de uilibus, & sicut non uescentes carnibus delectan
630 821 2047 870 tur in brodio: sic illi cum priuantur operatione, fruuntur imaginatione.
710 864 2178 926 Sed nota quod omne peccatum incurabilius est in sene quam in iuuene
630 919 2181 994 Quaerit enim Aristoteles in Problematibus parte prima, cap. 28. propter quid
614 980 2177 1035 in hyeme pauciores sunt aegritudines quam in aestate: Mortiferae uero ma
620 1034 2171 1092 gis in hyeme: & respondet, quod in aestate parua quidem occasione siunt
618 1091 2177 1143 aegritudines: in hyeme uero non: quia paruae occasiones citius digeruntur
621 1138 2180 1206 in hyeme. Vnde illa quae siunt a maiori occasione, merito peiora sunt, &
618 1197 2165 1249 magis destructiua: huiusmodi autem sunt, quae in hyeme oriuntur. Et Hip
614 1256 2166 1320 pocras in Aphorismis suis. Senes iuuenibus frequenter minus aegrotant.
630 1293 2168 1347 Cumque eis chronicae aegritudines fiunt, multi ex eis commoriuntur. Mo
617 1358 2174 1406 raliter, sicut sanitas corporis est aequalitas humorum: Ita fanitas est tempe
614 1416 2165 1469 rantia passionum, & distemperantia earum infirmitas spiritualis. Aestas est
615 1466 2162 1523 iuuentus: hyems senectus. Verum est igitur, quod plures & frequentiores
614 1525 2160 1580 accidunt infirmitates spirituales in iuuene quam in sene: quia multo plures
615 1567 2160 1631 sunt occasiones tam ex complexione calida, quam ex iuuenili inexperientia:
615 1621 2160 1687 sed certe istae infirmitates sunt multo curabiliores quam sint in senibus: Quia
609 1675 2160 1741 si accidant in senibus, uix curantur. Exemplum de Salomone, 3. Regum 11
607 1741 2172 1794 cap. ubi dicitur. Cum esset senex, deprauatum est cor eius per mulieres. Et
607 1798 2156 1848 causa est: quia tales infirmitates spirituales procedunt ex malicia magna, &
608 1846 2159 1905 tales fuerunt illi senes de quibus dicitur Danielis decimotertio: Egressa est
607 1896 2150 1952 iniquitas a senibus iudicibus, qui uidebantur regere populum. Et ideo no
606 1956 2151 2005 tandum est, quod habitus bene uiuendi adquirendus est in iuuentute, si ho
596 2018 2155 2068 mo uelit sancte uiuere in senectute. Nec aliquis de senectute nimis confidat:
597 2063 2152 2122 quia quidam qui in iuuentute euaserunt in senectute, turpiter ceciderunt: sicut
605 2119 2146 2172 ille qui 1.7. annis uirgo uixerat: in eodem anno corruptus obijt. Et ideo signan
595 2186 1633 2234 ter orat Psal. Ne proijcias me in tempore senectutis.
647 2225 2144 2278 Secundo, ueneranda est senectus: quia ipsa est moderamen insolentiae. O
590 2278 2150 2337 mnes enim boni senes debent arguere insolentes & informare sine timore.
595 2332 2141 2407 Vnde narrat Valerius libro 6. cap. 2. de quodam sene, quae de his quae suis tem
589 2391 2136 2455 poribus apud Romanum populum agebatur, liberrime loquebatur, incre
596 2437 2136 2507 pans arguendo, & dissentiens factis maiorum. Hic dum ab amicis monere
590 2500 2139 2561 tur, qua audacia ita effrontem diceret omnibus ueritatem. Ille respondit: Duae,
587 2554 2146 2608 inquit, res mihi licentiam praebent, Orbitas, & senectus: uoluit dicere quod
585 2608 2136 2658 ille qui est iuuenis & aspirat ad ardua, sperans promotiones, & officia neces
583 2661 2135 2711 sarie habet adulari frequenter. Sed contra hoc ideo fuit senex, & ideo sene
590 2717 2139 2765 ctus dedit ei autoritatem. Item senex habens filios uel filias promouendas. Li
587 2771 2136 2818 cet non pro se, tamen pro prole frequenter mentitur, uel saltem dissimulat ue
584 2824 2139 2879 ritatem. Hic autem quia prole caruit, & similiter senex fuit, & ideo a ueritate
584 2881 2129 2934 dicenda nulli offendenti pepercit. Sed certe modernis temporibus nonnulli
582 2930 2131 2979 iuuenes obaudire volentes senioribus, de eis verificatur interdum illud Esa. 3.
577 2980 2134 3043 Tumultuabitur puer contra senem, & ignobilis contra nobilem. Non sic erat
564 3038 2123 3090 inter Romanos antiquitus, sicut narrat Valerius lib. 2. cap. 1 ubi dicit genera
