2371 3609
638 242 2196 307 prauae & peruersae. Et ideo translatus est ad coelum. Consequenter ibi: Raptus
641 293 2195 346 est. Ponit secundam rationem ad idem, uidelicet proximorum maliciam alli
641 355 2190 404 cientem ad crimina. Ex hoc quod aliquis de malorum societate remouetur,
650 408 2193 479 prouenit sibi securitas & opportunitas bonae uitae. Vnde primo allegat pericu
638 454 2192 516 lum mali consortij. Secundo assignat modum communicandi uitij ibi: Fasci
649 518 2204 560 natio. Quantum ad primum dicit: Raptus est ne malicia mutaret intellectum eius:
651 557 2114 615 id est, ne mala conuersatio hominum mutaret intellectum eius practicum,
709 614 2189 668 Dupliciter enim corrumpitur uirtus in homine. Vno modo per habitus cor
649 675 2205 732 ruptionem. Alio modo per actus deordinationem. Primum tangit cum dicit:
654 721 2189 777 Ne malicia. Secundum cum dicitur: Aut ne fictio deciperet animam. Intellectus
651 789 2205 842 enim practicus est principium operandi. Vnde quando ita est, quod principia pra
649 830 2203 888 ctica corrumpuntur per peccata in homine, omnia facta eius siunt peruersa,
646 889 2199 946 & ideo quando rectum iudicium corrumpitur per malam consuetudinem, &
649 938 2199 1004 adquiritur habitus contrarius uirtuti, ibi est certa malicia, & longe peius est
649 1006 2190 1059 quam quando peccatur ex passione: Aut ne fictio deciperet animam eius. Fictio
641 1045 2202 1099 est in illis, qui male operantur, in quibus tamen recta aestimatio non est corru
652 1099 2204 1165 pta, sed operantur mala contra conscientiam scientes se malefacere, & utrunque
637 1156 1248 1222 istorum pertinet ad maliciam.
698 1211 2189 1264 Notandum quod necessario in hac uita oportet uiuere inter peccatores quan
647 1266 2199 1318 tumcunque etiam homo studeat ad correctionem peccatorum: quia semper erunt
643 1317 2199 1369 aliqui mali bonis commixti in omni societate: sicut dicit Augustinus ad Vin
641 1378 2193 1436 centium Donatistam, & ponitur in Cano. dis. 47. quantumlibet, inquit, uigi
645 1426 2197 1483 let disciplina domus meae, homo sum, & inter homines uiuo, nec mihi arro
644 1486 2202 1546 gare audeo, ut domus mea melior sit quam arca Noë. Vbi tamen inter octo ho
649 1537 2197 1594 mines unus reprobus inuentus est: Aut melior sit quam domus Abrahae, cui
641 1589 2203 1649 dictum est: Eijce ancillam & filium eius: Aut melior sit quam domus lsaac, cui
648 1641 2197 1693 de duobus gemmis dictum est: Iacob dilexi, Esau autem odio habui. Simpli
654 1700 2206 1754 citer autem fateor charitati uestrae coram Domino DEO nostro, qui testis est
644 1746 2184 1803 super animam meam, ex quo DEO seruire coepi. Quoniam sicut difficile exper
650 1801 2194 1856 tus sum meliores, quam qui in monasterio profecerunt: ita non sum peiores ex
649 1859 2185 1923 pertus, quam qui in monasterio defecerunt. Et ideo in quacunque societate ho
644 1922 2188 1976 mo ponatur, non poterit omnino euadere, quin inter peccatores conuersetur.
645 1966 2193 2017 & ideo oportet perfectos uitia malorum corrigere pro posse, & quod non pos
649 2020 2188 2082 sunt corrigere, sustinere. Nam tales DEO, qui est supremus iudex, reseruantur.
650 2072 2200 2124 Vnde Greg. 2. Mora. ca.18. Nullus perfectus est, qui inter defectus proximo
644 2124 2194 2180 rum perfectus non est. Qui enim aequanimiter aliena mala non tollerat, ipse si
644 2181 2186 2233 bi testis est per impatientia. Quia a boni plenitudine longe distat. Abel quip
639 2243 2189 2301 pe esse renuit, quem Cain malicia non exercet. Sic in tritura areae grana sub
646 2287 2192 2351 paleis premuntur: sic flores inter spinas prodeunt: rosa quae redolet, crescit cum
642 2341 2194 2395 spina quae pungit. Duos nanque filios habuit, primus homo: sed unus repro
644 2397 2186 2449 bus, alius electus fuit. Tres quoqe filios Noë arca continuit, sed duobus in hu
641 2449 2193 2500 militate persistentibus, unus in patris irrisionem ruit. Duos Abraham filios ha
632 2505 2190 2559 buit, sed unus innocens, alter fratris persecutor fuit. Duos quoque filios lsaac
640 2557 2202 2613 habuit: unus in humilitate seruatus: alius uero etiam prius quam nasceretur
642 2618 2202 2665 reprobatur. Duodecim filios lacob genuit, sed ex eis unus per innocentiam uen
635 2678 2199 2736 ditus est. Caeteri uero per maliciam fratris uenditores extiterit. Duodecim quo
638 2722 2196 2772 que Apostoli in Ecclesia sunt, sed ne improbati remanerent, unus eis admix
641 2774 2186 2830 tus est, qui eos persequens probaret. Sic nanque iusto peccator cum malicia iun
637 2828 2193 2891 gitur. Sic in fornace auro palea cum igne sociatur, utquando ardet palea, au
637 2885 2199 2938 rum purgetur. Hi ergo in ueritate boni sunt, qui in bonitate etiam inter malos
642 2937 2202 2996 persistere possunt. Haec ille. Idem 1. Mora. cap. 2. Neque enim ualde laudabile
637 2992 2183 3038 est bonum esse cum bonis, sed bonum esse cum malis. Sic enim grauioris cul
623 3058 2197 3111 pae est inter bonos bonum non esse: ita immensi est praeconij bonum etiam inter
