2371 3609
884 689 2185 742 OSTQVAM Spiritus sanctus docuit periculosam esse com
895 756 2202 812 munem cum peccatoribus conuersationem: Hic ostendit per
896 818 2202 862 quam uiam boni a malis recipiant coinquinationem. Sunt enim
882 866 2195 918 in homine duo principia praesentis cogitationis, & uirtutis, uide
883 909 2185 961 licet intellectus & sensus: & utrunque principium cognoscitiuum
643 964 2177 1018 habet suum appetitum. Intellectus habet suum appetitum, uidelicet intelle
655 1016 2045 1072 ctiuum, & sensus habet appetitum sensitiuum, sicut patet 2. de Anima
740 1069 2192 1144 Quando igitur ista duo principia siue partes animae regulariter uirtuose,
649 1139 2189 1191 persona tota est conuenienter ordinata: sed ad corrumpendum bonam per
643 1190 2183 1244 sonam quamcunque duo inueniuntur, inter mundanos istorum principio
643 1232 2185 1284 rum infectiua: Primum est uitiosa lasciuia in loquendo. Secundum est nu
654 1297 2196 1359 merosa diuersitas in concupiscendo. Primum est deceptoria informatio in
654 1340 2192 1409 perceptibilis. Secundum est transitoria delectatio ipsius rei sensibilis: Per
658 1393 2189 1462 primum corrumpitur pars intellectiua: per secundum pars sensitiua. De pri
657 1447 2205 1501 mo loquendo de appetitu intellectiuo, qui uocatur uoluntas intellectiua, ut
649 1499 2187 1553 simul totam partem rationalem complectatur, dicit sic: Fascinatio enim nu
643 1555 2193 1615 gacitatis obscurat bona: Vbi notandum quod bona sunt triplicia naturalia.
653 1610 2188 1661 Supernaturalia & adquisita. Naturalia sunt potentiae naturales tam animae
656 1660 2194 1728 quam composit, de quibus secundo & tertio de Anima per totum. Su
655 1717 2187 1782 pernaturalia sunt tres uirtutes Theologicae, fides, spes & charitas, 1. ad Co
643 1772 2177 1819 rinth.13. Adquisitae sunt scientiae & uirtutes morales, in quibus tota philo
646 1825 2184 1876 sophia consistit, & homo qui haberet ista tria, perfecte esse bene potens ad re
654 1884 2185 1945 gendum se uirtuose in ista uita. Haberet enim naturalia adquisita & gratuita. Et
643 1929 2183 1982 ne aliquis tractans cum mundo de seipso confidat, quantumcunque sit bo
649 1994 2191 2048 nus. Ecce quid dicit Spiritus sanctus in hodierna lectione: Fascinatio enim
647 2050 2189 2102 nugacitatis obscurat bona. Fascinatio est infectiua visio alicuius personae noci
657 2092 2184 2144 uae, inferens latenter per radium uisualem nocumentum rei uisae: Sicut dicere so
641 2145 2177 2197 lemus, quod maliciosae uetulae tenellos pueros inficiunt, solo aspectu: & sic lo
655 2197 1245 2275 quitur Virgilius in Bucolicis:
804 2258 1660 2325 Nelcio quis teneros oculis mihi fascinat annos.
638 2304 2189 2363 Dicunt enim antiqui philosophi, quod anima per imaginationem immutat
653 2363 2180 2412 oculum. Qui est membrum tenerum & spirituale: & oculus infectus immu
649 2416 2182 2469 tat aerem: aër autem infectus immutat tenerum corpus infantis. Et immutat
650 2470 2184 2534 prouocando puerum ad nauseam: & sic puer refundendo nutrimentum con
638 2528 2182 2578 funditur. Istud significatfascinare ad literam. Nugacitas est assiduitas dicen
643 2582 2184 2642 di nugas. Nugae autem sunt trufae, uerba uidelicet ad nihilum apta uel sal
635 2643 2191 2700 tem narrationes ludicrae quae nihil ualent nisi ad ludum. Est igitur intellectus
644 2677 2177 2749 huius literae quod perfectus homo habens bona praedicta si dat se seculo,
638 2740 2176 2804 potest de facili deprauari ad malum. Quare: Certe quia fascinatio: id est,
641 2801 2176 2846 occulta & infectiua deceptio nugacitatis: id est, uanitatis mundanorum non
639 2847 2175 2898 uere, sed uane loquentium obscurat: non extinguit statim bona praedicta na
637 2902 2184 2956 turalia gratuita, & moralia. Sed primo obscurat ista: quia facit hominem quasi
637 2946 2181 3010 fascinatum, & Iudificatum. Vnde ad Gal. 6. Quis uos fascinauit: Veritati non
638 3016 2173 3062 obedire: id est, decepit. Et sic homo existens in peruersa societate uidet ual
641 3058 2175 3116 de bene quod alij male agunt, sic tamen effascinatur, quod apparet sibi pro
