2371 3609
187 271 1730 343 complet cursum suum, & illa quae est altissima, tardissime complet cursum suum,
181 323 1720 396 sicut patet de Saturno, qui cursum complet in triginta annis. Sic personae hu
182 383 1727 439 miles motos suos in DEVM paruo circulo complent. Personae uero altae &
188 433 1727 503 nobiles nisi melius sibi prospiciant in magno circuitu, cum impijs ambulant,
188 475 1723 545 & ideo tarde mouentur in DEVM. Et aliqui nimis tarde, sicut timendum est.
194 529 1719 596 Contra quos dicitur Ecclesiast. 5. Ne tardas conuerti ad Dominum, & ne dif
186 585 1731 653 feras de die in diem. Inter grauia & leuia ascendentia, illud dicitur esse maioris
187 646 1726 720 uirtutis, quod in minori temporemaius medium diuidit. Medium per quod
182 700 1723 773 transimus ad coelum est mundus. Vnde ille qui mundum breuiori tempore
191 748 1724 813 diuidit, & pertransit ascendendo est, nulli dubium maioris uirtutis & amoris
188 810 1725 875 ad DEVM: propter quod iuuenes cum mundi sentiunt difficultates, & resisten
191 858 1722 933 tias statim ipsum relinquunt, & ad Religionem confugiunt magnae uirtutis se
186 904 1713 965 fuisse ostendunt. Et uerem de quolibet tali dici potest, quod consummatus in bre
182 972 1710 1021 ui expleuit tempora multa, Et bene dicit consummatus: sicut mali quantum
194 1027 1710 1087 cunque diu uiuant, semper sunt inconsummati & imperfecti: ita iustus li
181 1078 1717 1129 cet parum uiuat: tamen propter iusticiam consummatus & perfectus dicitur:
185 1125 1719 1183 ideo bene dixit de iniustis superius. Confrinoentur rami inconsummati. Et per
184 1182 1717 1236 oppositum, Sapien.15. Nosse enim te, iusticia consummata est, quod potest
195 1234 1710 1284 exponi de perfecte in seculo poenitentibus, si tamen assit gratia & vehemen
187 1284 488 1345 tia poenitendi
259 1333 1726 1395 Scribit enim sextus lulius stratagematon libro 3 cap. 1 de Marco Catone
183 1396 1719 1466 talem belli cautelam. Cumesset in Hispania, & uideret se quoddam oppidum pos
188 1443 1715 1502 se occupare, si illud ex inopinato inuaderet, simulauit se quatriduo fugere, &
182 1497 1717 1557 subito in hostes conuersus, biduo per uias difficiles, scilicet montes & nemora
182 1555 1726 1604 redijt, & hostes suos nihil tale metuentes oppressit. Causam uero tam facilis
179 1609 1719 1662 euentus requirentibus sociis, iam uictoribus respondit: Tunc illos uictoriam
184 1662 1713 1710 adeptos, cum quatriduo iter biduo arripuerunt. Moraliter quasi per quatuor die
182 1710 1714 1763 tas elongamus nos a DEO peccando cogitatione, locutione, opere & omissio
175 1776 1708 1837 ne: sicut comuniter confitemur. Reputant ergo daemones se securos quod op
188 1820 1717 1887 pidum coeleste nobis intercluserint. Quod cum desideramus adquirere. Quid
186 1880 1710 1924 ergo restat facere: Certe nihil aliud, nisi fugam praedictorum quatuor dierum, bi
194 1926 1705 1978 duo recompensare, & ad DEVM redire: quanuis autem per quatuor, uidelicet co
183 1987 1711 2045 gitationem, locutionem, opus & omissionem recessimus, possumus tamen, si ueli
185 2034 1723 2086 mus, in duobus diebus redire, uidelicet per contritionem & confessionem. Nam
180 2087 1710 2138 satisfactionem condignam necessario non exegit DEVS, sed per multiplices in
188 2146 1722 2194 dulgentias & pietatis opera redimere possumus, si uelimus. Qui ergo ueraci
180 2197 1711 2244 ter poenitet per tempus breue pro peccato mortali, pro quo poenitentia per tem
178 2248 1720 2313 pus perpetuum debebatur, uere consummatus in breui: explebit tempora multa. Et.
181 2303 1714 2354 ideo tam desic poenitente quam innocente subiungitur: Placida enim erat DEO
182 2367 1714 2421 anina eius: id est, Placuit DEO iuste & innocenter uiuendo aut ueraciter poeni
164 2421 1725 2465 tendo: & quia sic est. Ideo propter haec praemissa uidelicet diuinam iusticiam susci
191 2469 1710 2530 pientem ad praemia, mundanam maliciam allicientem ad crimina, & personalem iusti
181 2512 1719 2583 ciam sufficientem ad merita, properauit DEVS educere eum de medio iniquitatum: id
183 2582 1713 2623 est, placuit DEO, propter ista educere eum de loco certaminis mundi: sicut ui
172 2620 1710 2684 ctor in palestra, qui omnes contrarios proiecit, educitur de medio cum gloria,
189 2673 1711 2731 & datur ei corona. De medio iniquitatum: id est, daemonum & hominum per
180 2740 1712 2796 uersorum, & maxime malorum, qui magis sanctum uirum impediunt quam
179 2785 1709 2839 daemones. Vnde Chrysost. in opere imperfecto Homel. 43. Attendite uobis
173 2834 1722 2889 ab hominibus, quasi a quibusdam pessimis malis: Et super omnia mala malis.
181 2890 1713 2947 Homo est enim pessimum malum. Homo enim malus peior est quam Diabo
174 2935 1722 3001 lus. Diabolus si uideat iustum, non est ausus ad eum accedere. Homo autem
182 2997 1721 3053 malus, quamuis hominem iustum iudicet, non solum illum non timet, sed ma
177 3062 1704 3122 gis contemnit. Non enim Diabolus homini praestat uirtutem, sed homo Dia
