2371 3609
154 229 1716 293 scuntur immutationem habent, quibuscumque uero dumTTV: annorum fuerint plu
166 272 1718 330 rimum comoriuntur uel comouentur: sic igitur est informanda iuuentus mo
169 326 1723 387 ribus, & sic fuit sanctissimus praedicator splendor Eccl. cuius cras conuersionem
157 384 1704 439 celebrauimus tam in moralibus quam scientialibus instructus ad pedes Ga
168 441 1719 504 malielis doctoris, & ideo confidenter dixit coram rege Agrippa praesentatus,
170 492 1721 548 Actu. 26. Et quidem uitam meam a iuuentute quae ab initio fuit in gente mea
170 546 1717 597 in Hierosolymis noverunt omnes ludaei praescientes me ab initio, si uelint te
170 599 1713 651 stimonium perhibere: quoniam secundum certissimam sectam nostrae religio
170 657 1713 706 nis uixi Pharisaeus. Et ueraciter iste consummatus est in breui, expleuit tempora
167 709 1716 762 multa discurrendo, docendo, disputando, scribendo: ut confidenter scriberet il
158 759 1725 816 lud 1. ad Tim. 4. Bonum certamen certaui, fidem seruaui, de reliquo reposita
173 816 1722 869 est mihi corona iusticiae, quam iam habet in coelis. In historia Barlaam quam
161 869 1724 923 lohannes Damascenus dicitur compilasse, refertur quod idem Barlaam mona
169 929 1728 987 chus solitarius primo fuit, & postea magister cuiusdam filij regis, qui losaphat
165 974 1722 1039 dicebatur, a quo idem puer quaesiuit cuius aetatis esset sub his uerbis: Dic mihi,
165 1027 1722 1085 inquit, pater quot annorum es, & ubi conuersaris: quia a te nunquam uolo sepa
167 1093 1728 1148 rari. Et ille respondit: Annorum sumTLV. in desertis terrae Sennaar degens
173 1147 1730 1192 ad quem losaphat, amplius mihi appares pater quam LTVI annorum.. Et ille:
164 1188 1721 1245 Si a natiuitate mea omnes annos meos quaeris discere, bene aestimasti: sed nul
166 1248 1719 1311 lo modo a me in mensuram uitae computantur, quotquot in uanitate mundi
171 1301 1717 1366 expensi sunt, tunc enim in interiori homine mortuus eram, & annos mortis
171 1367 1720 1418 nunquam uitae nominabo. Similis fuit responsio illius, qui diu uixerat in secu
163 1407 1712 1464 lo, & tantumTVII. in religione, qui aetatem suam interroganti respondit, ui
176 1460 1719 1522 xi. Et iterum quaerenti, quantum, respondit: Dum dixi, Vixi: quantum Vixi tibi
168 1522 1712 1575 dixi. Et ideo narrat Valerius Martialis, lib. 1. de quodam Anthonio sene, qui
172 1562 1716 1621 computare potuit.TV. Olympiades. Iste ita uirtute uixerat, quod recogitare
180 1617 1712 1693 potuit de tota uita sua & aetate sine displicentia praecedentis uitij: Et ideo com
175 1676 1722 1733 mendans suam felicem aetatem, dicit quod hoc est bene uiuere, uidelicet sic ui
169 1726 1197 1784 uere quod ipse possit frui uita priori. Vnde dicit sic:
308 1786 1165 1842 Ampliat etatis spacium sibi vir bonus, hoc est,
347 1834 963 1902 Viuere bis, uita posse priore frui.
400 2517 1748 2583 OSTOVAM Spiritus sanctus declarauit quod impij ex compara
421 2585 1740 2633 tione iustorum euidenter iudicantur punibiles. Hic ostendit que ex per
409 2632 1742 2687 secutione iustorum excaecantur & fiunt derisibiles. Excaecauit enim
400 2670 1749 2742 eos malicia eorum, Sap. 2. Et circa hoc duo facit. Primo tangit eorum
178 2735 1735 2800 culpam. Secundo subdit eorum poenam ibi: illos autem. Culpa est duplex, uideli
186 2796 1734 2857 cet ignorantia, & malicia. Ignorantia in non intelligendo. Malicia in continen
180 2837 1740 2909 do. Dicit ergo sic: Videbunt, scilicet mali & reprobi persecutores iustorum, sine
172 2888 1749 2980 sapientis: id est, martyris secundum glossam interlinearem, & non intelligent
176 2944 1753 3032 propter maliciam excaecantem, 2. Cor. 4. DEUS huius seculi excaecauit mentes
187 2995 1744 3075 infidelium, ut in eis non fulgeat illuminatio Euamgelij. DEUS huius seculi: id est,
