2371 3609
620 265 2178 321 DEVS uerus, qui non solum bonos regit, sed etiam malos pro merito praecipi
625 313 2182 374 tat uel principatur secundum Ambros. uel DEUS huius seculi, qui est princeps
631 365 2178 430 huius mundi, qui secularibus principatur secundum Aug. & ideo ex culpa eorum
638 423 2179 497 prouenit, quod non intelligunt, Esa. 6. Audite audientes & nolite intelligere
636 493 2181 539 uisionem, uidete & nolite cognoscere. Non igitur intelligent quid cogitaue
634 529 2191 592 rit de illo, scilicet sapiente DEVS: id est, qualiter DEVS praeparauit sibi coronam
641 581 2182 656 pro cinere, oleum pro luctu, pallium laudis pro spiritu moeroris. Quid autem
631 638 2178 698 DEVS super iustos, qui aduersa sustinent cogitet, ipse dicit Hieron. 29. Ego e
643 686 2181 750 nim scio cogitationes, quas cogito super uos, dicit Dominus. Cogitationes
637 750 2192 816 pacis & non afflictionis, ut dem uobis finem & patientiam. Et quare munierit.
640 794 2185 856 illum Dominus, supple non intelligent reprobi. Quare uidelicet Dominus
641 869 2182 915 munierit martyrem armis fidei secundum glossam. Ex hoc apparet quod lite
637 900 2182 962 ra debet esse munierit & non munierit. Licet Rabanus sic exponit. Consequen
639 965 2184 1023 ter cum dicit: Videbunt enim. Assignata eorum ignorantia assignat eorum maliciam
644 1016 2181 1069 dicens: Videbunt enim mortem sanctorum in praesenti, & contemnent eos nescien
643 1083 2181 1128 tes finem futurae gloriae. Sicut diues contempsit Lazarum, & tamen reportaba
637 1116 2194 1183 tur ab angelis in sinum Abrahae, Luc. 16. Et sic tangitur eorum culpa. Consequenter
633 1178 2185 1237 ibi: illos aut. Subditur eorum poena: quia Dominus illos irridebit: id est, dignos im
646 1231 2182 1290 sione monstrabit in die iudicij generalis, Proverb. 1. Ego quoqe in interitu ue
639 1279 2193 1352 stro ridebo & subsannabo cum uobis quod timebatis aduertit. Et in Psalm. Qui
640 1341 2193 1398 habitat in coelis, irridebit eos, & Dominus subsannabit eos. Irrisio proprie sit
638 1385 2197 1441 cum cachinnatione oris & buccarum: sed subsannatio fit cum rugatione nasi. Et
644 1436 2185 1496 sic tantum uult dicere, quod DEVS ostendit reprobos omni irrisione dignos.
652 1497 1164 1550 Et haec est sententia literae.
694 1553 2189 1603 Videbunt sinem sapientis.] Sapiens enim sicut dicit lsid. 10. Ethic. denominatus
655 1616 2181 1668 est a sapore: quia sicut gustus aptus est ad discernendum sapores ciborum: sic sa
644 1668 2181 1723 piens ad dinoscendum res & rerum causas: eo quod unumquodque dinoscat,
654 1710 2185 1764 atque sensum ueritatis discernat. Cui contrarius est insipiens, eo quod sit sine sa
647 1765 2182 1831 pore nec alicuius discretionis siue sensus. Cum enim nullus sit sapiens a natu
654 1820 2187 1882 ra, sicut dicit Arist. 6. Ethic. cap. 8. Circa sapientiam quatuor sunt attendenda,
651 1870 2184 1922 uidelicet quis sit modus sapientiam adquirendi: quod signum sapientiam co
644 1932 2179 1992 gnoscendi: quod opus sapientiam exercendi: quis fructus sapientiam possi
648 1983 2178 2045 dendi: Primo igitur de modo adquirendi sapientiam. Sciendum quod ipsa non
649 2032 2190 2085 adquiritur sine amore, sine labore, sine humilitate, sine stabilitate. De primo
650 2087 2187 2141 Augustinus de moribus Ecclesiae & monachorum lib. 1. cap. 29. Sapientia si
645 2154 2174 2205 non totis uiribus concupiscatur, inueniri non potest, amore quaeritur, amore re
650 2192 2191 2249 uelatur, amore in ea permanetur, Sap. 8. Hanc amaui & exquisiui a iuuentute
648 2246 1188 2299 mea. Vnde metrice dicitur:
765 2332 1594 2392 Disce libens & eris sapiens & honore frueris,
820 2379 1508 2442 Quod fieri quaeris disce libens & eris.
650 2456 2181 2514 Primo igitur quaeritur amore. Secundo labore. Vnde narrat Hugo Didasco.
647 2514 2186 2564 lib. 2. parte 2: quod apud ueteres lecticam philosophiae quatuor personae sup
651 2571 2177 2633 portabant: duae in specie iuuenum praecedentes: & duae in specie puellarum se
649 2625 2185 2682 quentes. Iuuenes dicebantur amor & labor. Puellae cura & uigilia. In labore
656 2681 2175 2729 est ut agas: in amore ut proficias: in cura ut prouideas: in uigilia ut attendas
648 2725 2180 2778 Vnde narrat Hieronym. in suo Policrato lib. 4. quod gentiles ueteres sapien
647 2782 2178 2836 tiam quasi omnium deorum principem coluerunt: & eius imaginem praefori
639 2835 2186 2884 bus omnium templorum depinxerunt. Et iuxta imaginem eius ista uerba scri
643 2895 2191 2956 pserunt: Vsus me genuit, memoria me peperit: sophiam me uocant Graeci, uos
640 2950 2182 2990 sapientiam. Ego odi stultos homines & ignauia opera, & friuolas sententias.
639 2991 2190 3051 Et hoc est quod dicitur Proverb. 2. Si sapientiam inuocaueris & inclinaueris
641 3053 2180 3099 cor tuum prudentiae, si quaesieris eam tanquam pecuniam, & sicut thesauros effo
