2371 3609
620 258 2168 310 nocuit: non minus latro est, cuius telum opposita ueste eclusum est omnia sce
628 304 2170 365 lera ante effectum operis, quando culpae satis est, perfecta sunt. Eodem modo
626 361 2176 416 licet aliquis inferat iniuriam, sapiens eam non recipit. Multa enim sunt quae in
630 412 2178 471 iuriam submouere possunt. Secundo quod in sapientem non cadit contume
626 466 2174 525 lia sic persuadet. Multa enim que uidentur contumeliae non sunt. Sed fiunt uitia
627 517 2173 584 interpretantis. Si aliquis dicatlibi contumeliam fieri ab aliquo qui sibi non as
617 577 2175 628 surgit. Ponit ergo tale exemplum. Pueri aliquando feriunt parentes, expuunt
626 638 2168 685 in matrem & lacerant, & tamen nullus dicit eos contumeliam intulisse. Et subdit:
631 679 2178 741 Quem animum nos aduersus pueros habebimus hunc sapiens aduersus omnes.
634 746 2182 800 Quibus etiam post iuuentam, canosque puerilitas est. Et addit: Quod inter eos
639 784 2181 848 & pueros non est differentia, nisi quod in maioribus errant uoluptatem secuti, nul
637 850 2178 906 la ratione regulati. Si quaeratur ab eo. Quare si sapiens non accepit iniuriam nec
641 910 2175 955 contumeliam, punit qui talia sibi uel alijs inferunt. Respondet: Non se ulciscitur,
631 956 2177 1011 sed illos emendat, nec tamen irascitur. Quis medicus phrenetico irascitur: Quis
626 1001 2184 1061 febricitantis a frigida aqua prohibiti maledicta in malam partem accipit: Hunc
635 1071 2177 1123 affectum aduersus omnes habet sapiens, quem aduersus suos aegros medicus.
627 1110 2175 1164 Scit sapiens omnes hos qui togati purpuratique incedunt. Valentes, coloratos:
631 1162 2175 1220 sed male sanos esse, quos non aliter uidet quam aegros & intemperatos. Non
627 1216 2183 1284 respicit quid homines turpe iudicent aut miserum non id quod populus, sed
634 1275 2180 1336 ut sidera contrarium mundo iter intendunt: ita hic aduersus opinionem omnium
632 1328 2182 1380 uadit. Haec ille. Signum ergo sapientiae secundum Stoicos est non pati iniurias.
633 1375 2175 1433 Vnde Boëtius, 2. de Conso. prosa 7. narrat de quodam, qui false assumpsit sibi
635 1446 2183 1496 nomen philosophi. Ad istum casu accessit quidam, & dixit se uelle experiri an
632 1486 2182 1540 uere esset philosophus, si illatas iniurias leuiter patienterque sustineret. Ille ergo
625 1539 2183 1607 paulisper patientiam assumpsit, acceptaque contumelia uelut insultans: iam tan
620 1594 2185 1640 dem (inquit) intelligis me esse philosophum. Cui ille nimium mordaciter: In
635 1647 2185 1700 tellexeram (inquit) si tacuisses, quasi diceret. Si tacuisses, putassem te philoso
634 1708 2175 1767 phum. Nunc autem quia de tua patientia quaeris uanam gloriam, scio quia phi
633 1746 2179 1807 losophus non es. Et inde accipitur hoc uulgare prouerbium: Si tacuisses, phi
632 1807 2172 1859 losophus fuisses, Eccles. 20. Homo sapiens tacebit usque ad tempus: lasciuus au
634 1863 1446 1933 tem & imprudens non seruabit tempus.
681 1917 2181 1971 Tertio uidendum est quod sit opus sapientiam exercendi: ubi notandum, quod
631 1975 2178 2035 praecipue tres sunt actus sapientis, informare, reprobare, & ordinare. Informa.
627 2028 2175 2079 re mores, reprobare errores, & ordinare inferiores. Et ideo dicit Aristot. 1. E
623 2080 2178 2127 lenchorum: Est autem ut ad unum sit dicere opus scientis non mentiri, de qui
628 2131 2174 2181 bus nouit, & mentientem posse manifestare. Primum pertinet ad informatio
629 2187 2175 2252 nem: secundum ad reprobationem. Dicit etiam Philosophus 1. Metha. quod
626 2241 2166 2294 inter ea quae homines de sapiente concupiunt: communiter est unum quod ad
624 2294 2181 2341 eum pertinet ordinare. Et ideo in aureo seculo soli sapientes gubernabant. Si
620 2346 2174 2395 cut dicit Seneca in Epist. 92. & Hiero. in suo Polycrato lib. 4. Romanos prin
638 2402 2169 2450 cipes aut duces dum eorum respublica uiguit: non meminit illiteratos extitis
627 2454 2175 2519 se. Et nescio quomodo contigit ex quo in principibus languit uirtus literarum,
630 2508 2178 2556 armatae militiae infirmata est manus, & ipsius principatus quasi praecisa est ra
623 2561 2175 2610 dix. Vnde quidam rex Romanorum scribens Epistolam cuidam regi Franco
622 2620 2168 2667 rum quatenus filios suos in literis erudiret. Istud interseruit. Rex (inquit) illite
613 2672 2166 2725 ratus quasi asinus coronatus. Hinc est quod Carolus transtulit studium de Ro
621 2727 2169 2779 ma int Parisios. De quo dicitur, quod omnes artes liberales habuit in suo pala
620 2786 2170 2848 tio miro modo depictas. Et de Dauid dicitur, quod habuit sapientiam sicut ange
620 2829 2170 2886 lus DEI. Nulla enim comunitas sine sapientibus regi potest. Sap. 6. Multitudo sa
627 2882 2171 2939 pientum sanitas est orbis terrarum. In cuius signum narrat Isid. lib. 1. Ethy. cap. 26.
638 2930 2162 3007 Quod Demosthenes orator contra Philippum regem tali fabula vsus est. Cum Philip
620 2992 2170 3048 pus Athenienses obsideret, postulauit ut sibi decem oratores darentur, & tali pa
630 3046 2178 3100 cto discederet. Respondit Demosthenes: Lupos aliquando pastoribus, quorum
