2371 3609
200 251 1744 316 prostrati. 1. Mach. cap. 3. State nunc contra inimicos & expugnate eos. Vult
193 315 1747 382 enim Scriptura quod iusti stare debent ad quatuor actus, scilicet ad uidendum,
194 367 1741 433 ad docendum, ad testificandum, & ad pugnandum: Primo ad uidendum.
196 407 1750 478 Nam ille qui stat ad remotius potest uidere quam qui sedet, Hierem. 6. State
194 460 1742 526 super uias & uidete & interrogate de semitis antiquis, quae sit uia bona & am
182 517 1728 585 bulate in ea. Secundo ad docendum. Praeco proclamaturus edictum Regis a
183 574 1741 651 scendit in altum, ut eminus audiatur: Praeco quicunque est quasi praedicator
190 637 1735 689 proclamaturus edicta regis: id est, praecepta CHRISTI, Act. 5. Stantes loqui
188 690 1729 763 mini in templo omnia uerba uitae huius. Et Neemi. 8. Stetit Esdras super gra
188 739 1740 801 dum ligneum, quem fecerat sibi ad loquendum. Tertio stare iubetur iustus ad
181 798 1738 867 testificandum, Matth. 9. Stabitis ante reges & praesides propter me. Quarto ad
184 851 1746 906 pugnandum, ad Ephes. 6. Accipite armaturam DEI, ut possitis resistere in die
185 911 1731 972 malo, & in omnibus perfecte stare. Stabunt ergo iusti in magna constantia,
192 959 1728 1026 qui in uita ista abiecti fuerunt in magna miseria, 1. Mach. 2. Mathathias & fi
185 1003 1733 1065 lij eius constanter steterunt. Vnde consonat quoddam responsorium: O con
179 1057 1733 1123 stantia martyrum, &c. Quod responsorium fecit quidam rex Franciae nomine
174 1110 1744 1175 Robertus, qui floruit circa annos Domini, 1196. hac occasione. Cum esset
180 1179 1732 1231 uir literatura & subtilitate celebris, & morum ciuilitate urbanus: carmina multa
181 1224 1722 1279 in Latino sermone ad honorem DEI composuit, uidelicet prosam: Sancti spi
170 1288 1732 1341 ritus assit nobis gratia. Et responsorium de natiuitate Domini, uidelicet: Iudaea
176 1334 1724 1386 & Hierusalem, & responsorium de beato Petro. Cornelius Centurio. Et de o
182 1394 1725 1458 mnibus sanctis: Concede nobis. Cuius uxor uocabatur Constantia, quae mo
176 1439 1730 1493 leste tulit, quod de ea nihil composuerat, quod posset ad eius laudem decan
185 1494 1727 1547 tari. Ille ergo ad placandum eius impatientiam composuit praedictum respon
170 1550 1726 1602 sorium de martyribus: O constantia martyrum, quod illa de se aestimans de
183 1600 1737 1683 cantatum, placata est: Stabunt ergo iusti in magna constantia aduersus eos qui se
183 1661 1731 1714 anoustiauerunt, iniurijs aut flagellis, ad Hebr. 11. Circumierunt in melotis, in
181 1719 1726 1781 pellibus caprinis, egentes angustiali, afflicti quibus dignus non erat mundus.
171 1768 1725 1817 Et subditur causa: Qui abstulerunt labores eorum: id est, auferre uoluerunt cogen
175 1819 979 1869 do eos, derelinquere legem CHRISTI
224 1867 1706 1926 Dubitatio circa materiam huius lectionis erit ista. Vtrum in iudicio gene
173 1930 1713 1981 rali erit aliqua disceptatio uocalis. Quod non. Quia secundum Aug. de Ciuit
166 1983 1709 2036 DEI lib. 4. cap. 26. DEVS conscientias reproborum conuincet sine ulla ser
173 2033 1717 2090 monis prolixitate. Sed si fieret accusatio singulorum, fieret magna sermonis
164 2095 1726 2153 prolixitas: Ergo nulla erit ibi uocalis disceptatio, neque iudicis, neque testium,
177 2146 1725 2197 neque reorum. Praeterea August. eodem lib. cap. 15. loquens de libro uitae, ex
169 2198 1725 2261 cuius Scriptura omnes homines iudicabuntur. Sicut dicitur Apoc. 20. Dicit,
174 2252 1720 2310 quod hoc non debet intelligi corporaliter: quia haberent magnitudinem in
161 2311 1719 2355 effabilem, & uix in longissimo tempore posset legi: sed non minus tempus re
167 2356 1732 2416 quiritur ad narrandum oretenus, quam ad legendum in libro si esset ibi scriptu
160 2414 1725 2463 ra: Ergo sicut liber uitae debet intelligi spiritualiter pro quodam uirtute diui
163 2473 1702 2518 na, per quam fiet ut unicuique opera sua tam bona quam mala in memoriam re
170 2519 1718 2571 uocentur, atque simul omnes & singuli iudicentur. Ita debet iudicium & quan
164 2574 1714 2627 tum ad sententiam & quantum ad disceptationem intelligi mentaliter. Prae
163 2630 1721 2681 terea ad Roman. 2. Testimonium reddente illis conscientia eorum, & inter se
163 2676 1713 2734 inuicem cogitationum accusantium, seu etiam defendentium in die, quarido
165 2738 1723 2788 iudicabit DEVS occulta hominum: Ergo accusationes ibi non erunt nisi men
163 2790 1248 2841 tales: & eadem ratione disceptatio & sententia iudicis.
217 2840 1724 2894 Aa oppositum est Greg. 16. Moral cap. 21. ubi loquens de reprobis dicit:
163 2891 1715 2951 Illi uerba iudicis audient, qui eius fidem saltem uerbotenus tenuerunt. Sed hoc
169 2949 1721 3003 de uerbo interiori intelligi non potest: Ergo de uerbo uocali. Praeterea senten
169 3004 1723 3057 tia debet congruere statui illorum, contra quos ferenda est: Ergo sicut in iudi
158 3061 1719 3125 cio particulari contra animas exutas fertur sententia spiritualis: Ita tunc cum
