2371 3609
849 545 2170 603 OSTQVAM Spiritus sanctus assignauit confessionis confusibi
848 603 2175 657 lis a reprobis in iudicio faciendae causam necessariam: Hic enarrat
855 661 2163 713 eiusdem confusionis uel confessionis materiam multifariam. Pri
839 723 2180 775 mo enim fatentur se peccasse in proximos. Secundo se errasse quo
850 776 2179 827 ad seipsos ibi: Ergo errauimus. Circa primum duo facit: quia pri
615 817 2186 881 mo pouit recognitionem peruersitatis. Secundo admirationem nouitatis ibi:
619 878 898 949 quomodo ergo.
683 925 2176 989 Quantum ad primum, recognitio eorum stat ex duobus. Fatentur enim ex
620 977 2185 1052 presse: primo quod uiuos iustos iniuste contempserunt. Secundo quod uitam
618 1030 2174 1095 eorum malem iudicauerunt. De primo dicunt sic: Hi sunt quos aliquando habui
608 1101 2169 1152 mus in dertsum & in similitudinem improperij. Nliquando supple breui tempo
626 1154 2181 1205 re uitae mundialis habuimus in derisum, lob. 12. Deridetur iusti simplicitas.
622 1204 2180 1255 Sed certe non impune: quia Proverbio. 3. Illusores ipse illudet, & mansuetis da
620 1254 2175 1309 bit gratiam, & eiusdem, decimonono, in fine: Parata sunt derisoribus iudicia &
619 1316 2178 1369 mallei percutientes stultorum corporibus. Communiter derisores sunt perti
611 1373 2186 1415 naces & durae siue ferreae ceruicis. Et ideo Diabolus sicut faber ferrarius mal
625 1410 2180 1468 teabit super eos, quasi super cadens ferrum in inferno. Et in similitudinem im
611 1480 2187 1539 propersi: quia improperium quod fecerunt sanctis non fuit uerum improperium:
625 1520 2166 1585 Verum enim improperium est de malo. Ipsi autem improperauerunt quod non
626 1574 2183 1640 fuit malum, imo bonum, sicut quod erant pauperes & abiecti in mundo, quod
632 1626 2179 1701 ipsi credebant in hominem crucifixum, quod reuera non fuit improperiosum,
631 1689 2175 1746 sed potius gloriosum. Ad Galat. sexto: Mihi autem absit gloriari nisi in cruce
623 1729 2187 1791 Domini nostri IESVCHRISTI. Sic ergo fatentur: quia uiros iustos iniuste
619 1790 2178 1843 contempserunt. Secundo fatentur, quod uitam illorum male iudicauerunt. Et
627 1849 2179 1897 hoc quantum ad meritum, & quantum ad praemium. Quantum ad meritum
622 1901 2179 1960 fatentur quod uitam sanctorum aestimauerunt insaniam. Quantum ad praemium,
619 1951 2185 2004 tatentur, quod finem illorum aestimauerint sine honore. Vnde dicunt sic: Nos insen
619 2004 2178 2073 sati aestimabamus vitam eorum insaniam. Ecce mirabilis transmutatio. Quan
625 2070 2184 2125 do uixerunt & alios rexerunt reputabant se sapientissimos. Sapientes ad deci
621 2125 2186 2177 piendum, sapientes ad adquirendum, & sapientes ad semetipsos defendendum
632 2162 2181 2219 Sed reuera: Stultam fecit DEVS sapientiam huius mundi. Et ideo bene in
632 2224 2178 2273 cipiunt suum confiteor, dicentes: Nos insensati uitam illorum aestimabamus
617 2272 2181 2330 insaniam. Vnde ut & de nostris temporibus procedamus. Quorum uita magis
622 2335 2187 2382 reputatur insania quam uita illorum, qui CHRISTVM totaliter imitantur in
630 2379 2181 2437 uoluntaria paupertate: qui relinquunt habita & habenda: Renunciant curis
627 2435 2184 2491 Ecclesiae, & haereditates amplas permittunt alios occupare. Isti apud mundo
632 2490 2181 2540 deditos fatui, fabulosi & insani putantur. Sed a quibus: Certe non nisi ab in
626 2541 2181 2596 sanis mundi amatoribus. Et illud est mirabile. Credunt fatui Christiani CHRI
626 2599 2191 2656 STVM saltem uerbotenus esse uel fuisse DEI Patris sapientiam, & uenisse in
632 2647 2185 2708 mundum ad docendum homines uiam rectam, ueram & sinceram, in coelum
631 2712 2183 2772 producentem. Et tamen illam uiam sectantes derident & abominantur, &
633 2752 1227 2821 quantum possunt deprauant.
685 2811 2190 2869 Nota, quod quatuor genera hominum CHRISTVM legimus derisisse
628 2864 2188 2940 Diuites auaros, Principes praeclaros, milites amaros, & simplices ignaros. Et
619 2923 2182 2973 isti minime peccauerunt inter omnes. De primis habemus Luc. 16. Vbi CHRI
620 2970 2185 3044 STVS legitur docuisse quod nemo potest DEO seruire & mammonae. Et ibi
629 3026 2184 3081 subditur sic: Audiebant autem omnia haec Pharisaei, & qui erant auari & deri
618 3091 2193 3153 debant eum. De secundis, Lucae 23. Deridebant eum principes dicentes:
