2371 3609
655 255 2154 315 Notandum quod inter locutiones humanas, una quae uehementer contra
588 307 2161 366 riatur uirtuti, est derisio. Et est derisio locutio deordinata de defectu hominis
600 366 2159 438 propter, ludum ut homo inde erubescat. Vnde intentio deridentis secundum
604 407 2158 481 quod derisio est peccatum, est diminuere gloriam quam homo potest in con
611 467 2150 532 scientia sua habere de bono uirtutis per erubescentiam creatam in eo sub specie
608 526 2163 586 ludi. Vnde dicit Arist. 4. Ethic. cap. 2. quod circa ludum contingit reperire su
614 581 2155 648 perabundantiam & defectum & medium, in quo consistit uirtus. Est enim Iu
610 633 2157 693 dus necessarius ad uitam sicut requies quaedam mentis: quia si mens humana
601 697 2154 747 semper extenderetur circa seria, hebetaretur & fatigaretur nimis. Et ideo con
609 730 2165 800 ueniens est quod pro loco & tempore habeat requiem: hoc autem est per ludum
607 784 2163 848 Caueri tamen debet superabundantia maxime. Quia dicit Arist. 9. Ethicorum:
600 851 2165 905 Delectatio est necessaria ad uitam, sicut sal ad cibum. Modicum autem de sale
607 890 2161 960 sufficit ad magnam quantitatem cibi. Vnde si quarta pars cibi fuerit de sale ni
613 962 2157 1012 hil ualeret. Eodem modo de ludo certis temporibus sufficit ad quietem men
613 1001 2167 1067 tis. Vnde illi qui totum tempus suum expendunt in ludis, uenationibus, aleis
619 1052 2172 1120 taxillis, excessiui sunt & uitiosi in ludo. De quibus verificatur illud Sap. 15.
614 1107 2159 1175 Aestimauerunt ludum uel lusum esse uitam nostram. Dicit ergo Aristotel
601 1164 2162 1226 loco praeallegato, quod nimis derisiui superabundant in ludo, & sunt tales
607 1217 2157 1284 qui nihil curant, quid dicant, siue sit offensiuum, siue placidum, siue honestum,
608 1278 2159 1332 iue inhonestum, dummodo causent risum. Et tales sunt onerosi nihil omni
608 1323 2171 1386 no desiderantes nisi risum, & uocantur belmolothi: id est, raptores templo
605 1391 2160 1440 rum. Et imponebatur illis hoc nomen ad similitudinem miluorum volitan
613 1438 2153 1494 tium circa templa gentilium. In illis enim Iocis relinquebantur intestina de sacri
604 1487 2159 1546 ficijs animalium. Vnde sicut milui continue uolitant circa templa ad nihilum
606 1544 2169 1599 aliud uacantes, nisi ut rapiant intestina. Ita belmolothi in conferendo cum homi
612 1595 2166 1654 nibus nihil aliud explorant nisi defectus hominum, quos possint recitare ad
617 1664 2162 1706 causandum risum in alijs, & in alijs erubescentiam. Et talis ludus non est ludus
613 1704 2160 1760 liberalis nec disciplinatus, sed seruilis & indisciplinatus: quia ad ludum libe
611 1755 1632 1815 ralem requiritur, quod dicantur placida & honesta
671 1804 2168 1876 Est ergo notandum quod derisio quatuor facit. Primo ostendit stultitiam,
613 1858 2176 1921 suspendit amicitiam, offendit iusticiam, & intendit maliciam. Primo ostendit
614 1920 2167 1975 stultitiam: quia qui deridet hominem similem sibi pro quocunque defectu na
621 1973 2160 2027 turali uel morali, ignorat propriam fragilitatem. Potest enim fieri derisibilis de
617 2023 2166 2082 consimili, si DEVS permittat. Vnde Gregor. 25. Mor. cap. 7. Quid sumus ho
608 2088 2169 2137 die nouimus: quid autem post paululum esse possumus, nescimus. Hi uero
626 2137 2163 2202 quos fortasse dispicimus, tarde possunt incipere, & tamen uitam nostram fer
618 2199 2157 2245 uentioribus studijs anteire. Timendum itaque est ne etiam nobis cadenti
614 2243 2165 2298 bus surgat, qui nobis stantibus irridetur, quamuis stare iam non nouit, qui
617 2298 2166 2355 non stantem nouit irridere. Haec Gregorius. Et ideo aduertat quilibet illud
614 2351 2163 2402 lob. undecimo: Cum caeteros irriseris, tu a nullo confutaberis: quasi dice
613 2409 2162 2475 ret, quod sic. Quia Proverbiorum tertio de DEO dicitur: Illusores ipse
618 2458 802 2510 deludet.
663 2505 2160 2570 Secundo suspendit amicitiam. Est enim ut frequenter causa contentionis
614 2569 2165 2624 & discordiae, Proverbiorum uicesimosecundo: Eijce derisorem, & exibit cum
620 2623 867 2686 eo iurgium
668 2673 2166 2731 Tertio offendit iusticiam: Facit enim derisor alteri quod sibi nollet fieri. Et
620 2722 1600 2780 ideo Proverb. 19. Parata sunt derisoribus iudicia.
672 2780 2166 2832 Quarto intendit maliciam. Incipit enim in ludo & sub specie ludi, & inten
614 2838 2157 2889 dit inhonestatem proximi, & sic committit mendacium facti, Hierem. 9. Om
618 2892 2161 2948 nis amicus fraudulenter incedet & uir fratrem suum irridebit, & veritatem
612 2953 2167 3002 non loquetur. Et ideo contra derisores datScriptura quatuor minas. Dicit
624 2999 2159 3048 enim quod non sunt arguendi de iniquitate, non sunt instruendi de fatuita
608 3058 2154 3118 te. Sunt eijciendi a societate, & sunt deridendi a DEI maiestate. De primo
