2371 3609
181 251 1765 304 Proverb. 9. Noli arguere derisorem ne oderit te: Argue sapientem & diliget
185 312 1749 361 te. De secundo quaeret derisor sapientiam & non inueniet. De tertio, Proverb.
188 367 1776 420 22. Eijce derisorem, &c. De quarto, Psalm. Tu Domine deridebis eos ad nihi
193 417 1758 470 lum deduces omnes gentes, Sap. 12. Propter hoc tanquam pueris insensatis
194 469 909 523 iudicium eis in derisum dedisti, &c
420 989 1749 1042 OSITA est supra uiolenta confessio, quam reprobi compulsi fa
419 1051 1743 1111 cient in iudicio generali, quantum ad iniusticiam, quam proximis
421 1103 1752 1154 intulerunt. Hoc ergo facto exequitur Spiritus sanctus ponere eorum
407 1153 1756 1208 confessionem, quantum ad maliciam quam in seipsis habuerunt. Et
183 1220 1739 1261 circa hoc duo facit. Primo ponit eorum confessionem. Secundo dictorum re
193 1273 899 1318 capitulationem, ibi: Talia dixerunt.
241 1315 1750 1363 Circa primum tria fiunt. Primo fatentur se iniuste fuisse defraudatos a ue
182 1373 1752 1435 ra cognitione. Secundo fatentur se fuisse frustra fatigatos in operatione. Et
196 1423 1747 1489 tertio fatentur se fuisse uane deordinatos in dilectione. Secunda pars ibi: Lar
182 1473 1757 1543 sati sumus. Et tertia ibi: Quid nobis profuit superbia. Dicunt ergo primo conse
185 1546 1759 1584 quentionaliter sic inferendo: Ergo errauimus, &c. Optime concludunt de
185 1583 1755 1638 seipsis. Nos insensati aestimabamus uitam sanctorum fuisse insaniam, & finem
191 1638 1747 1701 illorum sine honore. Et iam uidemus quod uita eorum fuit summa sapientia,
181 1695 1755 1746 & finis eorum est in maximo honore. Ergo constat nobis modo quod tunc
179 1745 1751 1818 errauimus a via veritatis: id est, a doctrina CHRISTI, Iohan. 14. Ego sum uia,
191 1814 1747 1866 ueritas & uita. Et iusticiae lumen non luxit nobis. Quia sponte reccssimus a
187 1856 1749 1909 uia veritatis: id est, a doctrina fidei Christianae. Et ideo lumen iustici emnon lu
190 1923 1746 1972 xit nobis. Sicut ille qui relictis uijs in superficie terrae, ambulat per specus sub
186 1959 1756 2018 terraneos ipsemet recedit a lumine, & est causa sibiipsi carentiae luminis. Se
187 2014 1757 2071 quitur: & sol intelligentiae non est ortus nobis. Dicitur enim CHRISTVS Sol
193 2070 1751 2124 intelligentiae & Sol iusticiae. Sol intelligentiae: quia facit nos eum intelligere
203 2124 1749 2177 per fidem. Esa. 7. Nisi credideritis, non intelligetis secundum unam literam.
188 2176 1750 2234 Sol iusticiae: quia iuste retribuet nobis secundum facta nostra, Malach. 4. O
185 2235 1761 2287 rietur uobis timentibus nomen meum Sol iusticiae. Comparatur autem CHRI
194 2296 1774 2342 STVS Soli propter tria. Primo: quia sicut Sol est causa & fons luminis, & calo
191 2345 1775 2406 ris & uitae corporaliter in istis inferioribus. Vnde dicit Arist. 2. Phys. homo ge
194 2407 1762 2463 nerat hominem & Sol. Ita CHRISTVS causa est noticiae & uitae gratiae in
191 2461 1753 2513 omnibus creaturis. Vnde sicut Sol radios suos ubique proijcit supra sepulchra
193 2502 1750 2562 & foeda: ita CHRISTVS radios suae bonitatis extendit non solum ad bonos,
190 2556 1752 2616 sed etiam ad malos, eos ad poenitentiam alliciendo: eis temporalia largiendo,
194 2616 1745 2673 & poenam eis debitam differendo, Eccles. 42. Sol per omnia illuminans respe
195 2674 1755 2725 xit, & Matth. 5. Solem suum oriri facit super bonos & malos. Quando autem
187 2725 1751 2777 ita est, quod Sol proijcit radios suos super niuem, & super glaciem, & non li
198 2768 1759 2837 quescunt, signum est quod aliquis planeta frigidus impedit radios Solis, &
195 2836 1745 2886 eius effectum: Et ita est moraliter, quando CHRISTVS proijcit radios suae
195 2888 1761 2944 clementiae super cor congelatum alicuius peccatoris: Facit eum cogitare de
195 2931 1759 2990 beneficijs CHRISTI in creatione, redemptione, & peccatorum remissione:
197 2980 1754 3045 & praemiorum distributione. Et tamen non liquescit cor illud durum. Reuera si
199 3034 1752 3115 gnum est quod frigidus planeta. i. Diabolus per maliciam infrigidatus, impedit es
