2371 3609
604 252 2162 314 fectum Solis: id est, CHRISTI, Hierem. 6. Sicut frigidam facit cisterna aquam
600 314 2166 369 suam: Sic frigidam fecit malitiam suam dominator Diabolus super regionem
613 370 2171 432 cordis talis. Et per oppositum est de peccatoribus congelatis, non tamen in
604 427 2162 468 tanto excessu infrigidatis. Illi enim liquescunt ad radios Solis CHRISTI. Ex
608 469 2172 530 emplum de Petro, Lucae 22. Qui postquam CHRISTVM negauerat, &
614 525 2160 585 CHRISTVS eum respexisset, egressus foras fleuit amare. Ecce quomodo li
607 589 2161 635 quescebat, & conuertebatur in aquam. Exemplum de Magdalena, Lucae 7
613 627 2173 695 quae irradiata ab isto sole lachrymis coepit irrigare pedes eius, & capillis terge
605 679 2170 741 re. De qua canit Ecclesia: Liquefecit & refecit resolutam in lamentis, uerbum mis
602 748 2161 803 sum coelitus. De talibus exponi potest illud 4. Reg. 3. Surgentes orto sole ex
608 787 1374 847 aduerso aquarum uiderunt Moabitae.
657 837 2166 899 Secundo comparatur CHRISTVS Soli ratione suae motionis: Quando
611 896 2167 955 ita est, quod Sol rubet de mane in ortu suo, signum est tempestatis sequentis
618 949 2167 1010 & quando rubet in occasu, signum est serenitatis. Vnde Matthaei, 16. Facto
611 1020 2175 1067 uespere dicit, Serenum erit: Rubicundum est enim coelum. Et mane, hodie
609 1073 2179 1114 tempestas erit: Rutilat enim triste coelum. Sic circa CHRISTVM accidit:
613 1116 2179 1179 Nam post ortum & originem suae praeclarae natiuitatis statim rubor apparuit:
622 1182 2178 1243 quia die octauo uenerunt circumscindere puerum. Vnde statim effudit suum
623 1236 2165 1286 languinem. Et certe istum ruborem sequebatur tempestas ualida in Psalm.
616 1273 2178 1332 In circuitu eius tempestas ualida. Iterum etiam sero in occasu istius Solis appa
607 1326 2171 1386 ruit rubedo magna, quando totum corpus effulsit sanguine flagellatum, con
617 1393 2169 1441 clauatum, lanceatum, & spinis in capite coronatum. Sed iste rubor fuit si
616 1436 2176 1503 gnum futurae serenitatis in resurrectione, & tranquillitatis perpetuae. Tho
608 1488 2163 1554 biae 3. Post tempestatem tranquillum facis, & post lachrymationem & fletum,
608 1550 2179 1612 exultationem in fundis. Sicut autem sol sine laesione oculorum conspici
617 1612 2165 1666 non potest clare: sed si nube tegatur quae non est nimis grossa, delectabiliter
614 1654 2172 1706 iam uidetur, Eccles. 11. Dulce lumen & delectabile oculis est uidere solem: Ita
614 1710 2162 1763 filius DEI in suae naturae puritate ab oculis mortalibus uideri non potuit an
610 1770 2164 1815 te incarnationem. Et ideo uolens se exhibere hominibus, nube humani
611 1814 2170 1868 tatis ndtrae de uirgine sumpta, se inuoluit operante Spiritu sancto: sicut pro
613 1879 1649 1936 phetaum fuerat Excechielis 32. Solem nube tegam.
662 1924 2157 1987 Tertio sicut radio intromisso in domum quantumcunque uideatur pura,
607 1979 2169 2031 ostendit eam habere pulueres, quae tamen non uidentur, nisi in radio Solis: Ita
614 2036 2160 2084 declarat CHRISTVS domum conscientiae, in quocunque homine quantumcun
606 2090 2158 2143 que uideatur honesta. Magnam copiam habere uenialium peccatorum: quia
605 2142 2167 2197 quanto magis aliquis gratiae radium recipit, tanto magis se frequentius de er
613 2191 1222 2259 roribus proprijs deprehendit.
658 2248 2163 2298 Istum solem & suum radium tria a nobis subtrahunt, & abscondunt, ter
608 2303 2160 2355 ra, nubes, & luna. Terra mundialis cupiditatis: Nubes temporalis uanitatis:
611 2355 2157 2406 & Luna carnalis uoluptatis. Quando terra quae est infimum elementum inter
614 2412 2162 2475 ponitur inter aspectum nostrum & Solem, sicut contingit de nocte, nec uide
608 2463 2164 2518 mus Solem nec Solis radios: sed manemus omnino in tenebris infra umbram
609 2525 2163 2569 terrae. Isto modo multi sunt inter quorum aspectum & DEVM interponi
611 2569 2155 2627 tur ipsa terra: quia tota eorum solicitudo, cogitatio & affectatio ad terram
603 2627 2161 2695 dirigitur Et eis occidet Sol in meridie sicut dicitur, Amos capite 8. Sunt alij
609 2687 2139 2747 quibus Sol absconditur propter nubem interpositam. Dignitates huius ui
608 2738 2161 2801 tae uolatiles sunt quasi nubes sine quiete, quae interponuntur super ocu
602 2781 2160 2838 los superborum & ambitiosorum, & DEVM, quod eum uidere non pos
605 2837 2157 2898 sunt: quia nubibus aeris condita, nullum fundere possunt sidera lumen
608 2892 2156 2946 Primo de consolatione in fine. Sed in morte satis eum uidebunt ad terro
605 2952 2163 3009 rem, & iudicium suum, 2. Machabaeorum primo: Tempus affuit quod
603 2997 2157 3054 sol refulsit, qui prius erat sub nubibus. Tertio sunt alij quibus sol ecly
596 3059 2154 3124 psatur per interpositionem Lunae carnalis uoluptatis. Et hi sunt bestiales,
