2371 3609
624 225 2181 307 plana, ideo contingit homini maior labor & maior fatigatio. In processu uerd
638 301 2181 356 non plano ubi aliquando ascenditur, aliquando descenditur, non semper tene
638 341 2193 396 tur eadem figura motus, in instrumentis mouendi, nec illae partes uexantur u
637 400 2190 449 niformiter continue, sed alternatim: quia ascendendo plus laboramus in genu
632 451 2190 502 bus & tibijs: descendendo plus in femoribus. Et propter istam alternationem
632 504 2190 555 laboris inter partem supra genu, & reliquam sub genu, in uia non plana contingit
637 559 2184 609 minor labor, & minor fatigatio, in uia alternatim nunc uallosa, tunc montuosa.
626 611 2190 661 lsto modo moraliter in uiuendo uirtuose. Fragilitas enim humana non per
630 665 2185 720 mittit aliquo modo quod mens & studium hominis uniformiter extendatur
633 723 2184 777 in contemplando, nec iterum expedit quod semper descendat ad opera uitae
635 770 2192 824 actiuae circa mundum: quia tunc fieret & nimis aridus & indeuotus. Et ideo, sicut
629 826 2186 880 homo est compositus ex corpore & anima, de quorum numero corpus fatigatur
626 879 2192 933 ascendendo per orationes, studia, uigilias, contemplationes, anima fatigatur
633 933 2180 986 & desiccatur descendendo & occupando se circa temporalia proximis dispen
620 986 2177 1040 sanda. Ideo sicut alternatim & uicissim debemus incedere, ut quantum possu
627 1044 2184 1094 mus fatigationem & taedium deuitemus in seruiendo DEO: & interdum ascen
631 1094 2184 1150 dere contemplando, & postea descendere proximum iuuando. In cuius figuram
638 1164 2182 1203 Iacob uidit angelos ascendentes & descendentes de coelo ad terram: & de ter
619 1206 2180 1257 ra ad coelum uicissim, Gen. 28. Vnde sicut in uitis fratrum Praedicatorum legitur:
614 1259 2183 1304 Quidam iuuenis quaesiuit a fratre lordano, qui fuit sanctissimus homo, & se
619 1313 2178 1373 cundus magister ordinis post sanctum Dominicum, quid esset sibi utilius, uel
619 1367 2188 1416 orationibus insistere, uel se Scripturarum studijs occupare. Cui Magister respon
626 1424 2177 1475 dit: Quid est (inquit) melius, semper bibere uel semper comedere. Et utique sicut
617 1476 2178 1529 ista competit alternatim fieri: sic & illa. Vnde de Paulo scribit Haymo, quod unam
617 1538 2182 1590 partem diei solebat expendere in oratione, & aliam in praedicatione: tertiam
619 1582 2178 1633 in operatione manuali. Ne ergo cum istis malis dicamus in fine: Ambulanimus
632 1636 2181 1691 tias difficiles: Viam autem Domini ignorauimus. Petat quilibet cum Psal. Not
619 1687 2166 1744 fac mihi uiam, in qua ambulem. Multum enim confert ad solatium ambulan
623 1744 2176 1794 tis bona notitia uiae per quam debet ambulare. Nam caeteris paribus ipsa ui
620 1801 2166 1852 detur ambulanti breuior, quam uia ignota eiusdem quantitatis. Vnde Arist.
623 1855 2179 1910 de problematibus parte quinta, problemate 25. quaerit. Quare ambulantes
615 1908 2168 1961 uiam, nescientes quanta est ipsa, apparet nobis longior quam quando scimus
611 1963 2176 2014 eam, & frequenter sumus eius quantitatem experti. Et respondet quod anima
614 2014 2163 2067 in tali uia paralogisatur quoddammodo a seipsa. Experitur enim anima istam
624 2075 2168 2136 consequentiam esse certam. Scio mensuram huius uiae: Ergo est finita. Et quia
611 2121 2176 2178 nescit mensuram huius uiae: Ideo arguit a negatione antecedentis. Huius uiae
619 2177 2176 2224 nescio mensuram: Ergo est infinita. Et sic in iudicando decipitur. Isto modo mo
620 2229 2167 2280 raliter. Homines dati uitijs iudicant, quod aliqui homines possent uiuere uir
615 2283 2170 2333 tuose. Vnde homo luxuriosus miratur quomodo aliquis poterit seruare per
609 2348 2172 2404 petuam continentiam. Homo gulosus aestimat quod nullus homo potest fa
614 2399 2181 2447 cere abstinentiam. Homo iniustus & cupidus credit, quod omnis homo cupiat
611 2444 2172 2500 habere diuitias & abundantiam. Et ideo omnis homo iudicat alium secundum
614 2495 2183 2560 seipsum. Sicut docet Chrysost. in imp. opere. Hom. 33 .Omnis homo secundum
608 2551 2175 2606 se existimat alterum, nec potest ipse melius sentire de altero, quam sentit de se
614 2605 2167 2664 ipso. Ecce fornicari neminem aestimat castum. Castus non de facili de fornica
614 2665 2167 2715 tione suspicatur. Superbus neminem putat humilem: & humilis nullum cre
617 2710 2176 2785 dit superbum, & sic de alijs, Ecclesiast. 10. In uia stultus ambulans cum sit ipse
607 2768 2164 2822 insipiens, omnes stultos aestimat: Ergo causa quare uia uirtutis, & uia poeni
601 2829 2168 2885 tentiae & sanctae religionis reputatur laboriosa, & difficilis est inexperientia &
604 2874 2179 2937 ignorantia. Et quod anima paralogisatur a semetipsa. Et ideo nobis dicitur
696 2929 2022 2987 Hierem. 6. State super uias, & uidete, & interrogate de semitis an
798 2989 1963 3031 tiquis, quae sit uia bona, & ambulate in ea, & inuenietis re
1097 3033 1674 3092 frigerium animabus uestris.
