2371 3609
172 249 1730 321 lophiaNonne quia uel aberat: Quod abesse non uelles, uel aderat quod de
168 323 1722 395 esse non uoluisses: Ita est, inquam, dicit Boëtius: Ergo dicit philosophia hu
175 369 1737 428 ius absentiam, & huius praesentiam desiderabas: Ergo indigebas. Ergo diui
170 431 1738 484 tiae non conferunt sufficientiam, nec auferunt indigentiam: Et tamen hoc pro
181 482 1728 563 mittere uidebantur. Iterum diuitiae poterunt auferri inuito Domino. Ergo di
179 540 1739 606 ues indiget extrinsecus petito praesidio quo suam tueatur pecuniam, & illo
174 594 1740 662 praesidio non egeret, nisi pecuniam possideret. Ergo diui iae quae promiserunt
170 648 1732 719 facere sufficientes faciunt exterioribus indigentes. Item: Nunquid diuites e
185 689 1726 768 surire nequeunt: Num sitire non possunt: Num frigus hybernum pecunio
176 745 1729 828 sorum corpora non sentiunt: Concludit: Ergo metro sequente, quod omnem
169 811 1729 867 auarum diuitem duo mala sequuntur in uita. Curae mordacitas, & in morte
165 855 662 909 paupertas. Vnde dicit:
438 919 1128 984 Quamuis fluente diues auri gurgite.
430 972 1084 1037 Non expleturas cogat auarus opes
427 1029 1054 1087 oneretque baccis colla rubri litoris.
434 1078 1114 1148 Rur aqe centeno scindat optima boue
434 1128 1158 1199 Nec cura mordax deserit superstitem,
440 1185 1207 1254 Defunctumque, leues non comitantur opes.
177 1228 1732 1308 Vult dicere, quod licet diues auarus cogat: id est, congreget opes non exple
188 1298 1746 1346 turas indigentiam suam. Congreget, inquit, in tanta abundantia quasi gurges
187 1338 1736 1404 fluminis auri ad se sponte flueret, & hoc quantum ad pecuniam. Et oneret etiam
179 1406 1737 1450 colla: id est, collum. Ponitur plurale pro singulari: baccis, id est, gemmis, col
194 1451 1735 1525 lectis in littore maris rubri, quod est mare Aegyptiacum: & hoc dicit quantum
185 1514 1755 1558 ad iocalia & ornatum. Quamuis etiam sit ita diues agris, quod scindat Trura
186 1573 1735 1631 optima centum bobus: id est, 50. iugis. Quamuis ita tripliciter sit diues. Ista duo
188 1617 1744 1673 inconuenientia eum necessario cosequuntur: id est, in uita. Cura mordax non
193 1673 1733 1722 deserit superstitem. Defunctumque leues: id est, leuiter transeuntes opes non co
189 1726 1751 1795 mitantur, lob 27. Diues cum dormierit, nihil secum aufert, aperiet oculos suos
191 1777 546 1829 & nihil inueniet.
431 2433 1774 2497 OSITA confessione facienda ab impijs in iudicio generali, per
445 2487 1755 2545 quam declaratur, quod ipsi amauerunt temporalia tanquam sum
446 2550 1755 2610 mam felicitatem: Hic ponitur confessio per quam declarabunt tem
439 2598 1745 2658 poralis felicitatis uanitatem. Et circa hoc duo faciunt. Nam pri
449 2647 1757 2700 mo exemplificant. Secundo exempla applicant. Secunda pars
202 2700 767 2767 ii: Sic & nos nati desiuimus.
251 2749 1751 2807 Circa primum ponunt quinque exempla: & secundum hoc litera diuiditur
203 2808 1753 2867 in quinque partes. Comparant enim temporalem felicitatem umbrae uanescen
194 2871 1755 2930 ti, nuncio praecurrenti, naui transfretanti, aui transuolanti, & sagittae festinan
196 2916 1756 2974 ti. De istis quinque tria ponuntur exempla in lectione hodierna, sicut pa
206 2974 1754 3030 tet. Dicunt ergo sic: Transierunt omnia illa, quae nos tantum amauimus
209 3027 1755 3082 in seculo tanquam vmbra. Sicut enim umbra abscondit hominem a lumi
207 3079 1755 3140 ne Solis materialis: ita diuitiae, honores & cupiditates mundanae auferunt &
