2371 3609
602 229 2165 307 duos pedes: id est, duas affectiones: unam ad animas eorum curae commis
599 289 2166 360 sas: aliam ad decimas quae est quasi pes sinister: tamen zelus animarum, qui
612 357 2163 417 est dexter pes, est longe alio pede maior per DEI gratiam. Vnde illa est cau
605 406 2164 469 sa quare clerici placitant in curijs pro Ecclesijs, & pro decimis & oblationi
601 460 2162 523 bus, sed pro quibus CHRISTI tuendis, quarum zelum maximum habent.
609 503 2173 577 Secundo se inter pullos suos: id est, parochianos & sagittarium militem, sci
610 568 2179 631 licet tyrannum iniustum interponunt, non sustinent eos iniuste pati pro quan
619 629 2163 683 to eorum suppetit facultati. Et tertio praedam suam: id est, bona Ecclesiae cu
610 671 2175 738 rialiter imperciuntur in eleemosynis uicinis indigentibus. Vt CHRISTVS
618 720 2171 791 loquens parochianis eorum, dicere possit illud Exod. 19. Vosipsi uidistis,
615 775 2173 855 quomodo portauerim uos super alas aquilarum, & assumpserim mihi. Sed ti
619 839 2168 899 mendum est, ne quidam eorum sint strutiones, quidam bubones, & quidam
625 898 2176 953 uultures. Strutiones habent pennas sicut falcones, lob 39. Penna strutionis
618 950 2175 1010 similis est pennis herodij & accipitris. Herodius est genus falconis. Vnde stru
617 1012 2174 1060 tio habet pennas, & non uolat a terra: Ita quidam praelati habent praebendas,
623 1060 2165 1114 & dignitates & scientiam, & tamen semper occupantur in terrenis. Bubones
623 1093 2175 1167 diligunt Ecclesiam propter oleum: unde extinguunt lumen, & consumunt:
617 1170 2178 1223 ita quidam Ecclesiastici lumen scientiae extinguunt, & pinguedinem Ecclesiae
616 1210 2176 1276 comedunt. Vultures pullos suos in summa macie custodiunt: Ita quidam pa
614 1262 2175 1330 rochianos in summa paupertate retinent per placitationes, nunc in curia Ec
613 1338 2176 1382 clesiastica, nunc in curia laicali per iniustas exactiones, & inusitatas extorsio
622 1388 2165 1439 nes, nec in eis augeri permittunt uel pinguedinem gratiae, uel substantiae secula
617 1439 2178 1491 ris. Et tales praelati semitam CHRISTI ignorant omnino, lob 28. Semitam
613 1487 1638 1550 ignorauit auis, nec intuitus est eam oculus uulturis.
690 1533 2176 1604 Quartum genus hominum sunt praedicatores, & hi debent esse galli praedi
616 1603 2165 1656 cando, lob 24. Calandri confessando, & grues praeuolando, lob 38. Quis po
619 1647 2166 1709 suit in uiseceribus hominis sapientiam: Vel quis dedit gallo, intelligentiam:
630 1697 2166 1760 Gallus annunciat horas noctis, excitat homines a sapore. Sic praedicatores
626 1747 2178 1823 prius debent poenitentiae operibus macerari. Debent secundo esse calandri
623 1820 2178 1872 in confessando. Dicitur in libro de Naturis rerum, quod calandrus est auis
619 1871 2162 1923 alba, quae si infirmum respiciat, infirmitatem aufert. Sic confessores infirmos
623 1918 2182 1982 respicere debent, quod peccata deleant. Et tertio sicut grues praeuolando &
623 1978 992 2031 ostendendo uiam.
663 2034 2179 2089 Sed timendum est, quod quidam sunt similes psitaco in adulando, quidam
636 2092 2166 2156 grifalcones indignando, quidam gallinacij educando. Psitacus naturaliter
626 2142 2173 2197 alutat quasi uoce humana. Et ideo significat adulatorem: quod confessoribus
617 2180 2172 2245 loco confessionum maxime est periculosum. Grifalco si primo ictu praedam
620 2252 2177 2307 non capit: indignatur, nec ad reclinatorium redit. Sic quidam confessores de
626 2304 2166 2366 peccatore recidiuante: quia non capiunt eum primo ictu, indignantes despe
626 2345 2167 2407 tant. Quod nullo modo est faciendum. Gallus gallinaceus si sub uentre de
622 2401 2177 2475 plumetur, & urticis uerberetur, fovet pullos more gallinae. In hoc tamen est
621 2467 2178 2521 differentia, quod gallina hoc facit naturaliter propter commodum pullorum:
616 2509 2171 2565 Gallinaceus uero effigiatiue, & propter commodum proprium: quia plus bo
615 2576 2176 2628 ni a pullis recipit quam pullis impendit. Sic nonnulli praedicatores fouent fi
617 2619 2178 2675 lios spiritales eis confessos, propter bonum temporale, quod ab eis intendunt
611 2672 2174 2729 recipere non propter zelum animarum. Et sunt matres effectu potius quam as
603 2724 2176 2782 fectu. Sunt enim pauperes deplumati. Et ideo pullis insident, ut non ab ipsis
607 2795 2175 2850 pulli, sed ipsi a pullis potius calefiant, qui pro temporali hypocrisi merebuntur
614 2840 2161 2898 tribulatione perpetua coronari, Esa. 22. Ecce Dominus asportare te faciet, si
758 2885 2041 2944 cut Gallus gallinaceus asportatur, & quasi amictum sic subleua
1063 2936 1716 2997 bit te: coronans coronabit te tri
1280 2997 1496 3047 bulatione.
