2371 3609
330 714 1740 779 a: N ista parte ponitur quintum exemplum quo terrena felicitas
352 781 1736 832 gi comparatur sagittae festinanti ad terminum. Et circa hoc duo fa
343 827 1739 904 ua cit. Primo ponit exemplum. Secundo applicatur ad propositum,
332 874 1728 941 Q Secunda pars, ibi: Sic & nos nati. Exemplum est manifestum si
403 944 1727 996 cut litera praetendit: quia sicut sagitta emissa ab arcu uelocissime
175 1000 1732 1051 transit uersus metam: Ita nos missi sumus ut per mundum transeamus ad mor
183 1047 1731 1098 tem. Quamuis ista quinque exempla, quibus mundana felicitas compara
177 1101 1729 1168 tur, uidelicet umbra euanescens, nuncius praecurrens, nauis transfretans,
182 1164 1731 1226 auis transmigrans, & sagitta penetrans, satis declarent temporalis prosperi
180 1210 1726 1259 tatis uelocitatem: habent tamen singula exempla suas proprietates designa
181 1271 1734 1328 tiuas maliciarum, quas diuersi mundani exercent. Nam per umbram desi
176 1328 1719 1385 gnatur uanitas lasciuiae: per nuncium fatuitas humanae prudentiae: per na
173 1376 1725 1422 uem instabilitas auaritiae: per auem sublimitas superbiae: & per sagittam do
174 1424 1717 1494 lositas maliciae figuratur. Est ergo notandum quod sicut sagitta uelocissi
182 1484 1719 1535 me transit: tamen nescit quo uadat: quia aliquando infigitur luto, aliquando
170 1537 1737 1603 repercutitur in petra: Ita miseri in hac uita, qui Diabolo seruiunt, sunt quasi
176 1586 1717 1640 sagittae suae, & mittuntur ab eo ad certas malicias ad implendas, sicut sibi pla
177 1641 1737 1696 cet. Et sicut diuisus aër in se continuo reclusus est: Ita multitudo populi siue in
166 1699 1726 1756 regno, siue in patria, siue in ciuitate subtracto uno homine malo, qui perturba
176 1757 1723 1800 uit totam patriam, statim reconciliatur una multitudo, una patria, siue prouin
182 1804 1717 1857 cia, sicut prius. Et cum ipse putaret, quod ab eo subtracto, patria dissolueretur.
170 1857 1719 1910 uel ciuitas tanta erit unitas post eum & concordia, ipso in inferno dimerso si
170 1926 1728 1979 cut antem: Ex hoc est, quod dicit: Diuisus aer in se continuo reclusus est, vt ignoretur
167 1966 1628 2018 transitu illius. Quia in ista lectione homo maliciosus comparatur sagittae.
244 2020 1724 2073 Notandum quod Diabolus habet arcus & sagittas ad nocendum. Et CHRI
171 2077 1745 2130 STVS arcus & sagittas consimiliter ad regendum. Habet enim Diabolus tres
172 2141 1744 2194 malos arcus, quibus utitur contra sanctos. Arcum carnalis & concupiscentiae: ar
165 2183 1720 2234 cum fraternalis inuidentiae, & arcum mundialis conscientiae. De arcu carna
146 2236 1730 2290 lis concupiscentiae procedit mala mulier, uaga, inquieta, & impatiens, praeparata
166 2290 1722 2348 ad capiendas animas. Sicut dicitur Proverb. 7. qua capitur & uulneratur ue
160 2348 1728 2399 cors iuuenis, de quo ibidem subditur, quod fequitur eam quasi bos ductus ad
170 2401 1714 2464 uictimam, & ignorat quod ad uincula stultus trahatur, donec sagitta transfi
176 2450 1717 2523 gat cor eius. Ista est pennata per ornatum curiosum. Fertata per animum ma
168 2505 1714 2564 liciosum. Inflammata per amorem libidinosum. Vnde Cupido filius Vene
169 2567 1718 2619 ris dicebatur, qui cum sagittis & facula pingebatur: quia amor carnalis uul
160 2632 1720 2680 nerat & inflammat. Cum ista sagitta fuit uulneratus Dauid in aspectu Ber
157 2681 1721 2733 sabeae, cum prospiceret eam se lauantem, 2. Regum 11. Ista sagitta abscondi
170 2733 1724 2789 tur in pharetra, quamdiu se occultat in camera. Arcus tenditur quando cum
171 2790 1722 2846 peruersa intentione ornamentis componitur. Sed sagitta emittitur, quando
171 2829 1713 2899 ipsa in publicum progreditur. Et ideo sicut periculosum est hominibus non ar
160 2906 1724 2942 matis, inter sagittas uolantes incedere. Ita periculosum est iuuenibus non ha
170 2935 1726 2997 bituatis in uirtutibus, & folidis moribus inter muliercularum frequentias con
169 3012 1722 3051 uersari. Sed qui habitat in adiutorio altissimi in protectione DEI coeli com
163 3062 1719 3124 morabitur. Et talis non timebit a sagitta volante in die a negotio perambu
