2371 3609
615 222 2185 281 Pontifice plenissimae indulgentiae: sicuti a culpa & poena conceduntur. Sed con
617 288 2166 345 tra paganos pugnaturis a summo Pontifice indulgentiae conceduntur. Ergo
626 345 2166 399 contra eos pugnare est licitum & meritorium. Item ad eos expugnandum taxantur
607 388 2181 443 Ecclesiae Anglicanae, hoc uolente summo Pontifice. Ergo uidetur rectoribus
611 438 2174 495 Ecclesiarum Angliae esse obediendum: & hoc iuste in hac parte: quia omnia sua
608 495 2175 561 sunt. Cum ergo ipse colligat principaliter, propter talem finem, uidetur quod
616 547 1001 618 ipse finis sit licitus.
667 604 2160 656 Ad quaestionem dicendum est, Quod sic. Tamen inter infideles distinctio
622 659 2165 717 est. Sunt enim aliqui infideles subiecti Ecclesiae & confoederati fidelibus, sicuti
620 711 2179 764 serui dominis suis, ut ab eis regantur & protegantur. Alij sunt infideles & re
618 763 2173 818 belles Ecclesiae persequutores Christianorum, & insultantes doctrinae Christia
617 817 2160 874 nae. Secundo, distinguendum est de inuasione. Quia uel aliqua priuata perso
614 870 2163 926 na hoc praesumit sine autoritate Ecclesiae. Tertio est notandum, quod infide
619 922 2168 980 lium uariae sunt sectae. Sunt enim quidam gentilis siue pagani, qui nullam le
623 982 2158 1048 gem habent, nisi forte legem naturae. Sunt etiam Sarraceni, sunt ludaei, sunt ido
610 1036 2175 1085 lolatriae, sunt haeretici. Isti autem ad fidem CHRISTI sese diuersimode habent.
614 1088 2169 1149 Nam haeretici compelli debent ad fidem quam susceperunt. Sarraceni sunt tales,
614 1137 2167 1207 qui praedicatores fidei non admituunt: imo in eorum lege cautum est: quod quicumque
616 1196 2171 1262 praedicauerit contra legem Mahometi, occidatur. Et ideo de eis non est spes con
615 1263 2159 1302 uersionis: Cum fides sic ex auditu: auditus aut per uerbum DEI. Ad Rom. 10.
617 1301 2160 1357 Non enim possibile est docere uitam CHRISTI, nisi destruendo & reproban
609 1361 2161 1414 do legem Mahometi. Vnde isti praebent sibiipsis obstaculum salutis loquendo
613 1412 2165 1466 de infidelibus alligatis Christianis, ut permittantur & protegantur. Si tamen
615 1466 2168 1521 aliqui sunt tales, no est licitum nec meritorium tales inuadere ui & armis, cum
613 1518 2170 1583 sit contra foedus initum, & pacem eis concessam. Exemplum de Gabaonitis,
618 1569 2157 1624 losua 9. legimus: Quia principes populi Israelis licet decepti per dolum Ga
602 1626 2161 1682 baonitarum: quia tunc iurauerunt eis, quod eos non interficerent: permiserunt
613 1683 2163 1732 eos uiuere, & eis seruitutem indixerunt. Sicut sequitur ibidem: Reseruentur qui
607 1745 2159 1803 dem & uiuent ne contra nos ira Domini concitetur, si peierauimus: sed sic ui
607 1787 2137 1844 uant ut in usus uniuersae multitudinis ligna caedant, aquasque comportet, &c
662 1838 2155 1910 Sic a multo fortiori. Si aliqui fideles licite promiserunt paganis tuitionem &
609 1899 2164 1954 dominium, qui uolunt conuiuere sine contumelia Creatoris, & maxime si sint
608 1950 2161 2007 in spe de conuersione eorum, non licet tales interficere. Sed hoc est per accidens
680 1997 2151 2062 Secundo, de alijs infidelibus rebellibus Ecclesiae, & persecutoribus fidei
612 2052 2160 2127 Christianae, cuiuscunque fuerint conditionis, licitum est Christiano, praeuenien
609 2111 2161 2168 te autoritate Ecclesiae, ui & armis inuadere eos, spoliare & interficere, & eorum
600 2159 2153 2224 bona fidelibus applicare. Exceptis duntaxat ludaeis, de quibus aestimo, quod
601 2227 2147 2278 eos occidere non esset licitum: quia Ecclesia permittit eos uiuere, praecipue: quia
606 2278 2152 2334 cum introierit plenitudo gentium reliquiae eorum conuertentur ad fidem. Sicut
596 2334 2155 2399 dicit Apostolus Rom. 11. Praedicante Enoch & Helia secundum glos. & Esaiae
605 2386 2158 2441 10. Reliquiae Israel saluae fient. Vnde de eorum conuersione spes est propter
605 2440 2143 2508 prophetiam. Et ideo non debent omnino deleri. Vnde dicitur 20. quaest. 8. Di
596 2492 2145 2545 spar. Dispar enim est ludaeorum & Sarracenorum causa. In illos enim, qui Chri
600 2536 2147 2598 stianos persequuntur, & ex urbibus & proprijs sedibus pellunt, iuste pugna
600 2586 1308 2668 tur: hi uero ubique seruire parati sunt.
671 2643 2141 2725 Quod autem contra Sarracenos & alios infideles liceat autoritatem Ecclesiae
594 2697 2141 2766 suffragante bellare, persuadetur multipliciter. Primo sic: Licet fidelibus bona eis
606 2749 2134 2831 debita, & ab alijs iniuste detenta bellando recuperare. Sed Sarraceni & alij infi
595 2811 2151 2886 deles terras occupant, & alia bona, quae fidelibus sunt debita. Ergo, &c. Maior de
593 2857 2140 2926 se patet, & ratione & consuetudine approbatur. Minor ostenditur. Nam Sarraceni
592 2923 2140 2978 occupant terram sanctam, & quaedam alia loca, olim a Christianis iuste pos
591 2964 2125 3033 sessa. Item de iure diuino, omnia bona temporalia sunt iustorum: Ergo iniusti quic
589 3032 2137 3089 quid occupant, iniuste occupant. Ergo bona iniustorum sunt iustis debita. Sed
