2371 3609
594 212 2157 296 quendi, quo dicimus: Quando habemus oculos clausos, sole lucente, quod
599 270 2148 362 possumus uidere, quanuis ad uidendum Solis lumen requiratur apertio oculorum.
644 321 2164 399 Ad octauum dicendum: quod si qui sint inter eos, qui uellent credere, sicut
602 379 2161 456 argumentum allegat, siue uiuant, siue moriantur, DEVS eos saluabit, quamuis
606 430 2162 508 de DEO fidem applicatam non habent, nec baptismum fluminis, nec sangui
601 497 2154 565 nis. Consimiliter dicitur de quibusdam hominibus ubicunque terrarum com
607 539 2155 618 morantibus, qui bene lege naturae utuntur, DEVS de salute ipsis prouidebit,
607 592 2161 682 gratiam infundet, si non praebuerint obicem gratiae: & in fine saluabit: quia
613 655 2153 723 DEVS uirtutem suam sacramentis non alligauit. Vnde concedo quod homo
606 711 2157 778 nunquam damnabitur adultus, atque ut utens ratione, quem error inuincibilis
612 765 1509 831 excusat, si in illum errorem incidit sine culpa
660 806 2164 884 Ad nonum: quod finis principalis intentus eorum est, salus & conuersio ad
613 865 2155 937 fidem. Sed finis secundarius est extirpatio. Vnde si uoluerint credere non interfi
614 921 2160 992 cientur. Sic finis principaliter intentus medico, est sanare, si possit pedem putridum
611 970 2166 1044 Et secundo intendit, si hoc non possit, pedem abscindere. Et quando dicitur quod non
625 1037 2166 1099 sint cogendi ad fidem. Dicendum proprie loquendo non possunt cogi ad fidem:
619 1082 2164 1165 possunt tamen cogi desistere a blasphemijs, & alijs erroribus: possunt etiam cogi
613 1136 2157 1202 ad quasdam dispositiones praeuias fidei. Similiter cum bellatoribus debent prae
613 1188 2170 1253 dicatores assistere, ut ex una parte alliciantur, & si assentire noluerint, feriantur.
673 1254 2168 1314 Quia dictum est respondendo ad tertium argumentum, quod Petrus gla
613 1308 2174 1366 dium extraxit tempore passionis CHRISTI, dubium esse potest, an ipse pecca
619 1359 2174 1419 uerit hoc faciendo. Quod non. Quia ex amore CHHISTI hoc fecit. Vnde Hie
617 1416 2168 1473 ron. Petrus fecit hoc eodem mentis ardore, quo & caetera. Rabanus etiam in hoc
618 1474 2162 1530 facto comparat eum Phinees. Sciebat enim quod Phinees puniendo sacrile
613 1526 1753 1589 gos, mercedem iusticiae & sacerdotij perennis acceperat.
666 1577 2165 1636 Sed ad oppositum est, quod Dominus eum super facto increpauit: Ergo
614 1644 2174 1700 peccauit. Et praeterea nec iudex fuit, nec a iudice auctoritatem habuit: Ergo pu
624 1687 2172 1741 niendo licet peccatorem, errauit. Dicendum est quod peccauit, excusatur tamen in
631 1745 2165 1808 parte propter zelum quo fecit. Sicut Moyses qui Aegyptium occidit, Exodi se
617 1796 2172 1855 cundo. Iste enim zelauit pro Domino suo, Moyses pro fratre suo. Et ideo
621 1841 2169 1902 si Moyses propter zelum, quem habuit ad fratrem, est excusabilis aliquo modo, de
620 1895 2179 1956 homicidio Aegyptij, sine autoritate legis commisso multo fortius Petrus, qui
626 1948 2165 2014 ductus zelo Domini sui, quem sciebat esse DEVM, excusandus est. Vnde Aug.
627 2018 2180 2069 22. contra Faustum Manichaeum, de Moyse & Petro in hoc casu loquens, ait:
635 2057 2177 2116 Vterque non detestabili immanitate, & non emendabili animositate iusticiae re
625 2109 2176 2184 gulam excessit: uterque enim odio improbitatis alienae: sed ille fraterno, ille do
620 2165 1754 2233 minico, licet adhuc carnali amore peccauit. Haec August.
673 2216 2172 2276 Ad primum dicendum, quod amor ille fuit carnalis, & ideo Petrum non
619 2287 2178 2338 excusauit. Eodem enim amore motus dissuasit CHRISTO alias, ne pateretur:
619 2328 2182 2395 propterquod Dominus eum increpando Sathanam appellauit, Matth. 16. Ad
618 2382 2167 2446 secundum dicendum de dicto Rabani. Non similis fuit Phinees zelo discreto,
616 2439 2165 2490 Petrus zelo impetuoso, maxime in praesentia Magistri, sine cuius imperio ni
626 2494 2181 2545 hil debebat fecisse. Similiter Phinees fuit facerdos, ad quem portinebat punitio
632 2546 2181 2598 peccatorum in ueteri lege. Et similiter Matathias qui trucidauit idololatram
626 2596 2187 2652 super aram, 1. Mach. 2. Sed contra adhuc in excusationem Petri arguitur
623 2666 2178 2721 quod CHRISTVS praeceperat antea, quod qui non haberet gladium, uen
613 2708 2182 2761 dendo tunicam emeret gladium. Et responderunt quod duos haberent in
628 2772 2180 2824 promptu. Et dicit CHRISTVS: Sufficit. Ad istud respondet August. 12.
629 2815 2176 2865 contra Faustum Manichaeum: Vtique Dominus iusserat, ut ferrum discipuli eius fer
620 2871 2187 2922 rent: sed non iusserat, ut ferirent: quia nec adhoc ferre praecepit, nec erant qui gladijs
626 2932 2172 2991 uti potuissent: nec usque tunc de emendis gladijs praeceptum dedisset: quia se
621 2981 2176 3044 cundum Lucam, iussit hoc post coenam, quando iam opportune emi non pos
610 3035 2182 3097 sent. Sed uoluit per illud verbum ostendere, quod tempus suae passionis imminebat,
