2371 3609
179 224 1733 307 mali quoque habere cernuntur: nec mala turpiter euitentur, quibus & boni plu
173 280 1728 342 rimumque efficiuntur. Vnde patet quod gaudium de uirtute praecellit dignita
172 339 1738 401 te. Iterum patet illud: quia gaudium uirtutis est in illis, de quibus dignum est
175 395 1743 472 gaudere: sicut dicit glos. super illud ad Gal. 5. Fructus spiritus est charitas, gau
178 448 1732 508 dium. Et per oppositum, Proverb. 3. Stultorum exultatio ignominia, Prover.
178 507 1738 575 2. Laetantur cum malefecerint, & exultant in rebus pessimis. Vnde Aug. Quid
182 550 1755 622 est mundigaudium: breuiter dico. Seculi laetitia est impunita nequitia, scilicet
176 597 1755 678 luxuriari in spectaculis, ebrietate ingurgitari, turpitudine foetere, & nihil male o
172 665 1735 726 pati. Hoc gaudium peius est dolore. Peius enim est gaudere de iniquitate, quam
171 703 657 775 dolere de corruptione.
251 761 1729 833 Quarto gaudium uirtutis praecellit gaudium mundi, in salubritate: facit enim
169 827 1728 912 mundum contemnere, & de Diabolo triumphare. Vnde in Vitas patrum di
179 881 1733 951 xit Anthonius. Vnica ratio uincendi inimicum est laetitia spiritualis. Vnde sicut
185 922 1732 992 dicitur Ecclesiast. 30. locunditas cordis haec est uita hominis & thesaurus sine
177 983 1722 1044 defectione sanctitatis: Vnde in libro de spiritu & anima, Virtus sic describitur:
181 1030 1723 1098 Virtus est habitus mentis bene institutae ad modum regni, quod bene est insti
185 1098 1729 1154 tutum, si recte in eo consulatur, recte in eo praecipiatur, & recte obediatur. Isto
175 1149 1733 1218 modo mens bene instituta est cum ratio recte consulit, uoluntas recte praecipit,
168 1203 1730 1274 & sensus recte obediunt. Et sine isto regimine pueriliter mens regitur. Et assi
173 1264 1721 1314 milatur regno Roboam 3. Reg. 12. qui relicto consilio senum, iuuenibus ad
187 1315 1729 1371 quieuit. Vbi enim uirtus non est, quod seruire debuit, imperat. Et quod domi
174 1366 1729 1421 nari deberet, ministrat. Et ideo regnum sub eo diuisum est. Senec. Epist. 80.
169 1417 1734 1474 Gaudium uirtutis uelut fons in domo propria nascens. Et in alia quadam Epist.
173 1465 1729 1545 Existimas me detrahere tibi multas uoluptates, qui fortuita submoueo, qui spe
176 1525 1747 1580 dulcissima oblectamenta censeo deuitanda: imo contra nolo unquam tibi deesse
183 1576 1734 1637 laetitiam: uolo tibi illam domo nasci. Nascitur enim aliquando sine teipso si tuipse
176 1634 1731 1690 iudicas eum animum, qui ridet debet esse alacer & fidens & prudens, & super
172 1691 1737 1743 omnia erectus, Ecclesiast. 30. Non est oblectamentum super cordis gaudium.
241 1738 1730 1793 Vnde uirtus facit quasi duplicem Paradisum, terrestrem uidelicet & coe le
173 1789 1728 1845 stem in corde hominis, Ecclesiast. 40. Gratia DEI sicut Paradisus in benedi
176 1846 1739 1900 ctionibus. Assimilatur enim mens uirtuosi Paradiso terrestri in tribus, amoe
173 1911 1730 1956 nitate, foecunditate, & securitate. Duo prima faciunt ibi quatuor uirtutes uelut
173 1962 1736 2023 quatuor flumina Paradisi mentem irrigantes. Vnde glos. Greg. super illud
185 2006 1726 2075 Gen. 2. Fluuius egrediebatur de loco uoluptatis, ad irrigandum Paradisum,
183 2077 1734 2142 qui inde diuiditur in quatuor capita. Quatuor flumina Paradisum irrigant,
169 2121 1732 2173 scilicet dum his quatuor uirtutibus cor infunditur ab omnium carnalium de
179 2171 1734 2223 sideriorum, aestu temperatur. Altitudo facit securitatem: dicit enim Strabo su
178 2236 1739 2296 per illud Gen. 2. Plantauerat autem Dominus DEVS Paradisum voluptatis
176 2279 1731 2357 quod Paradisus attingit ad lunarem circulum. Et Senec. dicit quod talis est
169 2332 1144 2389 sapientis animus, qualis mundus super Lunam.
228 2387 1754 2444 Secundo notandum, quod Paradiso coelesti mens uirtuosa in quatuor assi
175 2440 1728 2501 milatur. Est enim coelum locus diuinae habitationis, locus generalis illuminatio
170 2498 1719 2553 nis, locus ordinatae dilectionis, & locus gaudij & exultationis. Sicut mens uir
169 2562 1730 2615 tutibus adornata est DEI habitatio. Vnde Hieron. Nihil quietius, nihil purius
166 2617 1733 2671 ea mente debet esse, quae in DEI habitaculum praeparanda est: quoniam non
170 2664 1727 2715 templa fulgentia, non gemmis altaria distincta, delectant: sed anima ornata
163 2701 1744 2768 uirtutibus. Per picturam in domo potest discerni domus officium: aliter enim
172 2776 1730 2830 depingitur taberna, aliter capella. In capella depinguntur gesta sanctorum: in ta
164 2807 1739 2879 berna gesta fatuorum: ita moraliter, quae mentem hominis posset uidere, quan
162 2882 1731 2936 do est ornata uirtutibus, diceret eam capellam, uel templum Filij DEI, 1. Corinth.
176 2934 1741 2996 3. Nescitis que templum DEI sitis, & Spiritus sanctus habitat in uobis. Ex quo
167 2998 1748 3041 arguit Apostolus sic: Si quis aut templum DEI uiolauerit, disperdet illum DEVS
183 3038 1746 3101 Templum aut DEI sanctum est quaed estis uos. Quando enim mens humana spoliatur
