<?xml version="1.0" encoding="UTF-8" standalone="yes"?>
<PcGts xmlns="http://schema.primaresearch.org/PAGE/gts/pagecontent/2013-07-15" xmlns:xsi="http://www.w3.org/2001/XMLSchema-instance" xsi:schemaLocation="http://schema.primaresearch.org/PAGE/gts/pagecontent/2013-07-15 http://schema.primaresearch.org/PAGE/gts/pagecontent/2013-07-15/pagecontent.xsd">
    <Metadata>
        <Creator>prov=University of Rostock/Institute of Mathematics/CITlab/Gundram Leifert/gundram.leifert@uni-rostock.de:name=holcotwisdom-m2(htr_id=17503)::::v=2.4.3
prov=University of Rostock/Institute of Mathematics/CITlab/Tobias Gruening/tobias.gruening@uni-rostock.de:name=de.uros.citlab.module.baseline2polygon.B2PSeamMultiOriented:v=2.4.3
prov=University of Rostock/Institute of Mathematics/CITlab/Tobias Gruening/tobias.gruening@uni-rostock.de:name=/net_tf/LA73_249_0mod360.pb:de.uros.citlab.segmentation.CITlab_LA_ML:v=?0.1
TRP</Creator>
        <Created>2019-01-18T08:24:47.473-05:00</Created>
        <LastChange>2019-11-17T04:30:36.792+01:00</LastChange>
        <TranskribusMetadata docId="116678" pageId="4354387" pageNr="274" tsid="19470609" status="IN_PROGRESS" userId="25065" imgUrl="https://files.transkribus.eu/Get?id=WPLAXMLPBZJQACWUFMQMGGRX&amp;fileType=view" xmlUrl="https://files.transkribus.eu/Get?id=GTKJMQMFHBQISPVPXJEZWQXC" imageId="2467207"/>
    </Metadata>
    <Page imageFilename="sap_Page_274.png" imageWidth="2371" imageHeight="3609">
        <ReadingOrder>
            <OrderedGroup id="ro_1574025264664" caption="Regions reading order">
                <RegionRefIndexed index="0" regionRef="TextRegion_1571203706367_7"/>
            </OrderedGroup>
        </ReadingOrder>
        <TextRegion orientation="0.0" id="TextRegion_1571203706367_7" custom="readingOrder {index:0;}">
            <Coords points="596,210 2172,210 2178,3086 602,3086"/>
            <TextLine id="r2l3" custom="readingOrder {index:0;}">
                <Coords points="590,290 2164,247 2030,205 589,251"/>
                <Baseline points="599,278 676,276 754,275 832,273 910,272 987,270 1065,268 1143,266 1221,265 1298,263 1376,261 1454,260 1532,258 1609,257 1687,255 1765,254 1843,252 1920,251 1998,248 2076,246 2154,245"/>
                <TextEquiv>
                    <Unicode>uirtutibus, &amp; uitijs deturpatur: tunc fit taberna daemoniorum, 1. Corinth.10.</Unicode>
                </TextEquiv>
            </TextLine>
            <TextLine id="r2l4" custom="readingOrder {index:1;}">
                <Coords points="596,345 2151,309 2150,272 1980,262 595,292"/>
                <Baseline points="606,330 682,329 759,329 836,327 913,326 990,324 1066,323 1143,321 1220,320 1297,318 1374,317 1450,315 1527,314 1604,311 1681,309 1758,308 1834,306 1911,305 1988,303 2065,302 2142,300"/>
                <TextEquiv>
                    <Unicode>Nolo uos esse socios daemoniorum. In hoc ergo loco, mente scilicet humana</Unicode>
                </TextEquiv>
            </TextLine>
            <TextLine id="r2l5" custom="readingOrder {index:2;}">
                <Coords points="593,397 2152,363 2049,314 592,344"/>
                <Baseline points="602,386 683,384 764,381 845,380 926,378 1007,377 1088,375 1169,374 1250,372 1331,371 1412,369 1493,368 1574,366 1655,365 1736,363 1817,362 1898,360 1979,359 2060,357 2141,356"/>
                <TextEquiv>
                    <Unicode>libenter inhabitat DEVS, secundum D. Bern. quia est coelum suum, quod non</Unicode>
                </TextEquiv>
            </TextLine>
            <TextLine id="r2l6" custom="readingOrder {index:3;}">
                <Coords points="591,452 1826,439 2126,419 2153,379 590,402"/>
                <Baseline points="600,441 677,440 754,437 831,435 908,434 986,432 1063,431 1140,429 1217,428 1294,426 1372,425 1449,423 1526,422 1603,420 1680,419 1758,417 1835,416 1912,413 1989,412 2066,410 2144,407"/>
                <TextEquiv>
                    <Unicode>sicut caeteris dixit tantum ut fieret, sed pugnauit ut adquireret, occubuit ut re</Unicode>
                </TextEquiv>
            </TextLine>
            <TextLine id="r2l7" custom="readingOrder {index:4;}">
                <Coords points="586,504 2158,472 2144,433 1978,425 585,470"/>
                <Baseline points="596,492 673,492 751,491 828,489 906,488 984,488 1061,486 1139,485 1216,483 1294,482 1372,480 1449,478 1527,476 1604,474 1682,473 1760,471 1837,470 1915,468 1992,467 2070,464 2148,462"/>
                <TextEquiv>
                    <Unicode>dimeret. Solent enim homines maneria ab eis aedificata &amp; perdita, &amp; iterum </Unicode>
                </TextEquiv>
            </TextLine>
            <TextLine id="r2l8" custom="readingOrder {index:5;}">
                <Coords points="589,560 643,559 673,580 723,555 784,566 1024,548 1043,566 1147,548 1146,509 1024,500 925,516 868,503 789,526 741,502 588,521"/>
                <Baseline points="599,548 625,548 652,548 679,546 706,546 733,545 760,545 786,544 813,543 840,543 867,542 894,542 921,541 948,540 974,540 1001,539 1028,539 1055,538 1082,537 1109,537 1136,536"/>
                <TextEquiv>
                    <Unicode>adquisita, multum diligere.</Unicode>
                </TextEquiv>
            </TextLine>
            <TextLine id="r2l9" custom="readingOrder {index:6;}">
                <Coords points="641,612 2160,581 2160,538 640,573"/>
                <Baseline points="650,599 725,597 800,597 875,596 950,596 1025,594 1100,593 1175,591 1250,590 1325,588 1400,587 1475,585 1550,584 1625,581 1700,579 1775,578 1850,576 1925,575 2000,573 2075,572 2151,570"/>
                <TextEquiv>
                    <Unicode>Secundo mens uirtuosa est locus generalis illuminationis. Vnde tota lux </Unicode>
                </TextEquiv>
            </TextLine>
            <TextLine id="r2l10" custom="readingOrder {index:7;}">
                <Coords points="587,668 2146,629 2108,585 586,629"/>
                <Baseline points="596,656 673,654 750,653 827,651 904,650 981,648 1058,647 1135,645 1212,645 1289,644 1366,642 1443,641 1520,638 1597,637 1674,635 1751,633 1828,632 1905,630 1982,629 2059,626 2136,624"/>
                <TextEquiv>
                    <Unicode>cognitionis humanae a mente deriuatur. Vnde Bern. Sicut terra sine coelo ob </Unicode>
                </TextEquiv>
            </TextLine>
            <TextLine id="r2l11" custom="readingOrder {index:8;}">
                <Coords points="592,722 2161,690 2052,640 591,669"/>
                <Baseline points="602,707 679,707 756,705 834,705 911,704 989,703 1066,702 1143,701 1221,699 1298,698 1376,696 1453,695 1530,693 1608,692 1685,690 1763,689 1840,687 1917,686 1995,684 2072,683 2150,683"/>
                <TextEquiv>
                    <Unicode>scura est &amp; opaca: ita corpus sine mente. Lux autem sapientiae non introibit in</Unicode>
                </TextEquiv>
            </TextLine>
            <TextLine id="r2l12" custom="readingOrder {index:9;}">
                <Coords points="595,774 1512,758 1533,730 1447,706 594,735"/>
                <Baseline points="605,762 653,762 701,761 750,759 798,759 846,758 895,758 943,756 991,756 1040,755 1088,755 1137,754 1185,753 1233,753 1282,752 1330,752 1378,750 1427,750 1475,749 1524,747"/>
                <TextEquiv>
                    <Unicode>maleuolam animam, sed tantum in uirtuosam.</Unicode>
                </TextEquiv>
            </TextLine>
            <TextLine id="r2l13" custom="readingOrder {index:10;}">
                <Coords points="654,826 2166,791 2165,750 1968,747 653,773"/>
                <Baseline points="663,813 737,812 812,812 887,810 961,810 1036,809 1111,809 1185,807 1260,806 1335,804 1410,804 1484,803 1559,801 1634,800 1708,798 1783,797 1858,795 1932,793 2007,791 2082,789 2157,788"/>
                <TextEquiv>
                    <Unicode>Tertio est locus ordinatae dilectionis: ita anima uirtuosa. Aug. de Ciui. DEI</Unicode>
                </TextEquiv>
            </TextLine>
            <TextLine id="r2l14" custom="readingOrder {index:11;}">
                <Coords points="597,881 1824,858 1788,812 596,830"/>
                <Baseline points="606,870 666,869 726,867 787,866 847,864 908,864 968,863 1028,863 1089,861 1149,861 1210,860 1270,860 1330,860 1391,858 1451,857 1512,856 1572,855 1632,854 1693,852 1753,851 1814,848"/>
                <TextEquiv>
                    <Unicode>lib. 3. Vera definitio uirtutis est, quod uirtus est ordo amoris</Unicode>
                </TextEquiv>
            </TextLine>
            <TextLine id="r2l15" custom="readingOrder {index:12;}">
                <Coords points="652,935 2155,906 2154,867 2066,858 652,882"/>
                <Baseline points="662,920 736,918 810,918 884,917 958,917 1032,915 1106,915 1180,914 1254,914 1328,912 1403,911 1477,911 1551,909 1625,908 1699,906 1773,905 1847,903 1921,902 1995,900 2069,897 2144,896"/>
                <TextEquiv>
                    <Unicode>Quarto coelum est locus gaudij et exultationis: &amp; certe nullibi est gaudium</Unicode>
                </TextEquiv>
            </TextLine>
            <TextLine id="r2l16" custom="readingOrder {index:13;}">
                <Coords points="590,988 2133,961 2156,918 589,949"/>
                <Baseline points="600,978 677,975 754,974 832,974 909,972 986,971 1064,969 1141,969 1218,968 1296,966 1373,966 1450,965 1528,963 1605,962 1682,961 1760,959 1837,958 1914,956 1992,954 2069,953 2147,950"/>
                <TextEquiv>
                    <Unicode>nisi ubi est uirtus, Matt. 5. Gaudete &amp; exultate. Ecce enim merces uestra mul </Unicode>
                </TextEquiv>
            </TextLine>
            <TextLine id="r2l17" custom="readingOrder {index:14;}">
                <Coords points="595,1040 1988,1031 2159,1015 2159,974 594,1001"/>
                <Baseline points="605,1031 682,1029 759,1028 836,1028 914,1026 991,1025 1068,1025 1145,1023 1223,1022 1300,1021 1377,1020 1454,1019 1532,1017 1609,1016 1686,1014 1763,1013 1841,1011 1918,1010 1995,1008 2072,1007 2150,1005"/>
                <TextEquiv>
                    <Unicode>ta, &amp;c. Vnde Senec. Epist. 80. Vnum hominis bonum ipsa uirtus est, quae inter</Unicode>
                </TextEquiv>
            </TextLine>
            <TextLine id="r2l18" custom="readingOrder {index:15;}">
                <Coords points="602,1109 2030,1085 2149,1035 602,1058"/>
                <Baseline points="611,1085 687,1083 763,1082 840,1080 916,1080 993,1079 1069,1077 1145,1077 1222,1076 1298,1075 1375,1074 1451,1073 1527,1071 1604,1071 1680,1069 1757,1068 1833,1067 1909,1065 1986,1063 2062,1061 2139,1059"/>
                <TextEquiv>
                    <Unicode>prosperam fortunam &amp; aduersa, superbia incedit, cum magno utriusque con</Unicode>
                </TextEquiv>
            </TextLine>
            <TextLine id="r2l19" custom="readingOrder {index:16;}">
                <Coords points="600,1149 2173,1112 2069,1073 600,1108"/>
                <Baseline points="609,1137 686,1136 764,1136 842,1134 919,1134 997,1133 1075,1132 1152,1131 1230,1130 1308,1129 1386,1128 1463,1127 1541,1125 1619,1124 1696,1122 1774,1121 1852,1119 1929,1117 2007,1115 2085,1113 2163,1110"/>
                <TextEquiv>
                    <Unicode>temptu. Virtus rectorem ducemque considerat, sed sine magistro uitia discun</Unicode>
                </TextEquiv>
            </TextLine>
            <TextLine id="r2l20" custom="readingOrder {index:17;}">
                <Coords points="601,1203 2148,1187 2149,1138 600,1162"/>
                <Baseline points="611,1190 687,1190 764,1189 840,1188 917,1187 993,1187 1070,1185 1146,1184 1223,1184 1299,1182 1376,1181 1452,1179 1529,1179 1605,1178 1682,1176 1758,1175 1835,1173 1911,1172 1988,1172 2064,1170 2141,1169"/>
                <TextEquiv>
                    <Unicode>tur. Vnde idem de naturalibus quaestionibus lib. 7. Difficilis uictu est uirtus,</Unicode>
                </TextEquiv>
            </TextLine>
            <TextLine id="r2l21" custom="readingOrder {index:18;}">
                <Coords points="597,1253 1454,1258 2137,1231 2148,1192 597,1214"/>
                <Baseline points="606,1245 682,1244 759,1244 835,1242 912,1242 989,1241 1065,1239 1142,1238 1218,1238 1295,1236 1372,1235 1448,1234 1525,1233 1601,1232 1678,1230 1755,1229 1831,1227 1908,1226 1984,1224 2061,1223 2138,1221"/>
                <TextEquiv>
                    <Unicode>ducem rectoresque considerat, sed sine Magistro uitia discuntur. Haec Senec</Unicode>
                </TextEquiv>
            </TextLine>
            <TextLine id="r2l22" custom="readingOrder {index:19;}">
                <Coords points="592,1308 2159,1285 2139,1235 592,1257"/>
                <Baseline points="602,1298 679,1298 756,1296 834,1296 911,1295 989,1295 1066,1293 1143,1292 1221,1292 1298,1290 1376,1289 1453,1287 1530,1286 1608,1285 1685,1283 1763,1282 1840,1281 1917,1279 1995,1278 2072,1275 2150,1274"/>
                <TextEquiv>
                    <Unicode>Et tamen ad uitia totus mundus nos docet, ad uirtutes pauci, &amp; certe magis</Unicode>
                </TextEquiv>
            </TextLine>
            <TextLine id="r2l23" custom="readingOrder {index:20;}">
                <Coords points="599,1365 2169,1311 598,1324"/>
                <Baseline points="608,1352 685,1350 763,1350 840,1349 918,1349 996,1347 1073,1347 1151,1346 1228,1345 1306,1344 1384,1343 1461,1341 1539,1340 1616,1340 1694,1338 1772,1337 1849,1334 1927,1332 2004,1331 2082,1328 2160,1326"/>
                <TextEquiv>
                    <Unicode>ueteres quam moderni. Vnde si ad uitam antiquorum respicimus, multos uir</Unicode>
                </TextEquiv>
            </TextLine>
            <TextLine id="r2l24" custom="readingOrder {index:21;}">
                <Coords points="601,1418 2158,1388 2112,1347 1745,1340 1705,1378 600,1377"/>
                <Baseline points="611,1406 687,1404 764,1403 841,1402 918,1401 995,1400 1071,1399 1148,1398 1225,1397 1302,1397 1379,1395 1455,1394 1532,1394 1609,1392 1686,1391 1763,1391 1839,1389 1916,1388 1993,1386 2070,1385 2147,1383"/>
                <TextEquiv>
                    <Unicode>tutum doctores habemus, Greg. in Moral. lib. 1. cap. 7. Ad ostendendam in</Unicode>
                </TextEquiv>
            </TextLine>
            <TextLine id="r2l25" custom="readingOrder {index:22;}">
                <Coords points="597,1471 2140,1449 2161,1412 596,1436"/>
                <Baseline points="606,1461 683,1460 760,1458 837,1457 915,1455 992,1454 1069,1454 1146,1452 1224,1451 1301,1451 1378,1449 1455,1449 1533,1448 1610,1446 1687,1446 1764,1445 1842,1443 1919,1442 1996,1440 2073,1439 2151,1437"/>
                <TextEquiv>
                    <Unicode>nocentiam, uenit Abel. Ad docendam mundiciam, uenit Enoch. Ad insinuan</Unicode>
                </TextEquiv>
            </TextLine>
            <TextLine id="r2l26" custom="readingOrder {index:23;}">
                <Coords points="596,1522 2159,1474 596,1485"/>
                <Baseline points="605,1514 682,1512 759,1511 836,1509 914,1509 991,1508 1068,1506 1145,1506 1223,1505 1300,1503 1377,1503 1454,1502 1532,1500 1609,1500 1686,1499 1763,1497 1841,1497 1918,1496 1995,1494 2072,1493 2150,1491"/>
                <TextEquiv>
                    <Unicode>dam longanimitatem spei &amp; operis, uenit Noe. Ad manifestandam obedien </Unicode>
                </TextEquiv>
            </TextLine>
            <TextLine id="r2l27" custom="readingOrder {index:24;}">
                <Coords points="599,1575 1788,1576 2148,1556 2148,1517 599,1538"/>
                <Baseline points="609,1566 685,1565 761,1565 838,1563 914,1563 991,1562 1067,1562 1144,1560 1220,1559 1297,1559 1373,1557 1449,1556 1526,1556 1602,1554 1679,1553 1755,1553 1832,1551 1908,1550 1985,1550 2061,1548 2138,1547"/>
                <TextEquiv>
                    <Unicode>tiam fidei, uenit Abraham: ad demonstrandam uitae coniugalis castimoniam </Unicode>
                </TextEquiv>
            </TextLine>
            <TextLine id="r2l28" custom="readingOrder {index:25;}">
                <Coords points="605,1631 2158,1610 2089,1560 604,1590"/>
                <Baseline points="614,1617 690,1617 767,1616 843,1616 920,1616 997,1614 1073,1613 1150,1613 1227,1611 1303,1611 1380,1610 1457,1610 1533,1608 1610,1608 1687,1607 1763,1606 1840,1605 1917,1604 1993,1604 2070,1602 2147,1601"/>
                <TextEquiv>
                    <Unicode>uenit lsaac: ad insinuandam laboris tolerantiam, uenit lacob: ad rependendam </Unicode>
                </TextEquiv>
            </TextLine>
            <TextLine id="r2l29" custom="readingOrder {index:26;}">
                <Coords points="600,1699 2141,1665 2147,1623 600,1646"/>
                <Baseline points="609,1674 685,1673 761,1671 838,1670 914,1668 991,1668 1067,1667 1144,1667 1220,1665 1297,1665 1373,1664 1449,1664 1526,1662 1602,1662 1679,1662 1755,1661 1832,1659 1908,1659 1985,1658 2061,1656 2138,1655"/>
                <TextEquiv>
                    <Unicode>pro malo bonae retributionis gratiam, uenit loseph: ad ostendendam mansue</Unicode>
                </TextEquiv>
            </TextLine>
            <TextLine id="r2l30" custom="readingOrder {index:27;}">
                <Coords points="605,1738 2164,1721 2165,1674 604,1699"/>
                <Baseline points="614,1727 691,1725 768,1724 845,1724 922,1722 999,1721 1076,1721 1153,1719 1230,1719 1307,1718 1385,1718 1462,1718 1539,1716 1616,1716 1693,1715 1770,1713 1847,1713 1924,1712 2001,1710 2078,1709 2156,1707"/>
                <TextEquiv>
                    <Unicode>tudinem, uenit Moyses: ad insinuandam contra aduersa fiduciam, uenit losua:</Unicode>
                </TextEquiv>
            </TextLine>
            <TextLine id="r2l31" custom="readingOrder {index:28;}">
                <Coords points="601,1792 2160,1784 2160,1733 601,1755"/>
                <Baseline points="611,1781 692,1779 773,1778 854,1776 935,1776 1016,1775 1097,1774 1178,1773 1259,1772 1340,1772 1421,1772 1502,1770 1583,1770 1664,1769 1745,1769 1826,1769 1907,1767 1988,1767 2069,1766 2150,1766"/>
                <TextEquiv>
                    <Unicode>ad ostendendam inter flagella patientiam, uenit lob. Sed ad omnium morum</Unicode>
                </TextEquiv>
            </TextLine>
            <TextLine id="r2l32" custom="readingOrder {index:29;}">
                <Coords points="598,1847 2025,1827 2024,1780 598,1806"/>
                <Baseline points="608,1835 678,1835 748,1833 819,1832 889,1832 959,1830 1030,1830 1100,1829 1170,1829 1241,1827 1311,1827 1381,1826 1452,1826 1522,1824 1592,1824 1663,1823 1733,1823 1803,1821 1874,1821 1944,1820 2015,1818"/>
                <TextEquiv>
                    <Unicode>regulam ostendendam, uenit Filius DEI homo CHRISTVS IESVS</Unicode>
                </TextEquiv>
            </TextLine>
            <TextLine id="r2l49" custom="readingOrder {index:30;}">
                <Coords points="834,2474 2163,2473 2038,2426 834,2429"/>
                <Baseline points="845,2468 910,2468 975,2468 1041,2468 1106,2469 1172,2469 1237,2469 1303,2469 1368,2469 1434,2469 1499,2469 1564,2468 1630,2468 1695,2468 1761,2468 1826,2468 1892,2468 1957,2468 2023,2468 2088,2468 2154,2468"/>
                <TextEquiv>
                    <Unicode>EVROBORVM confessionem postquam Spiritus sanctus re</Unicode>
                </TextEquiv>
            </TextLine>
            <TextLine id="r2l51" custom="readingOrder {index:31;}">
                <Coords points="838,2528 2120,2548 2165,2495 838,2503"/>
                <Baseline points="848,2523 913,2523 978,2523 1043,2523 1109,2523 1174,2523 1239,2523 1305,2523 1370,2522 1435,2522 1501,2522 1566,2522 1631,2522 1696,2522 1762,2522 1827,2522 1892,2522 1958,2522 2023,2522 2088,2522 2154,2522"/>
                <TextEquiv>
                    <Unicode>citauit, quam de semetipsis confusibiliter facient, tam in iudicio ge</Unicode>
                </TextEquiv>
            </TextLine>
            <TextLine id="r2l52" custom="readingOrder {index:32;}">
                <Coords points="837,2585 2179,2586 2179,2549 2013,2532 837,2548"/>
                <Baseline points="846,2577 912,2577 978,2577 1044,2577 1110,2577 1176,2577 1242,2577 1309,2577 1375,2576 1441,2576 1507,2576 1573,2576 1639,2576 1705,2576 1772,2576 1838,2576 1904,2576 1970,2576 2036,2577 2102,2577 2169,2577"/>
                <TextEquiv>
                    <Unicode>nerali, quam deinceps in poena infernali in perpetuum: Hic ponit</Unicode>
                </TextEquiv>
            </TextLine>
            <TextLine id="r2l54" custom="readingOrder {index:33;}">
                <Coords points="836,2641 2173,2641 2173,2603 2083,2588 836,2598"/>
                <Baseline points="845,2630 910,2630 976,2630 1042,2630 1108,2630 1174,2630 1240,2630 1305,2630 1371,2630 1437,2630 1503,2630 1569,2630 1635,2630 1701,2630 1766,2630 1832,2631 1898,2631 1964,2631 2030,2631 2096,2631 2162,2633"/>
                <TextEquiv>
                    <Unicode>finem &amp; eiusdem sententiae confirmationem. Et circa hoc duo facit: </Unicode>
                </TextEquiv>
            </TextLine>
            <TextLine id="r2l57" custom="readingOrder {index:34;}">
                <Coords points="841,2701 2160,2693 2160,2657 1898,2638 841,2656"/>
                <Baseline points="851,2684 919,2684 987,2685 1056,2685 1124,2685 1192,2685 1261,2685 1329,2685 1397,2685 1466,2684 1534,2684 1603,2684 1671,2684 1739,2684 1808,2685 1876,2685 1944,2685 2013,2685 2081,2687 2150,2687"/>
                <TextEquiv>
                    <Unicode>quia primo ponit dictorum recapitulationem: secundo eorum con</Unicode>
                </TextEquiv>
            </TextLine>
            <TextLine id="r2l58" custom="readingOrder {index:35;}">
                <Coords points="604,2745 1430,2769 1615,2746 1615,2699 604,2699"/>
                <Baseline points="614,2736 663,2738 713,2738 762,2738 812,2738 861,2738 911,2738 960,2739 1010,2739 1059,2738 1109,2738 1159,2738 1208,2738 1258,2738 1307,2738 1357,2738 1406,2738 1456,2738 1505,2738 1555,2738 1605,2738"/>
                <TextEquiv>
                    <Unicode>firmationem. Secunda pars ibi: Quoniam spes impii</Unicode>
                </TextEquiv>
            </TextLine>
            <TextLine id="r2l59" custom="readingOrder {index:36;}">
                <Coords points="650,2799 2174,2805 2174,2762 2018,2748 650,2748"/>
                <Baseline points="660,2789 735,2790 810,2790 885,2792 961,2792 1036,2792 1111,2792 1186,2793 1262,2793 1337,2793 1412,2793 1487,2793 1563,2792 1638,2792 1713,2792 1788,2792 1864,2792 1939,2792 2014,2793 2089,2793 2165,2793"/>
                <TextEquiv>
                    <Unicode>Dicit ergo primo sic: Talia dixerunt in inferno. Talia uidelicet expressiua hu</Unicode>
                </TextEquiv>
            </TextLine>
            <TextLine id="r2l60" custom="readingOrder {index:37;}">
                <Coords points="596,2851 2174,2851 2085,2806 596,2814"/>
                <Baseline points="605,2844 683,2845 761,2846 839,2846 917,2846 995,2846 1073,2847 1151,2847 1229,2847 1307,2847 1385,2847 1463,2847 1541,2847 1619,2847 1697,2847 1775,2847 1853,2847 1931,2847 2009,2847 2087,2847 2165,2847"/>
                <TextEquiv>
                    <Unicode>manae fragilitatis, condemnatiua prophanae peruersitatis exemplatiua vel ex </Unicode>
                </TextEquiv>
            </TextLine>
            <TextLine id="r2l61" custom="readingOrder {index:38;}">
                <Coords points="602,2909 2169,2906 1888,2857 602,2870"/>
                <Baseline points="612,2897 689,2898 766,2898 844,2900 921,2900 998,2900 1076,2900 1153,2901 1230,2900 1308,2900 1385,2900 1462,2900 1540,2900 1617,2900 1694,2900 1772,2900 1849,2901 1926,2901 2004,2901 2081,2903 2159,2904"/>
                <TextEquiv>
                    <Unicode>terminatiua mundanae felicitatis, dixerunt in inferno: &amp; ideo frustra: quia in in</Unicode>
                </TextEquiv>
            </TextLine>
            <TextLine id="r2l62" custom="readingOrder {index:39;}">
                <Coords points="605,2963 2180,2960 2121,2911 605,2910"/>
                <Baseline points="615,2952 692,2952 770,2954 848,2954 925,2954 1003,2954 1081,2954 1158,2954 1236,2954 1314,2954 1392,2954 1469,2954 1547,2954 1625,2954 1702,2955 1780,2955 1858,2955 1935,2955 2013,2955 2091,2957 2169,2957"/>
                <TextEquiv>
                    <Unicode>ferno nulla est redemptio: quia si talia cum poenitentia confessi fuissent in uita, fu</Unicode>
                </TextEquiv>
            </TextLine>
            <TextLine id="r2l63" custom="readingOrder {index:40;}">
                <Coords points="601,3019 2172,3020 2155,2980 1803,2966 601,2972"/>
                <Baseline points="612,3003 689,3005 767,3006 844,3006 922,3006 999,3008 1077,3008 1154,3008 1232,3008 1309,3008 1387,3008 1465,3008 1542,3008 1620,3008 1697,3008 1775,3009 1852,3009 1930,3009 2007,3009 2085,3011 2163,3011"/>
                <TextEquiv>
                    <Unicode>isset eis confessio fructuosa. Talia ergo dixerunt in inferno hi qui peccauerunt: </Unicode>
                </TextEquiv>
            </TextLine>
            <TextLine id="r2l64" custom="readingOrder {index:41;}">
                <Coords points="598,3069 2176,3076 2176,3035 2096,3021 598,3028"/>
                <Baseline points="608,3060 685,3062 763,3062 841,3062 919,3062 997,3062 1075,3062 1153,3063 1231,3063 1309,3063 1387,3063 1464,3063 1542,3063 1620,3063 1698,3063 1776,3063 1854,3065 1932,3065 2010,3066 2088,3066 2166,3068"/>
                <TextEquiv>
                    <Unicode>id est, in peccato finaliter sine poenitentia decesserunt. Et haec dicta eorum sunt </Unicode>
                </TextEquiv>
            </TextLine>
            <TextEquiv>
                <Unicode>uirtutibus, &amp; uitijs deturpatur: tunc fit taberna daemoniorum, 1. Corinth.10.
Nolo uos esse socios daemoniorum. In hoc ergo loco, mente scilicet humana
libenter inhabitat DEVS, secundum D. Bern. quia est coelum suum, quod non
sicut caeteris dixit tantum ut fieret, sed pugnauit ut adquireret, occubuit ut re
dimeret. Solent enim homines maneria ab eis aedificata &amp; perdita, &amp; iterum 
adquisita, multum diligere.
Secundo mens uirtuosa est locus generalis illuminationis. Vnde tota lux 
cognitionis humanae a mente deriuatur. Vnde Bern. Sicut terra sine coelo ob 
scura est &amp; opaca: ita corpus sine mente. Lux autem sapientiae non introibit in
maleuolam animam, sed tantum in uirtuosam.
Tertio est locus ordinatae dilectionis: ita anima uirtuosa. Aug. de Ciui. DEI
lib. 3. Vera definitio uirtutis est, quod uirtus est ordo amoris
Quarto coelum est locus gaudij et exultationis: &amp; certe nullibi est gaudium
nisi ubi est uirtus, Matt. 5. Gaudete &amp; exultate. Ecce enim merces uestra mul 
ta, &amp;c. Vnde Senec. Epist. 80. Vnum hominis bonum ipsa uirtus est, quae inter
prosperam fortunam &amp; aduersa, superbia incedit, cum magno utriusque con
temptu. Virtus rectorem ducemque considerat, sed sine magistro uitia discun
tur. Vnde idem de naturalibus quaestionibus lib. 7. Difficilis uictu est uirtus,
ducem rectoresque considerat, sed sine Magistro uitia discuntur. Haec Senec
Et tamen ad uitia totus mundus nos docet, ad uirtutes pauci, &amp; certe magis
ueteres quam moderni. Vnde si ad uitam antiquorum respicimus, multos uir
tutum doctores habemus, Greg. in Moral. lib. 1. cap. 7. Ad ostendendam in
nocentiam, uenit Abel. Ad docendam mundiciam, uenit Enoch. Ad insinuan
dam longanimitatem spei &amp; operis, uenit Noe. Ad manifestandam obedien 
tiam fidei, uenit Abraham: ad demonstrandam uitae coniugalis castimoniam 
uenit lsaac: ad insinuandam laboris tolerantiam, uenit lacob: ad rependendam 
pro malo bonae retributionis gratiam, uenit loseph: ad ostendendam mansue
tudinem, uenit Moyses: ad insinuandam contra aduersa fiduciam, uenit losua:
ad ostendendam inter flagella patientiam, uenit lob. Sed ad omnium morum
regulam ostendendam, uenit Filius DEI homo CHRISTVS IESVS
EVROBORVM confessionem postquam Spiritus sanctus re
citauit, quam de semetipsis confusibiliter facient, tam in iudicio ge
nerali, quam deinceps in poena infernali in perpetuum: Hic ponit
finem &amp; eiusdem sententiae confirmationem. Et circa hoc duo facit: 
quia primo ponit dictorum recapitulationem: secundo eorum con
firmationem. Secunda pars ibi: Quoniam spes impii
Dicit ergo primo sic: Talia dixerunt in inferno. Talia uidelicet expressiua hu
manae fragilitatis, condemnatiua prophanae peruersitatis exemplatiua vel ex 
terminatiua mundanae felicitatis, dixerunt in inferno: &amp; ideo frustra: quia in in
ferno nulla est redemptio: quia si talia cum poenitentia confessi fuissent in uita, fu
isset eis confessio fructuosa. Talia ergo dixerunt in inferno hi qui peccauerunt: 
id est, in peccato finaliter sine poenitentia decesserunt. Et haec dicta eorum sunt </Unicode>
            </TextEquiv>
        </TextRegion>
    </Page>
</PcGts>
