2371 3609
164 240 1730 330 num: non autem uelle se non peccasse, propter solam poenam euitandam. Ad
167 307 1730 397 secundum Bernh. Verum est, quod per se loquendo nolunt se peccasse, poeni
172 364 1737 448 tent tamen per accidens. Ad tertium Damascen. dicendum, quod non erit eis
169 419 1731 493 auersio uoluntatis a peccato comisso propter peccatum, sed a poena erit auersio
174 476 1734 558 uoluntatis eorum. Ad quartum dicendum, quod sanctis semper placebit se
171 517 1729 609 bene fecisse: quia nihil erit adiunctum, quare eis deberet displicere. Sed malis
173 583 1731 665 erit poena adiuncta, propter quam per accidens dolere poterunt de peccato.
177 626 1735 720 Ad quintum dicendum, quod non sunt aliqui ita mali, quin possunt in prae
157 693 1739 763 senti ad poenitentiam deduci, ut doleant de peccato, per accidens, si puniantur
176 750 1734 808 graui poena. Licet non possint deduci ad hoc per uiolentiam, quod poenite
170 801 1340 866 ant uirtuose. Haec est communis sententia in hac lectione.
387 1211 1723 1293 OSTQVAM declaratum est, qualiter reprobi se habebunt in poe
386 1276 1730 1335 na: hic ostenditur qualiter iusti se habebunt in gloria. Et circa hoc
391 1324 1730 1389 duo siunt: quia primo describit Spiritus sanctus sanctorum retribu
379 1388 1725 1436 tionem: secundo redit ad describendum malorum punitionem. Se
173 1437 1728 1487 cunda pars ibi: Et accipiet. Circa primum duo facit. Nam primo ostendit, quan
170 1493 1725 1545 tam in praesenti habent securitatem: secundo quantam in futuro recipient feli
165 1542 1125 1594 citatem. Secunda pars ibi: Ideo accipient regnum.
240 1588 1726 1685 Quantum ad primum dicit sic: lusti autem, &c. Viuent inquam, uita gloriae,
171 1654 1728 1712 qui prius uixerunt uita naturae: & gratiae, quae consistit in nuda uisione, ohan.
166 1711 1724 1765 7. Haec est uita aeterna, ut cognoscant te solum uerum DEVM, & quem misisti
163 1761 1719 1820 IESVM CHRISTVM. Viuent ergo sancti in perpetuum: nec mirum. Dicit enim
164 1810 1725 1872 Commentator super libro de uita & morte: quod entia, in quibus dominatur
166 1876 1726 1941 mixtio ignis & aquae, sunt longioris existentiae. In iusto autem est mixtio ignis
176 1922 1729 1971 charitatis & aquae patientiae in tribulatione. Et ideo non est mirum si sunt ma
166 1969 553 2038 gnae permanentiae.
223 2032 1730 2095 Et apud Dominum est merces eorum. Qui setuit fideli Domino, certus est de
156 2085 1724 2134 fideli mercede. Qui autem infideli, frequenter decipitur. Sed DEVS est iu
162 2137 1739 2186 stissimus DOMINVS, In Psal. Iustus DOMINVS in omnibus operibus suis:
182 2185 1735 2242 Quia iustus DOMINVS, et iusticias dilexit. Et ideo unicuique iusto dicit DEVS
164 2246 1719 2296 illud Genes. 15. Ego protector tuus sum, & merces tua mecum magna ni
164 2311 1732 2367 mis. De hac mercede dicit Aug. de uerbis Domini loquens DEO: Domine
167 2353 1699 2410 (inquit) promisisti mihi omnia bona, si amem te. Da te solum & sufficit mihi
211 2403 1714 2466 Per oppositum: mali Domini defraudant seruos suos seruientes de merce
157 2467 1711 2531 de condigna, Genes. 31. Et hoc est graue peccatum. Quatuor enim genera pec
162 2524 1716 2584 catorum in Scriptura inuenimus, quae dicuntur clamare ad Dominum pro uin
158 2573 1711 2625 dicta, uidelicet oppressio pauperum, clandestinum homicidium, flagitum
157 2619 1233 2677 Sodomiticum, & fraudatio operariorum a mercede
208 2674 1716 2727 De pauperum oppressione, & praecipue pupillorum & uiduarum, quomo
158 2734 1725 2787 do clamant ad Dominum, declaratur, Exod. 3. ubi dicitur: Quod ascenderit
150 2786 1716 2854 clamor filiorum Israelis ab operibus ad Dominum. Sed inter omnes oppres
145 2842 1728 2893 siones, clamantes ad Dominum, uidentur maxime clamare oppressiones &
150 2896 1721 2949 extortae actiones factae contra uiduas & pupillos: quia sunt personae indigentes
141 2950 1728 2997 auxilio. Vnde signanter dicitur Exod. 22. Viduae & pupillo non nocebis: si lae
141 2999 1532 3057 seris eos uociferabuntur ad me, & ego exaudiam clamorem eorum.
200 3059 1726 3119 Secundo clamat ad DEVM clandestinum homicidium: unde Gen. 4. Cum
