2371 3609
229 249 1716 308 Vbi notandum quo regnum decoris est coelum, regnum timoris mundus, re
171 315 1711 384 gnum horroris infernus. Coelum nanque est regnum decoris & gloriae. In Psal. Glo
179 371 1728 419 riam regni tui dicent, & potentiam tuam loquentur. Vt notam faciant filijs hominum
173 425 1738 490 potentiam tuam & gloriam magnificentiae regni tui. Et Matth. 12. Regnum coelorum
176 475 1731 528 uim patitur, & uiolenti rapiunt illud. In floribus. Bern. lib. 9. cap. 16. Quatuor
174 522 1727 575 sunt genera hominum regnum coelorum possidentium: alij uiolenter rapiunt, alij mer
182 584 1734 650 cantur, alij furantur, alij compelluntur ad illud. Rapiunt qui relinquunt, omnia &
170 635 1725 683 sequuntur CHRISTVM. Sunt alij inferioris gradus a quibus metuntur car
173 691 1726 743 nalia, dum seminant spiritualia: & dicuntur mercatores. Sunt alij qui nonulla
176 741 1720 797 bona occultem faciunt, & hi furari dicuntur: quia laudem humanam uitantes: solo
181 795 1734 846 diuino testimonio sunt contenti. Hi autem qui compelluntur sunt pauperes necessa
172 855 1723 903 rio, quos hic ignis paupertatis probat, DEO dispensante. De quibus dicitur:
182 902 1743 952 Compelle intrare. Compelluntur enim uarijs oppressionibus & necessitatibus
182 961 1729 1012 afflicti. Haec Bern. Secundo mundus iste est regnum timoris. Luc. 21. Surget
182 1014 1729 1078 gens contra gentem, & regnum aduersus regnum, & erunt pestilentiae, & fa
182 1073 1723 1135 mes & terrores per lo. Istud regnum CHRISTVS contempsit, quando fugit ab
185 1121 1724 1173 hominibus qui eum regem fecisse uolebant: sicut patet loh. 6. & 18. dicens: Re
175 1177 1733 1241 gnum meum non est de hoc mundo. Et certe istud est regnum timoris sicut
185 1241 1730 1298 declarat Boëtius 3 de Conso. prosa 5. alludens historiae de Dionysio Siculo ty
184 1297 1725 1348 ranno. Expertus (inquit) sortis suae periculum tyrannus regni metus pendentis
182 1340 1725 1394 supra uerticem gladij terrore simulauit. Hanc historiam planius narrat Macrobius
175 1392 1737 1446 super somnio Scipionis lib. 1. Dionysius (inquip) aulae siclae inclementissimus
175 1448 1741 1501 incubator, familiari quondam suo beatam aestimanti uitam tyranni: uolens quam
188 1501 1729 1566 perpetuo metu, quamque impendentia periculorum plena esset ostendere, gla
173 1552 1738 1616 dium uagina raptum, & a capillo de pilo equino pendente mucrone dimisso,
179 1609 1724 1665 iussit familiaris illius capiti inter epulas imminere. Cunque ille inter siclas & ty
174 1654 1725 1729 rannicas copias praesentis mortis grauaretur periculo. Talis est, inquit, Diony
176 1718 1735 1774 sius uita, quam tu beatam putabas. Sic mortem nobis semper imminentem prae
180 1778 1737 1828 uidemus: Aestima quando felix esse poterit, qui timere non desinit. Istud bene
178 1826 1729 1882 aduertit ille nobilis triumphator Romanus Cippus, de quo narrat Ouidius 15
169 1876 1727 1930 Metamorph post medium: Cippus iste ueniens de bello, in quo pro Roma
184 1932 1739 1990 nis pugnauerat, & triumphum habuerat, subito & casu respexit in undam, de
181 1993 1731 2060 prehendit faciem esse cornutam. Aestimans autem se delusum per imaginem
170 2057 1741 2106 in aqua, manum ad caput apposuit, & in fronte cornua reperit: Statimque sacri
186 2088 1737 2161 ficans dijs suis, in intestinis hostiarum iussit prophetam requirere, quid istud
185 2168 1728 2223 prodigium designaret: propheta uero nomine Strages considerans, & con
181 2209 1729 2260 sulens diligenter: Responditque, fatatum erat, quod si intraret muros ciuitatis
182 2254 1733 2346 Romanae rex fieret Romanorum pro se & suis successoribus in aeternum. Vn
189 2314 492 2371 de dicit sibi sic:
344 2365 1127 2433 Rex , ait. o salue, tibi enim, tibi cippe tuisque
333 2418 1148 2477 Ric locus & Laciae parebunt cornibus artes.
338 2482 1197 2541 Tu modo rumpe moras portusintrare patenter
349 2541 1229 2596 Appropria, sic fata iubent, niam vrbe receptus.
338 2585 1079 2640 Rex eris, & sceptro tutus potire perenni.
346 2641 1199 2693 Ret tulit ille pedem toru amque a menibus vrbis
343 2696 1258 2751 Auertens factem, procul hac procul omnia dixit
342 2756 1125 2803 Talia dij pellant, multoque, ego iustius auum
341 2798 1233 2859 Exul agam, quam me videant capitoliu regem.
178 2840 1744 2909 Vult dicere, quod audito responso prophetae quoe futurus esset rex Romanorum, si
170 2920 1739 2970 urbem intrasset. Statim auertit faciem toruo uultu a ciuitate, & coepit redire & fu
172 2971 1739 3036 gere a ciuitate, rogans deos, quod talia fata auerterent, procul & pellerent ab eo, asse
175 3029 1734 3083 rens se male exulasse prosper, quam diadema regni suscipere, & ciuitatem intrare. Sta
169 3076 1736 3147 tim ergo misit pro patribus & pro senatu Romano, ut ad eum extra ciuitatem uenirent.
