2371 3609
601 240 2169 336 gent ab occasu Solis, contra faciem firmamenti, usque ad ortum currentia. Septi
608 303 2176 382 mo omnia sidera erratica & fixa surgent proferentia ex se igneas comas, sicut
616 358 2163 433 cometae. Octauo erit terraemotus, ita quod nullus homo possit stare, sed om
612 416 2175 487 nia aedificia prosternentur. Nono omnes lapides tam parui quam magni in
608 477 2181 543 quatuor partes se diuident, una petra aliam collidente. Decimo omnes plan
616 519 2178 595 tae sanguineum fluent rorem. Vndecimo omnes montes & colles & aedificia
610 575 2178 647 in puluerem redigentur. Duodecimo omnia animalia uenient ad campos de
620 643 2178 715 syluis & montibus, rugientia & nihil gustantia. Decimotertio omnia sepulchra
609 702 2175 755 ab ortu Solis usque ad occasum patebunt cadaueribus ad surgendum. Decimo
619 731 2175 815 quarto omnes homines exibunt de habitaculis suis, non intelligentes neque ad
620 811 2176 865 inuicem loquentes, sed more ferarum discurrentes. Die decimoquinto, om
620 840 2180 918 nes morientur, & resurgent cum mortuis longe ante defunctis. Haec tamen
619 901 2170 971 figna, quia de apocryphis sunt excepta, certitudinem non habent. In hoc ta
626 956 2167 1033 men quod dicitur inlitera, quod candescet in malos aqua maris & flumina con
619 1010 2185 1077 current auriter, uidetur tangi primum signum de collisione aquarum, & earum
619 1077 1032 1130 m altum eleuatione.
696 1115 2184 1197 Quia superius tactum est, quod per emissiones fulguris intelligitur gene
614 1186 2174 1251 ratio ignis illius miraculosa, per quam totus mundus conflagrabitur ante diem
615 1230 2181 1297 iudicij, sit ista dubitatio. Vtrum mundus purgabitur per ignem. Et uidetur
632 1300 2184 1361 quod non. Quia uel ille ignis foret naturaliter productus, uel supernaturali
623 1359 2176 1400 ter. Si supernaturaliter: Ergo non habebit operationem naturalem. Si natura
619 1383 2178 1462 liter, ergo possibile esset, quod naturaliter fieret diluuium uniuersale ignis. Sed
622 1440 2178 1508 iste articulus est excommunicatus a domino Stephano Parisiens. Episcopo.
613 1496 2179 1559 Item sic non generaretur nisi ex certa constellatione planetarum, & calidarum
625 1561 2172 1621 stellarum: sed si hoc, tunc posset sciri tempus illud per calculationes Astrono
630 1622 2179 1673 micas, consequens falsum. Praeterea si mundus purgabitur per ignem, quaero
628 1677 2184 1729 an ille ignis praecedet iudicium an sequatur. Si dicatur quod praecedet. Iuxta
622 1716 2184 1776 illud Psal. Ignis ante ipsum praecedet. Contra uidetur dicere August. 22. de
636 1769 2184 1828 Ciuit. DEI. c.16 ubi dicit sic: Iudicatis his qui scripti non sunt in libro uitae, se
632 1841 2180 1892 quitur quod tunc figura mundi mundanorum ignium conflagratione peribit.
618 1877 2178 1935 Item in eodem lib. cap. ult. in fin. Circa illud iudicium has res dicimus esse uen
620 1938 2174 1996 turas, Heliam Thesbytem, fidem Iudaeorum, Antichristum persecuturum, CHRI
630 1988 2182 2042 STVM iudicaturum, mortuorum resurrectionem, bonorum & malorum diui
616 2041 2176 2096 sionem, mundi conflagrationem, eius denique renouationem. Existimo ea quae
626 2096 2168 2150 a me comemorata sunt ordine esse uentura. Ergo secundum beatum Aug, mun
619 2159 2179 2217 di purgatio per ignem erit post iudicium. Si uero dicatur quod sequetur. Com
622 2196 2182 2258 tra sicut dicit August. 22. de Ciuit. DEI cap. 18. Et allegat Magistr. 4: sent. dist.
640 2272 2184 2325 17. Hoc erit incendium mundi sanctis, quod fuit caminus tribus pueris. In qui
626 2311 2191 2366 bus uero aliquid purgandum fuerit, per ignem illud purgabitur. Sed constat
629 2366 2187 2433 quod post iudicium nullus purgabitur per illum ignem: quia constat quod o
627 2422 2191 2473 mnes sancti statim in resurrectione habebunt corpora gloriosa, & per conse
626 2474 2079 2539 quens impassibilia: Ergo ille ignis praecedet resurrectionem & iudicium
674 2527 2191 2584 Ad oppositum est Petrus, 2. canon. sua. c. 3. Adueniet (inquit) dies Domini
623 2582 2181 2638 ut fur, in quo coeli magno impetu transient, elementa uero calore soluentur, ter
620 2649 2181 2707 ra autem & quae in ipsa sunt exurentur, & infra: Per quem coeli ardentes sol
626 2691 2180 2741 uentur, & elementa ignis ardore tabescent: novos uero coelos, & novam ter
626 2748 2180 2800 ram & promissa ipsius expectamus. Iterum 1. ad Corinth. 8. Gloss. super illud:
614 2797 2181 2850 Praeterit figura hiuius mundi: dicit sic: Pulchritudo huius mundi mundano
615 2854 2185 2909 rum ignium conflagratione peribit: Ergo mundus purgabitur per ignem. Et
623 2910 2175 2970 praeterea Aug. 2. de Ciuit. DEI cap. 6. Illa conflagratione mundana elemen
631 2961 2176 3015 torum corporalium qualitates, quae corporibus nostris corruptibilibus con
620 3019 2178 3070 gruebant, ardendo penitus interibunt, atque ipsa substantia eas qualitates habe
619 3070 2187 3118 bit, quae corporibus immortalibus mirabili mutatione conueniebant, ut scili
