2371 3609
633 241 2175 331 pertransire. Et hoc non quomodocunque, sed in stabili proposito uitam nostram
629 297 2180 373 in melius commutandi. Nihil enim magis est contrarium prudentiae quam in
625 362 2178 426 stabilis mutabilitas. Vnde Seneca: Si prudentiam amplecteris, ubique idem eris,
637 408 2188 479 & prout rerum ac uarietas temporis exigit. Ita a te actionem edes tempori, ne
634 469 1437 534 te in aliquo mutes, sed potius aptes, &c
868 924 2192 977 VM finis & perfectio sapientiae sit hominem dirigere ad seipsum
872 981 2193 1039 & alios uirtuose regendum, & hoc maxime ad reges, iudices, &
870 1046 2196 1106 praelatos pertineat, & iam declaratum sit, quod sine sapientia non
857 1098 2190 1152 possunt esse iusti, nec sine iusticia sapientes. Concludit hic Spiritus
645 1142 2196 1202 sanctus ex omnibus praecedentibus istam persuasionem. Audite ergo re
639 1192 2188 1271 ges, &c. quasi diceret: Vos estis qui sapientiam & iusticiam subiectis uestris ad
641 1262 2180 1314 ministrare tenemini. Sapientia uero sine disciplina haberi non potest: Ergo
647 1296 2194 1362 Audite reges & principes, & intelligite. In Psalm. Et nunc reges intelligite eru
649 1356 2196 1414 dimini qui iudicatis terram. Persuadet ergo Spiritus sanctus in hoc textu qua
648 1411 2187 1468 tuor, scilicet humilitatem addiscendi, dudite reges: Subtilitatem advertendi, In
656 1465 2192 1519 telligite: Auiditatem inquirendi, Discite: Seueritatem exequendi, ludices finiam
655 1518 2196 1581 terra. Dicit ergo sic literaliter ordinando sententiam: O reges: id est, quicunque
649 1582 2192 1637 praelati, audite aure corporis, quia, Eccles. 6. Si dilexeris audire, sapiens eris. Et
646 1634 2195 1690 hoc est tibi rectori satis utile, cum sis rex: quia Eccles. 10. Rex insipiens perdet
646 1679 2200 1751 populum suum, propter quod signanter Salomon cum rex constitueretur a do
651 1742 2194 1802 mino petijt, 2. Paralip. id est, Da mihi Domine sapientiam & intelligentiam, ut
650 1784 2197 1842 egrediar coram populo tuo & ingrediar. Sed quia non sufficit aure per
655 1854 2186 1907 cipere, nisi concipiatur & mente. Ideo subdit intelligite: quia Prover
654 1894 2193 1961 biorum 1. Audiens sapiens sapientior erit, & intelligens gubernacula pos
650 1950 2193 2006 sidebit. Et iterum: uos iudices finium terrae: id est, uos iudices genera
649 2004 2184 2058 les, quia quanto maior est uestra iurisdictio, tanto maior requiritur in uo
650 2054 2197 2109 bis iusticiae dilectio Esa. 1. Discite benefacere, quia hoc sufficit. Primo ergo
639 2119 2181 2164 in hac litera regibus persuadetur humilitas addiscendi. Vnde dicitur Audite
648 2166 2191 2224 ergo reger. Cum enim nulla virtus nobis innascatur, neque moralis, 2. Ethicorum,
642 2215 2189 2279 neque intellectualis, 3 de Anima. Eo quod anima est sicut tabula nuda vel rasa,
651 2271 2187 2324 &c. Reges uero summe uirtutibus indigeant. Et iterum: Auditus sit sensus mul
640 2321 1255 2393 tum disciplinabilis. Iuxta illud:
772 2402 1638 2458 Atius immutant animam demissa per aures.
699 2441 2196 2496 Ergo audite reges. Iudicum, 5. Audite reges, auribus percipite principes. O
644 2511 2197 2570 mnem enim regem decet summe DEVM colere, & legem DEI scire. Vnde
650 2555 2195 2607 Deuteronomij 17. Lex Mosaica praecepit sic. Postquam sederit rex in solio regni
637 2612 2184 2660 sui, describet sibi Deuteronomium legis huius in uolumine, accipiens exem
649 2662 2196 2727 plar a sacerdotibus Leuiticae tribus. Et habeat secum, legetque illud omnibus
646 2710 2184 2765 diebus uitae suae, ut discat timere Dominum DEUM suum, & custodire uer
650 2764 2199 2823 ba & ceremonias, quae in lege eius praecepta sunt. Et ideo in coronatione regis
658 2820 2197 2876 priusquam benedictio uel consecratio super eum fiat, ista tria faciet iuramenta
644 2875 2187 2931 sub hac forma. In CHRISTI nomine promitto haec tria populo Christiano
645 2929 2205 2985 mihi subdito. In primis me praecepturum, & opem pro uiribus impensurum, ut
637 2986 2200 3040 Ecclesia DEI & omnis populus Christianus ueram pacem nostro arbitrio in
648 3048 2191 3107 omni tempore conseruet: Aliud. Vt rapacitates & omnes iniquitates, omni
