2371 3609
204 244 1761 296 samini inquit uitia: colite uirtutes, ad rectas species animum subleuate. Humi
200 296 1767 354 les preces in excelsa porrigite. Magna vobis, si dissimulare non uultis, indicta
201 355 1755 408 est necessitas probitatis cum omnia ante oculos agitis iudicis cuncta cer
206 409 357 459 nentis
289 457 1770 512 Notandum quod hic tangit Sapiens tria corporis organa, quae difficili
187 522 1767 571 mum est regere ratione. Renes, cor, & linguam: nam in renibus uoluptas: in
200 570 1762 620 corde uanitas: in lingua falsitas dominatur. Et ideo difficilimum est etiam san
196 621 1763 679 ctis quod se regnent perfecte in delectationibus, quae per renes signantur: in
200 678 1761 731 cogitationibus quae per cor in locutionibus, quae per linguam notantur dicit
187 725 1772 782 Arist. 13. de animalibus: Infirmitas renum in homine est difficilis curationis.
200 781 1763 836 Moraliter: quia in renibus dominatur uoluptas: ideo infirmitas renum carna
194 840 1763 890 lem nominat concupiscentiam, quae uocatur languor naturae. In Psalm. Mise
197 890 1745 947 rere mei DEVS, quoniam infirmus sum: haec infirmitas est difficilis curatio
196 947 1763 1013 nis, sicut patuit in Paulo & in alijs sanctis. Vnde mitigari potest, tolli non potest
199 1005 1758 1067 citra mortem omnino secundum August. de perfectione iusticiae humanae. Et
195 1055 1762 1107 Bern. Siue uelimus, siue nolimus. lebusaeus iste in finibus nostris habitat, suppri
203 1111 1758 1164 mi potest, extingui non potest. Vnde narrat Greg. 4. Dialogorum cap. 13. de
209 1163 1758 1217 Vrsino presbytero, qui sic conuixerat suae presbyterae tanquam frater cum so
194 1219 1765 1280 rore, continens a tempore ordinationis suae. Ille cum esset confectus aetate, &
194 1267 1763 1326 iaceret infirmatus ad mortem, & in tantum inualuisset infirmitas quod dubi
197 1323 1756 1379 tabant aliqui an spiritus exiuisset an non: accessit ad eum presbytera sua & na
207 1387 1758 1442 ribus suis aures apposuit, ut sciret si corpori suo aliquis uitalis spiritus inesset,
200 1443 1757 1500 quod ille iam semimortuus sentiens recollectis uiribus, quas habebat erupuit
200 1486 1769 1545 in uocem, & ait: Recede a me mulier adhuc igniculus uiuit, tolle paleam. Et
205 1545 1749 1608 cito post uenientibus ad se Petro & Paulo Apostolis sicut sibi uidebatur, spi
206 1603 1779 1650 ritum exhalabat. Ille potuit DEO regratiari & dicere cum Psal. Benedicam
213 1646 1764 1705 Dominum qui tribuit mihi intellectum insuper usque ad noctem increpue
206 1702 1761 1767 runt me renes mei: id est, usque ad mortem secundum gloss. increpuerunt: id
204 1758 1762 1823 est, arguerunt uel tentauerunt me renes mei. Dicitur enim communiter, quod
213 1810 1752 1868 infirmitas renum est difficilis curationis, quae non recipit curam sine adustio
206 1862 1777 1922 ne. Talis est fomes carnis propter quod petijt Psal. signanter: Proba me Do
211 1931 1759 1981 mine, & tenta me, ure renes meos & cor meum. Gloss. Proba me: id est, iudica
204 1990 1765 2039 me esse probatum non tibi, qui omnia nosti, sed mihi & hominibus ne quid de
208 2024 1775 2088 licti maneat. Ideo dicit tentat me: quia nisi tentares, negligentes essemus. Et ure
217 2081 1761 2149 igne tribulationis renes meos & cor meum: id est, adhibe medicinalem pur
211 2133 1762 2206 gationem tribulationis delectationibus meis ne quid mali delectet me, & co
204 2188 1760 2257 gitationibus ne quid mali cogitem. Cor nanque pro cogitationibus: renes pro
210 2239 911 2309 delectationibus posuit haec glossa.
284 2294 1761 2359 Secundum organum corporis quod nimis est difficile regere ratione, est
205 2356 1772 2407 cor: unde Greg. 4. Mora. Facile est peruersa opera uitare. Sed nimis difficile est
208 2405 1758 2462 ab illicita cogitatione corrigere. Quia sicut Bernhard. dicit in meditationibus
208 2464 1764 2523 suis: Nihil in me corde meo fugacius: quod quotiens me deserit & per prauas
202 2523 1777 2578 cogitationes defluit, totiens DEVM offendit cor meum, cor uagum, instabile
209 2578 1757 2632 dum suo ducitur arbitrio & diuino earet consilio. ln semetipso non potest con
205 2622 1761 2679 sistere, sed omni mobili mobilius per infinita distrahitur. Et ideo signanter di
211 2671 1764 2739 citur Proverb. 4. Omni custodia serua cor tuum: quia ex ipso uita procedit. Est
206 2727 1760 2786 autem de corde humano sicut de argento uiuo quod est semper in motu: sisti
209 2779 1764 2842 tur tamen aliqualiter & mortificatur per odorem: hoc est, per fumum sulphu
201 2845 1774 2894 ris, sicut docet Arist. 4. Metheoro. Moraliter. Si sistere & domare uelimus cor
201 2900 1762 2947 nostrum a uagis motibus superbiae & elationis, adhibeamus ei odorem sul
215 2957 1758 3018 phuris: id est, imaginationem pene aeternalis uel gehennalis, cuius una portio
212 3009 1777 3064 dicitur esse sulphur. Iuxta illud: Ignis sulphur spiritus procellarum pars calicis
211 3069 1782 3123 eorum: & Apoc. 21. Psal. lllorum erit in stagno ardente & sulphure, & statim
