2371 3609
175 267 1746 336 tiae in causa examinationis, dicetur iudicium temerarium. De lmperatore &
176 318 1747 383 Theodosio & beato Ambrosio legitur nono libro historiae tripartitae notabi
176 374 1751 455 lis historia, quae narratur cap. 14. Cum enim apud Thessalonicam quidam iu
185 431 1734 504 dices fuissent lapidati, indignatus Theodosius omnes passim interimi iussit,
179 494 1750 549 non praecedente examinatione iudicij, ut septem millia hominum interficeren
174 547 1743 603 tur: Post haec uenit lmperator apud Mediolanum, ubi praeerat Ambrosius.
181 588 1750 657 Cunque in die solenni Imperator in Ecclesiam ingredi uoluisset, foris ad ianuam
181 640 1742 711 Ambros. eum prohibuit, & grauissimis obiurgationibus eum arguit, & inter
176 707 1737 772 alia dixit sibi sic: Quam (inquit) poenitentiam ostendisti post tantas iniquitates,
188 763 1728 834 quaere ibi residuum. Tertio accusat Spiritus sanctus malos iudices de hoc quoo
180 817 1732 884 malem regulauetunt se ipsos. Vnde dicit: Neque secundum voluntatem DEI ambu
170 864 1727 925 lestis. Ad Rom. 12. Nolite conformari huic seculo, sed reformamini in nouitate
176 913 1735 983 sensus uestri, ut probetis quae sit uoluntas DEI beneplacens & perfecta. Non
170 979 1735 1037 enim debent se conformari seculo, sed stare perualide in rationis iudicio ut san
170 1035 1741 1099 cti sint in seipsis, qui habent alios ex officio sanctificare, 1. ad Thessal. 4. Haec
171 1084 1730 1153 est enim voluntas DEI sanctificatio uestra, ut abstineatis uos a fornicatione,
176 1142 1743 1200 ut sciat unusquisque uestrum uas suum possidere in sanctificatione, & honore
170 1197 1480 1249 non in passionibus desiderij, sicut gentes quae ignorant DEVM
411 1951 1740 2010 ECRARATIS causis propter quas mali iudices merito poterunt
404 2020 1743 2063 accusari: Hic exequitur de poena qua merebuntur iudicialiter con
416 2060 1726 2112 demnari. Et circa hoc duo facit: Primo ostendit, quod contra ma
404 2114 1731 2169 los iudices fiet iudicium, cum singulari discretione. Secundo quod
417 2168 1733 2223 hoc fiet cum rationabili proportione, ibi: Exiguo enim. Quantum
163 2223 1734 2290 ad primum dicit: Horrende & cito apparebit vobis, quasi diceret: Vos qui modo
166 2279 1733 2333 borribiles apparetis pauperibus & innocentibus, stipati militibus & multitu
174 2343 1730 2396 dine famulorum, honorati muneribus & adulationibus clericorum, ditati pe
181 2402 1728 2451 cunijs & abundantia mundanorum, onerati sceleribus & debitis peccatorum.
176 2438 1741 2493 Cauete, quia iudex uester CHRISTVS horrende & cito apparebit vobis. Et be
180 2498 1731 2549 ne cauete: quia ad Hebraeos 10. Horrendum est incidere in manus DEI uiuen
175 2553 1732 2602 tis. Et quid faciet uobis iudex iste. Ad haec respondet sufficienter. Primo osten
178 2608 1737 2664 dendo modum quo ueniet. Secundo describendo actum quem intendit, ibi:
189 2657 1214 2721 Quoniam iudicium duristimum in his qui praesunt, fiet.
247 2710 1736 2775 Quid & quomodo CHRISTVS faciet iniquis praelatis, ostendit per haec
176 2771 1731 2822 uerba: Hlorrende & cito apparebit vobis. In quibus docet tria circa aduentum
182 2814 1745 2884 CHRISTI ad iudicium, quantum pertinet ad malos iudices & praelatos, qui
177 2875 1742 2928 tunc temporis bonis apparebit benignus, & malignis austerus. Venit enim vo
175 2924 1738 2985 bis malis iudicibus uidelicet potenter, cum incussione timoris, quia horrende.
175 2991 1736 3039 repente cum exclusione corporis, quia cito: & euidenter cum declaratione ui
176 3046 1737 3103 goris, quia apparebit vobis. lam enim dicitur, & ita est, uere tu es DEVS ab
180 3098 1751 3152 sconditus, Esa. 45. Sed tunc verificabitur illud Psalm. Deus manifeste ue
