2371 3609
595 216 2163 276 In iudicio esto pupillis misericors ut patet. Praeterea exhibere indigno hono
594 263 2166 327 rem, est acceptio personae: Sed ad hoc in casu tenemur honorare parentes etiam
598 338 2166 382 malos, & malos praelatos: Similiter consilium est Leuitici 19. Coram cano ca
598 368 2170 449 pite consurge & honora personam senis. Sed senes quandoque non sunt uirtuosi
604 423 2167 491 secundum illud Dan. 12. Egressa est iniquitas a senioribus iudicibus qui uide
602 488 1104 555 bantur regere populum,
656 540 2167 598 Ad oppositum: Nihil prohibetur in lege diuina nisi peccatum. Sed in lege
601 587 2162 651 diuina acceptio personae prohibetur Deutero.1. Non accipias personam cu
614 656 2166 710 iusquam, & loquitur specialiter in loco iudicij: Ergo accipere personam in iu
608 706 2160 769 dicio est peccatum. Praeterea Iacob. 2. Nolite in personarum acceptione habe
605 746 2167 815 re fidem Domini nostri IESVCHRISTI: ut dicit glo. Aug. Quis ferat si quis
611 802 2179 867 diuitem eligat ad sedem honoris Ecclesiae, contempto paupere sanctiore & iu
607 854 2164 923 stiore: Ergo acceptio personarum in collationibus beneficiorum ecclesiasti
608 922 2166 977 corum est peccatum. Ad quaestionem est dicendum quod sic: propter istam ra
606 980 2172 1029 tionem. Omne quod opponitur uirtuti uitium est & peccatum: sed acceptio
618 1020 2174 1099 personarum opponitur iusticiae: ergo est peccatum. Sciendum est enim quod
614 1089 2180 1141 ad iusticiam pertinet, quod bona diuersa diuersis distribuantur perfonis, secun
613 1146 2183 1198 dum ualorem & dignitatem personarum. Quando ergo aliquis considerat in
609 1197 2171 1260 persona aliquam conditionem, quae non facit eum dignum illo quod sibi dat,
607 1250 2179 1303 est acceptio personae. Si autem considerat conditionem aliquam in persona,
614 1298 2180 1364 quae quidem conditio facit eum dignum beneficio conferendo, tunc non est
609 1369 2175 1413 acceptio personae, sed causae. Et secundum hoc loquit Glossa ad Ephesios 6. su
607 1403 1236 1476 per illud: Non est personarum.
661 1455 2169 1514 Acceptio apud DEVM dicens quod iudex iustus causas attendat & non
605 1524 2177 1581 personas. Est ergo acceptio personae iniusticia qua praefertur persona personae
617 1575 2173 1637 propter causam non dignificantem eum ad illud, ad quod praefertur. Omnis
608 1635 2170 1682 autem conditio quae non facit hominem dignum illo negocio ad quod prae
613 1669 2165 1731 fertur, refertur secundum istum modum loquendi ad personam. Sicut si atten
608 1726 2180 1780 dam in isto diuitias & consanguinitatem, & propter istas conditiones promo
608 1780 2168 1846 ueam illum ad magisterium, uel praelationem, acceptio personae est: quia causa
613 1849 2171 1892 me mouens non est conditio, quae facit eum dignum honore collato. Sed si at
615 1888 2175 1945 tendam in, isto consanguinitatem & propter hoc lego sibi 10. lib. uel instituo eum
607 1950 2181 2008 haeredem & dimitto extraneum, non est acceptio personae, sed causae: quia ista
618 1999 2178 2063 causa facit eum dignum & proportionatum huic beneficio, quod est assequi
611 2062 2169 2121 patrimonium meum. Vnde accipere personam in proposito non est accepta
613 2119 2177 2172 re personam hominis: sed acceptare ad hoc beneficium propter conditionem
608 2160 1701 2214 non dignificantem eum ad beneficium conferendum.
665 2212 2174 2268 Per hoc ad rationes: Ad primum est datio duplex. Vna pertinens ad iusti
619 2269 2175 2335 ciam quando aliquis datquod debet, & cui debet, & quando, & secundum quod
619 2322 2165 2377 debet, & ista donatio proprie non cadit in DEO, qui nihil debet creaturae sim
623 2378 2175 2444 pliciter loquendo. Alia est datio siue donatio proprie pertinens ad libertatem,
610 2445 2172 2497 ubi homo dat, & tamen non tenetur ad hoc, sed datgratis: modo acceptio per
611 2483 2182 2551 sonarum est iniusticia, & non consistit nisi in donationibus pertinentibus ad
616 2537 2176 2592 iusticiam. Et ideo in acceptione DEI uel praedestinatione non est acceptio per
614 2592 2176 2647 sonae: quia DEVS non facit iniustum creaturae suae causa reprobando. Sicut nec
611 2645 2184 2702 facit iniustum creaturam ipsam praedestinando, & ideo in mere gratiosis non
613 2702 2184 2764 peccat homo dando uni & non alteri, cum neutri teneatur quicquam dare. Ad
618 2755 2168 2808 secundum de promotione consanguineorum distinguendum est, quod con
611 2810 2171 2861 sanguinei praelati aut sunt minus digni simpliciter, & per respectum ad bene
617 2861 2179 2919 ficium conferendum, & per respectum ad bonum commune, aut sunt aeque di
609 2919 2182 2982 gni, ut alij. In primo casu promouere eos & dimittere digniores, est acceptio
614 2972 2181 3035 personarum. Idem in dispensatione spiritualium quorum non est Dominus, sed
611 3033 2169 3089 tantum dispensator, 1. Cor. 4. Sic nos existimet homo ut ministros CHRISTI
