2371 3609
619 269 2169 344 ponitur latet. Sed interiora domus latere possunt etiam praesentem scrutato
625 314 2177 390 rem. Proverbiorum 8. Sapientia in ipsis foribus loquitur, dicens: O uiri ad
625 374 2182 450 uos clamito, & uox mea ad filios hominum. Intelligite paruuli astutiam, &
628 447 2184 498 insipientes animaduertite. Sic ergo, qui de luce vigilabit ad sapientiam non labo
626 494 2168 548 rabit. Asidentem enim illam foribus suis inueniet: Hoc est, sapientiam crea
639 558 2182 600 tam uel increatam inueniet, assidentem foribus suis, id est, manifeste paten
637 597 2179 667 tem in intellectu principiorum: quia cognitio existendi DEVM omnibus ho
641 654 2191 707 minibus naturaliter est inserta. Sicut dicit Damascenus libro primo, capite
643 708 2193 762 tertio. Et Boëtius de Consolatione libro tertio, prosa 2. Est autem mentibus
649 764 2190 814 hominum uerbi bonique naturaliter inserta cupiditas. Ad idem Tullius libro
643 812 2194 883 primo: Insitas uel potius innatas cognitiones habemus. Quae enim gens aut
659 870 2188 925 penus hominum quod non habeat sine doctrina anticipationem quandam
649 914 2193 975 deorum, quam Epicurus uocatr prolempsim: id est, anteceptam animo rei
652 978 2191 1038 quandam informationem, sine qua nec intelligitur quicquam, nec quaeri, nec
649 1037 2185 1086 disputari potest. Idem libro secundo: Quid potest esse tam apertum tam per
645 1087 2190 1140 spicuum, cum coelum suspicimus, coelestia, quae contemplati sumus, quam
617 1143 2195 1197 tesse aliquod numen praestantissimae mentis, quo haec regantur. Sed contra
649 1192 2194 1250 istam uidetur esse illud, quod scribitur Proverbiorum 8. Beatus homo qui au
662 1232 2185 1294 dit me, & qui uigilat ad fores meas quotidie. Ergo sapientia non statim inue
659 1289 2200 1350 nitur assidens in foribus. Dicendum est quod inuenitur statim quantum ad
618 1342 2190 1410 a. intellectum principiorum, & quantum ad noticiam DEI generalem: Sed non
659 1397 2184 1463 inuenitur statim perfecte: quia qui aliquid nouit, plus nosse cupit. Fores uero
655 1453 2196 1510 sapientiae, in prouerbijs dicuntur Doctores, per quos habemus ingressum ad
661 1503 2190 1562 sapientiam. Et ad illas fores oportet uigilare quotidie. Eccles. 6. Si uideris sen
665 1560 1977 1617 satum euigila ad illum, & gradus hostiorum illius exterat pes tuus.
710 1615 2190 1674 Et notandum circa materiam lectionis huius, quod triplex causa exprimi
663 1671 2181 1724 tur in Scriptura, quare uigilare & uigilanter nos habere debemus in omni
662 1721 2196 1777 bus: uidelicet hostilitas crudelis rebellationis, utilitas fidelis administratio
659 1786 2197 1832 nis, & debilitas terrestris inhabitationis. Quantum ad primum homines exi
649 1833 2191 1883 stentes in bello mortali non possunt somno uacare. Nos autem sumus in con
648 1906 2203 1957 tinuis bellis. In Psalm. Conculcauerunt me inimici mei tota die, &c. Ergo nae
664 1946 2195 2001 cesse habemus uigilare. Grues, sicut dicunt naturales, inter se uigilias diui
662 1990 2202 2047 dunt. Et illa quae uigilare debet, lapidem tenet in pedibus, ut si illa dormie
666 2060 2209 2114 rit, lapis cadens alias excitet & seipsam. Si ergo auis insensata quae uigilare
669 2101 2196 2154 tenetur, sic sibi praeuidet contra somnum. Multo magis contra somnum pec
671 2165 2199 2215 cati cautelam continuam adhibere debemus, 1 Petri 5. Fratres sobrij estote
661 2209 2192 2261 & uigilate, &c. Et bene adiungens praemittit sobrietatem uigiliae. Nam e
665 2264 2204 2315 brietatem sequitur necessario multus somnus. Est autem de Diabolo isto ad
664 2320 2189 2368 uersario, sicut de quodam duce Chartaginen. refert Sextus lulius Fronti
656 2370 2198 2423 nus, stratagemat. libro secundo, capite quinto, quod est de insidijs: Dux iste
661 2417 2200 2476 bellum habuit contra quosdam de Africa qui Carthaginenses rebellabant:
666 2476 2201 2551 fuerunt isti de Africa auidi nimis ad bibendum uinum, quod intelligens dux,
661 2534 2209 2585 usus est contra eos tali cautela. Accepit multa dolia uini, & miscuit cum ui
662 2587 2197 2638 no succum cuiusdam herbae, quae uocatur mandragora: quae quidem herba
661 2637 2205 2692 est mirabiliter somnifera, sicut docet Aristoteles primo de Somno & uigilia.
664 2690 2194 2742 Facit enim homines ita profunde dormire quod fiunt insensibiles: & ideo so
661 2746 2190 2799 let dari hominibus, qui sunt propter aliquam infirmitatem curandam, secandi
663 2812 2200 2857 ut possint sine dolore secari. Dolia ergo uini sic infecti dimisit iste dux in ten
662 2857 2202 2904 torijs suis, & fugit, ad cautelam tentoria derelinquens. Africi gaudentes ten
663 2918 2202 2972 toria inuadunt, & inuenientes uictualia cum uino in abundantia, comede
654 2977 2197 3030 runt & biberunt de isto uino infecto, & statim omnes sic oppressi sunt som
665 3028 2204 3083 no, quod nullo modo se iuuare potuerunt. Hoc explorans dux iste praedictus,
667 3071 2202 3119 de nocte redijt super eos miseros, sicut uoluit trucidauit. Ista cautela mora
