2371 3609
643 241 2196 296 cant, quibus inuoluitur totus mundus. Superbi nanque & ambitiosi qui ad gra
643 284 2196 335 dus & honores nituntur ascendere, Epilentici sunt: quia superbia casum habet.
654 335 1167 389 Et Claudianus in maiori:
914 395 1948 442 ima tolluntur in altum. Vt casu grauiore ruant
647 440 2198 497 Lubrici siue luxuriosi patiuntur ephialten: quia uetula illa est caro quae corru
653 510 2192 574 pta per peccatum eis supereminet, & dominatur & deprimit eos ne resurgant.
646 559 2197 616 Auari uero sunt lethargici: id est, obliuiosi, qui quanto plura a DEO percipiunt,
658 608 2205 659 tanto magis obliuiscuntur tam sui quam DEI. Vnde glossa super illud Psalm.
652 663 2190 714 DEVS DEuS meus ad te de luce uigilo: sitiuit in te anima mea, quam multi
644 719 2209 779 pliciter tibi caro mea, &c. Ad DEVM uigilat qui uere DEI memor est: Ad
650 772 2199 821 DEVM dormit, qui DEVM obliuiscitur. Non sic uos charissimi. Sicut dicitur
643 826 2136 877 1. Thes. 5. Non dormiamus sicut caeteri, sed uigilemus & sobrij simus, &c
846 1688 2183 1764 VAE sunt conclusiones, quas Spiritus sanctus intendit principa
859 1739 2181 1795 liter in hac parte capituli usque ad finem desapientia declarare. Vna
843 1792 2188 1859 est, quod in eius adquisitione est facilitas: Alia est, quod in eius pos
843 1841 2188 1899 sessione est felicitas: & de istis duobus agit alternatim, nunc decla
640 1917 2191 1961 rando facilitatem sapientiam adquirendi, nunc comendando felicitatem sa
643 1954 2188 2024 pientiam possidendi. Consequitur autem possessionem sapientiae duplex fe
636 2021 2193 2077 licitas, uidelicet temporalis & aeterna: & de utraqe fit hic descriptio: & nunc de
634 2065 1177 2121 una, nunc de alia uicissim.
680 2117 2183 2172 Diuiditur ergo textus perlectus in duas partes. Nam primo ostendit felici
632 2186 2185 2237 tatem quae est in sapientiae possessione: Secundo felicitatem quae est in eius ad
645 2238 2184 2295 quisitione. Secunda pars ibi: Quoniam dignos. Quantum ad primam partem di
635 2294 2188 2345 cit, quod duplicem perfectionem confert homini sapientia, quae consistit in
632 2335 2185 2389 uero cultu DEI: Nam excludit ab homine, quantum ad rationalem, errorem
634 2389 2193 2441 falsitatis, quantum ad irascibilem timorem aduersitatis, quantum ad primum
641 2444 2190 2497 dicit sic: Cogitare de illa: id est, de sapientia increata, quae est cultus ueri DEI, est
622 2511 2189 2562 sensus consummatus: id est, sensus veraciter informatus sine deceptione. Sensus
631 2555 2188 2604 enim multipliciter decipiuntur. Aliquando propter indispositionem organi:
624 2606 2178 2653 Sicut lingua febricitantis iudicat dulce amarum. Aliquando propter indispo
620 2661 2184 2708 sitionem medij: Sicut oculus iudicat baculum esse fractum cuius una medie
623 2719 2178 2779 tas est in aëre & talia in aqua. Aliquando propter elongationem obiecti: Si
636 2767 2183 2833 cut oculus iudicat solem esse pedalis quantitatis, & sic de alijs. Propter quod
628 2819 2181 2870 sincera ueritas non est a sensibus expetenda, secundum August. secundo soli
620 2877 2183 2939 loquiorum. Et ideo iudicium sensus dicitur imperfectum & inconsummatum,
614 2928 2184 2979 nisi per rationis sententiam reguletur. In solis ergo sapientibus qui sensua
621 2983 2186 3034 litati dominantur per rationem est sensus consummatus. Vnde August. 1. lib.
610 3036 2184 3084 de libero arbitrio cap. 18. Sapiens est, qui regno mentis, omni libidinis subiu
