2371 3609
591 250 2153 312 isto modo contingit communiter inter homines de ueritate. Multi enim tam
585 317 2157 372 nobiles quam simplices cum audiunt de aliquo praelato uel praedicatore, quod dicit
591 361 2155 421 hominibus ueritatem, libenter mirabiliter applaudunt, & talem comendant, &
590 414 2154 466 eum audire desiderant: Sed si contingit quod ad eos declinet, & dat eis abun
592 470 2148 535 danter de aqua sua benedicta: id est, arguit, increpet, & corripiat uitia, in qui
590 521 2142 576 bus iacent, statim murmurant, faciem auertunt, & peccata sua defendunt, & 2
592 578 2144 629 ad Timoth. 4. A ueritate quidem auditum auertent, ad fabulas autem con
592 641 2150 697 uertuntur. Tertio ueritas est praeponenda cum socio: quia amico Socrate & a
592 696 2158 738 mica ueritate sanctum est praehonorare ueritatem. Ambobus enim existentibus
596 752 2160 792 amicis, sanctum est praehonorare ueritatem 1. Ethic. Dicit enim Andronicus
589 792 2157 860 peripateticus, quod sanctitas est quae facit fideles, & seruantes ea quae sunt ad
593 847 2146 898 DEVM iusta. Hoc autem est praehonorare ueritatem, amicis destruere familia
594 901 2154 967 ritatem pro salute ueritatis. Est etiam adeo necessarium ad bonos mores, quod
583 953 2145 1004 impossibile est sine hoc uirtutem conseruari, nisi homo praeferat ueritatem fa
594 1009 2158 1063 miliaribus suis: posset enim homo adducere falsa testimonia, & falsa media ad
594 1067 2149 1114 defensionem amicorum suorum contra ueritatem, quod ratio non permittit.
595 1114 2157 1180 Maxime autem hoc philosophis congruit, qui sunt possessores sapientiae,
597 1171 2159 1230 quae quidem sapientia est cognitio ueritatis. Et ideo specialiter astringun
602 1233 2153 1291 tur ad defensionem ueritatis. Quod autem magis debemus amare ueri
602 1282 2159 1341 tatem quam hominem, probatur per hoc, quod non amamus hominem,
602 1331 2172 1384 nisi propter uirtutem & ueritatem. Ergo magis amanda est ueritas. Vnde
602 1383 2160 1442 Plato reprobando opinionem Socratis dilecti magistri sui, dicit quod oportet
596 1426 2164 1495 magis curare de ueritate quam de aliquo alio. CHRISTVS autem uolens nos
593 1494 2149 1557 ueritatem amare & honorare, dicit se esse ipsam ueritatem, Ioh. 14. Ego sum uia,
597 1548 2157 1599 ueritas, & uita: & Ioh. 18. dicit, se ideo uenisse in mundum, ut testimonium ue
601 1603 2157 1653 ritatis ferret. Ego (inquit) in hoc natus sum, & ad hoc ueni in mundum ut testi
599 1653 1283 1722 monium perhiberem ueritati, &c
814 2293 2157 2344 OSTQVAM Spiritus sanctus multipliciter inuitauit ad sapientiae
824 2343 2165 2398 dilectionem: Hic redit iterum ad sapientiae commendationem. Et
806 2397 2188 2455 circa hoc duo facit. Primo ponit sapientiae commendationem: se
815 2454 2162 2503 cundo allicit ad eius inquisitionem. Secunda pars ibi: Ergo accipite.
649 2509 2172 2558 Quantum ad primum sciendum quod licet effectus seu fructus sapientiae in
604 2573 2170 2624 multis appareat commendabilis, maxime tamen in regimine uitae humanae
598 2628 2156 2678 relucet. Regitur enim uita humana consilio, & imperio, quae duo sine sapien
600 2682 2174 2721 tia nihil ualent. Thobiae 4. Consilium semper a sapiente perquire. Et Proverb.
596 2718 2169 2775 8. Per me reges regnant, & legum conditores iusta discernunt, dicit sapientia.
602 2778 2166 2827 Istud ergo bonum quod est tranquillitas humanae conuersationis erit maxi
602 2828 2170 2881 mum bonum, quod hominibus per sapientiam prouenit. Et dependet a duo
596 2883 2162 2933 bus, uidelicet a sano consilio ciuilis multitudinis, & a iusto imperio regalis celsi
592 2935 2175 2984 tudinis. Et quantum ad primum dicit sic: Multitudo sapientum, sanitas est orbis ter
602 2993 2174 3041 rarum. Et est locutio metaphorica & figuratiua. Sanum enim dicitur de ani
595 3037 2170 3101 mali dieta & vrina analogice, sicut patet 4. Metaphys. cap. 1. Sed quod sanum
