2371 3609
625 247 2196 304 sed tamen uidens turpitudinem pedum, decidit & uerecundatur. Sic quilibet
629 309 2204 372 prudens cum gratias sibi datas attendit, quibus uolat ad opera uirtutum, &
635 370 2198 429 commendabilis adapparet in ore & conspectu hominum: finem uum cogi
631 407 2190 466 tet esse uenturum, non solum miserum, sed periculosum, & dubium: Et sic su
625 469 2199 534 perbiam poterit euitare. Nam prima radix superbiae est ignorantia, nec unquam
629 521 2213 574 homo de scientia gloriabitur, nisi in eo aliqualis ignorantia dominetur. Vnde
638 573 2197 626 Bernh. super Cano. ser. 37. De ignorantia tui uenit in te superbia. Sic enim su
624 628 2195 694 perbiam parit tibi ignorantia tui, cum meliorem quam sis, decepta & deceptrix
626 686 2203 733 tua cogitatio te esse mentitur. Haec quippe est superbia: Haec initium omnis
625 735 2196 799 peccati cum maior es in oculis tuis, quam apud DEVM. Et infra: Non est pe
638 795 2199 844 riculum quantumcunque te humilias, quantumcunque te reputas minorem
628 855 2213 900 quam sis. Est autem grande malum horrendumque periculum, si uel modice te
636 903 2191 965 extollas, si uel uni in cogitatione tua te praeferas, quem forte DEVS parem ti
641 952 2190 1007 bi iudicat, aut etiam superiorem. Et ideo signanter dicit: Sum quidem & ego mos
632 1006 2194 1074 talis homo, In Psalm. Quis est homo qui uiuit & non uidebit mortem: qui uero
634 1060 2205 1115 haec deuote considerat nihil mundani honoris ponderat, uel acceptat. Vnde
627 1114 2184 1169 Bernh. in quodam sermone exponens illud Eccl. 7. Memorare nouissima tua
631 1171 2197 1235 & inaeternum non peccabis, dicit sic. Mortis horrorem, iudicij tremendi dis
637 1228 2201 1292 crimen, ardentis gehennae metum ab oculis cordis tui nullatenus elongari
633 1284 2198 1343 patiaris, cogita peregrinationis tuae miseriam. Recogita annos tuos in amari
635 1334 2198 1385 tudine animae tuae, & cogita uitae tuae humanae pericula, cogita fragilitatem pro
641 1388 2195 1450 priam, & in huiusmodi cogitatione si perseueraueris, dico tibi parum senties
649 1443 2207 1507 quicquid foris uidetur molestum, dum toto corde circa interiorem molestiam
633 1501 2194 1557 occuparis. Haec Bernhardus. Sic enim primo Salomon profitetur infirmitatem
641 1550 2204 1605 contra primam superbiae proprietatem quae est nescientia uel ignorantia, seu
637 1598 2190 1658 negligentia suae propriae fragilitatis cum dicit: Sum quidem & ego mortalis homo
628 1658 2205 1707 Secundo profitetur conformitatem cum dicit: Similis hominibus, &c. Et est com
632 1710 2195 1770 tra secundam proprietatem superbiae quae est domina singularitatis. Sunt ergo
633 1767 2206 1823 multi ita superbi quod in omnibus volunt singulares uideri. Et haec est quarta
629 1816 2209 1880 species arrogantiae secundum Bedam in Homelijs sic dicentem: Quatuor sunt.
633 1871 2196 1939 species quibus omnis tumor arrogantium demonstratur. Cum autem bonum
632 1926 2201 1980 a semetipsis habere se aestimant, aut sibi datum desuper credunt, sed pro suis ac
635 1984 2196 2042 cepisse meritis putant, aut certe cum iactant se habere quod non habent, aut
642 2036 2203 2105 despectis caeteris singulariter uideri appetunt. Non erant tales Apostoli sancti
632 2089 2201 2146 qui diuinos honores sibi oblatos a simplicibus renuerunt, dicentes: Et nos
631 2142 2196 2199 mortales sumus similes uobis homines, Act. 14. Tertio diffitetur uanam ge
628 2201 2193 2249 nerositatem, & hoc contra elationem de parentibus cum dicit: Et ex genere ter
624 2260 2191 2315 reni illius qui prior factus est, scilicet Adae. Cum enim dicit ex genere illius terreni.
636 2312 2199 2366 ostendit tam illum quam nos de terra duxisse originem, Eccl. 3. Quid superbis
631 2366 2188 2421 terra & cinis: Narrat enim Martiali coquus lib. 4. Epigram. 25. de quodam
619 2415 2194 2481 rege qui nunquam sibi permisit in uasis alijs ministrari in mensa, nisi de luto.
638 2475 2191 2538 Cum ergo a quodam familiariter interrogaretur, cur istud faceret. Respondit,
633 2528 2185 2593 quod quamuis tunc esset rex Ceciliae (fuit tamen filius cuiusdam figuli,  &
632 2580 2187 2631 nunc haberet memoriam generis sui, ne propter statum regium superbiret or
632 2632 2201 2711 dinauit, sibi in uasis fictilibus siue luteis ut seruiretur. Scribit ergo poeta sic
632 2679 967 2731 istam historiam:
751 2734 1572 2809 Fictilibus cenasse ferunt Anathoclea regem
823 2788 1549 2862 Atque abacum Sameo sepe onerasse luto.
623 2847 1564 2916 Quaerentibus causam respondit: Rex ego sum
816 2898 1429 2967 ceciliae, ficulo sum genitore satus.
611 2953 2180 3014 Abacus in proposito stat pro mensa, & Sameum lutum uocatur, lutum de Sa
620 3015 2193 3065 mos insula, in qua primo uasa fictilia formabantur. Anathocles fuit nomen re
614 3071 2183 3127 gis. Isto modo Salomon in proposito non de Dauid patre suo tantum traxit
