2371 3609
176 225 1747 298 Salomon eam sapientiam, quae est uerus DEI cultus per fidem & charitatem, tribus,
182 289 1747 344 quae a mundanis maxime appetuntur: uidelicet, potentiae, honoribus, & diui
181 342 1741 394 tijs: potentiam uocat regna, honores, sedes: Praeposui illam (inqui regnis & sedibus.
199 387 1737 448 Quid autem sit regnum, docet Aristoteles 8. Ethic. c. 10. Distinguit enim ibi tres
181 447 1747 501 species politici principatus: uidelicet Regnum, Aristocratiam, & Timocratiam.
181 499 1751 553 Regnum enim est Monarchia siue principatus unius, quando uidelicetuna p
180 555 1750 624 sona principatur toti multitudini virtuose. Aristocratia est principatus plurium,
181 610 1746 660 sed paucorum & uirtuosorum. Timocratia est principatus plurium & multo
177 667 1750 717 rum, ubi una magna multitudo gubernat. De istis principatibus sic est secundum
179 723 1744 781 Arist. quod optimus principatus est regnum, ubi totum regnum ducitur ad unum,
194 767 1744 841 & uirtuosum, & iustum hominem. Et per hoc probat, 12. Meta. in fine, quod unus
186 827 1747 889 DEVS regit & gubernat totum mundum, tanquam unum regnum bene ordinatum,
194 879 1749 934 & bene conexum: quia dispositio naturaliter entium est talis, qualis est optima:
182 940 1743 1002 quid ex hoc patet que unumquodque est optimum, quando est in sua naturali disposi
192 985 1750 1043 tione. Sed modo sic est quod pluralitas principatuum non est bona, sicut non est
180 1041 1753 1093 bonum quod essent multae familiae in una domo inconexae & non comunican
186 1100 1756 1148 tes adinuicem. Relinquitur igitur quod totum uniuersum sit sicut unus principa
194 1150 1763 1217 tus, siue unum regnum, gubernatum ab uno gubernatore, qui est DEVS, primum
176 1203 1759 1253 mouens, & primum intelligibile, & primum bonum. Et ideo concludit Arist. sic. En
187 1260 1750 1313 tia nolunt male disponi, nec est bona pluralitas principatuum: Vnus ergo prin
193 1324 1754 1374 ceps. Regnum totius uniuersi est regnum DEI, in quo DEVS monarchice princi
182 1373 1767 1432 pat. De qui regno dicit CHRISTVS Ioh. 19. Regnum meum non est hinc, qui d. Licet
188 1419 1751 1474 regnum meum sit inter malos: tamen non est hinc. i. non sumit originem de hoc mundo
190 1471 1763 1526 Et ideo uera litera est. Nunc aut regnum meum non est hinc, & non hic. Secunda aut spe
183 1523 1790 1591 cies politici principatus est Aristocratia, in qua plures uirtuosi, pauci tamen do A
192 1592 1745 1645 minantm: & est minus bonus principatus quam regnum, & tertia est minus bona, que
189 1629 1752 1690 uocat Timocratia. In qua multitudo non optimorum, sed mediocres dominant.
181 1688 1754 1740 Sicut aut tres isti principatus sunt boni: licet non aequaliter: Ita correspondent eis
202 1742 1761 1807 tres corruptiones principandi: quae proprie non sunt principat, politici, sed trans
195 1809 1759 1867 gressiones & corruptiones eorundem: Nam regnum corrumpit in tyrannidem: Aristocra
200 1858 1755 1916 tia in Oligarchiam: Timocratia in Democratiam. Primo ergo corrumpitur regnum in
200 1915 1755 1970 tyrannidem, quando de rege fit tyrannus. Sicut in regno dominatur unus: ita in tyran
196 1970 1757 2023 nide, quia tam regnum quam tyrannides uident Monarchiae. Sed in hoc differentia: quia
206 2018 1757 2083 tyrannus in omnibus intendit utilitatem propriam: rex uero utilitatem subditorum. Et id
203 2072 1752 2130 eo sicut regnum est optimus principatus: ita tyrannidis est pessima & corruptio
188 2125 1760 2187 Monarchiae. Contrarium enim optimo, est pessimum. Regnum aut & tyrannides
202 2169 1763 2230 sunt contraria, sicut rex tyrannus: moraliter: quia malus rex fit tyrannus. Secunda
204 2243 1759 2291 aut species politici principatus quae est Aristocratia, in qua pauci uirtuosi do
208 2292 1759 2346 minantur, corrumpitur in oligarchiam. In qua pauci & uitiosi dominantur, qui om
207 2348 1758 2393 nia bona comunitatis attribuunt sibiipsis, & amicis, & non intendunt bonum to
208 2387 1768 2464 tius comunitatis, sed tantum bonum suum & amicorum suorum. Vnde dignitates & or
201 2441 1758 2502 ficia comunitatis conferunt tantum amicis suis, uel usurpant sibiipsis. Tertia species
202 2505 1769 2569 politici principatus, quae est Timocratia, in qua multi boni mediocres tamen do
202 2546 1770 2611 minantur, corrumpitur in Democratiam, in qua multi non quidem mediocres, sed po
206 2608 1773 2672 pulares dominantur: & ista corruptio minus habet de malo, sicut principatus
193 2656 1771 2718 sibi contrarius minus habet de bono. Aristocratici namque praetendunt bonum
199 2707 1772 2776 comune, tam diuitum quam pauperum: quia Aristocratia est principatus mul
198 2776 1767 2827 titudinis collectae de utrisque. Sed Democratici intendunt principaliter bonum
206 2823 1769 2897 pauperum, & de damnis diuitum nihil curant: & hoc est minus malum, quam bona com
201 2871 1759 2939 anunitatis abrogare, & usurpare sibi, & amicis: sicut faciunt oligarchici. Et oli
198 2936 1773 3006 garchici sunt minus mali quam tyranni: quia tyrannus tantum habet oculum
196 2972 1251 3047 ad bonum suum proprium, & nihil curat de amicis.
257 3051 1779 3101 Sic ergo patet quod tres sunt species principatus politici, & tres earum cor
