2371 3609
188 241 1744 317 Eccles. 10. Sedes ducum superborum destruxit DEVS, & sedere fecit mites
201 314 1746 386 pro eis: Igitur praeponenda est uitae sanctitas: quae uera sapientia nuncupatur
196 369 1747 427 non solum regnis: id est, potestatibus, sed etiam sedibus: id est, honoribus. Sed
200 418 1745 472 quid de diuitijs sentit Salomon statim subdit: Diuitias nihil esse dixi in compa
186 479 1754 529 ratione illius: id est, sapientiae. Et bene dicuntur diuitiae nihil: quia eis homines
193 532 1750 586 annihilantur irritando, insidiando, machinando, & bellando. Vnde propter
195 579 1749 633 diuitias unusquisque annihilare nititur alium. Secundo, quia in maxima neces
195 626 1753 694 sitate non iuuant, in morte, in iudicio, quando homines maxime indigent, tunc
192 678 1744 743 Dominum suum derelinquunt. In Psalm. Dormierunt somnum suum, & nihil in
191 741 1742 797 uenerunt omnes uiri diuitiarum in manibus suis. Et lob. 27. Diues cum dor
195 801 1747 856 mierit nihil secum aufert, aperiet oculos suos, & nihil inueniet. Tertio dicuntur
193 855 1752 919 nihil, quia non satiant animum possidentium. Sicut uacuum dicitur nihil, Ec
200 902 1748 965 clesiast. 8. Non satiatur oculus uisu, nec auris implebitur auditu. Nec mirum
193 961 1754 1027 quia omnia terrena sunt uana, Hierem. 4. Aspexi terram, & ecce uacua erat, &
188 1014 1484 1067 nihil. Ergo merito omnibus praedictis est sapientia praeponenda
441 1597 1732 1659 OSTQVAM Sapiens declarauit ualorem sapientiae praeponer
430 1662 1740 1712 do eam potentijs, honoribus, & diuitijs generaliter: quia diuitiae
431 1714 1735 1768 uidentur placere secundum tria genera specialiter, uidelicet gem
434 1766 1740 1816 mas, aurum, & argentum: Ideo in parte ista ostendit ualorem sa
428 1817 1738 1878 pientiae per comparationem, ad ista tria genera singulatim, & sin
181 1871 1750 1937 gulariter: primo de gemmis: secundo de auro: tertio de argento. Et est satis com
176 1925 1746 1973 ueniens ordo. Quantum ad primum dicit sic: nec comparaui illi, scilicet sapien
182 1982 1747 2035 tiae lapidem preciosum: de istis tribus loquens similiter Boëtius de consola. lib.
187 2031 589 2095 2. dicit sic metro 5
307 2083 774 2153 deu primus quis fuit ille
968 2077 1455 2157 Semmasque latere volentes
315 2143 784 2208 Muri qui pondera tecti:
952 2141 1399 2210 Preciosa pericula fodit.
173 2187 1733 2251 Narrat Boëtius metro illo, quod patres nostri in etate aurea & mundi principio
158 2248 1752 2309 fuerunt contenti de his quibus natura indiget. Comedebant fructus arborum,
182 2303 1740 2358 bibebant aquas fontium, dormiebant in pratis, & utebantur lanis naturaliter
173 2359 1743 2420 coloratis. Tunc ignorauerunt enim tincturas pannorum, mixturas liquorum,
185 2412 1742 2464 dolorositates mercatorum, & crudelitates bellatorum: Omnia enim ista a cu
172 2470 1746 2532 piditate sumpserunt exordium. Et ideo modo pro gemmis, pro auro & argen
183 2521 1745 2586 eo pugnant homines, sine quibus natura humana sufficienter regi posset, imo
179 2573 1745 2628 ista uelle latere uidentur. In cuius signum in profundo & in uisceribus terrae la
182 2626 1750 2692 tent. Quicquid enim necessarium est ad uitam humanam uel est elongatum a
176 2691 1738 2745 terra, sicut corpora coelestia, uel ad minus de terra oritur, & in superficie terrae
178 2735 1742 2798 se offert: sicut herbae, arbores, blada & huiusmodi. llla vero quae ad humanam
177 2798 1744 2849 naturam necessaria non uidentur, sub terra latent, cuiusmodi sunt aurum, & ar
184 2843 1750 2913 gentum, & lapides preciosi, quorum generatio est in abscondito. Et ideo ille
187 2898 1740 2966 qui talia primo scrutatus est, & fodit, preciosa pericula perquisiuit: Et hoc est,
175 2955 1749 3016 quod dicit Boëtius: Heu primus, &c. Dicit ergo Salomon: Non comparaui illi
169 3014 1741 3075 scilicet cultui diuino, qui est summa sapientia in hac uita, lapidem preciosum. Nec
178 3054 1749 3114 est mirum: quia summa uirtus lapidis preciosi tantum potest proficere ad salu
