2371 3609
156 235 1707 304 siasticos: & prophetae eius in pecunia diuinabant quantum ad religiosos uiros.
144 302 1718 356 Et bene dicitur Eccl. 8. Multos perdidit aurum & argentum, & usqe ad cor regum
164 366 1704 409 extendit & conuertit. Convertit uidelicet ad iniquitatem, & uocatur mammo
158 413 1704 464 na iniquitatis. Eccl. 10. Nihil iniquius quam amare pecuniam. Secundo Salo
158 465 1710 518 mon compatat argentemnluto, cum dicit: Tanquam lutum aestimabitur argentum in
151 519 1708 576 conspectu illius: & merito tanquam lutum. Lutum est deturpatiuum cuiuscunque quod
158 582 1716 629 tangit propter suam foeditatem. Vnde qui cadit in luto, totaliter deturpatur in
152 623 1708 680 corpore. lsto modo qui cadit in amorem argenti uel pecuniae, necessario macula
164 676 1716 737 tur. Si, protrahatur argentum super albissimum pergamenum, relinquit secundum tactum
160 747 1721 806 argenti una nigra linea in pergameno, & tamen argentum est album & pergame
158 791 1720 847 num similiter. Eodem modo licet anima sit innocens & munda, & argentum sit res in
162 845 1726 898 suo genere bona: quia omnis creatura DEI bona est, bene ea utentibus: Si tamen
158 898 1717 952 fortiter imprimatur animae per amorem, relinquit ibi lineam nigram peccati, cuius ul
163 965 1726 1022 timus punctus est casus ad infernum. Iob 12. Ducunt in bonis dies suos, & in pun
161 1012 1724 1075 cto ad inferna descendunt. De isto luto dicitur Abacuc 2. Vae qui multiplicat non
163 1060 1720 1113 sua, usqequo aggrauat contra se densum lutum. Secundo lutum est tenax & reten
170 1125 1716 1180 tiuum. Vnde homo non ambulat in profundo luto, nisi cum magno labore, & fre
164 1172 1713 1227 quenter infigitur, & stat immobiliter, nisi sibi caueat: Ita est de ambulante in a
167 1224 1731 1277 more pecuniae, retinetur mente, & infigitur, ne possit proficere merito spiritua
161 1277 1735 1332 lis uitae. In cuius figuram Pharao rex Aegypti oppressit filios Israel seruitute luti
165 1340 1718 1397 & lateris, ne essent liberi in regno suo. Exo. 5. Ita Diabolus existens in mundo ni
175 1391 1720 1450 titur opprimere seruitute argenti & diuitiarum, sciens quom nemo potest duobus do
161 1450 1731 1506 minis seruire. Matth. 6. Non potestis DEO seruire & mammonae: & qui seruiunt
170 1500 1705 1558 mamonae infiguntur in luto, quod non possunt proficere. In Psal. Eripe me de lu
167 1549 1713 1603 to, ut non infigar. Recitat Aristot. in poetria sua, quod poëtae Arabici uocauerunt do
169 1619 1726 1667 na compedes: quia sicut compeditus non potest procedere, sicut uellet, & posset se
168 1656 1729 1711 cundum uirtutem motiuam corporis sui, sed constringitur, & retrahitur ad ambulan
171 1720 1727 1774 dum secundum mensuram, quam compages sibi limitant, & concedunt: ita recipientes
169 1762 1726 1820 dona pecuniae quantumcunque sunt discreti & fortes in iusticia, sentiunt tamen se
170 1818 1729 1883 restrictos, & retentos, & quasi quodammodo compeditos, ne libere exerceant, quod
177 1870 1722 1935 iusticia sibi suadet. Tertio de luto decocto siunt lateres durabiles contra ignem,
173 1921 1727 1979 & sic amatores luti: id est, pecuniae siunt apti ut ponantur in igne infernali in
181 1997 1734 2052 perpetuum. Eccles. 9. Corda hominum replentur malicia. Glos. in delectatio
181 2047 1735 2098 nibus pecuniae, & post hoc ad infernum deducuntur, super aurum & argen
175 2092 807 2159 tum gratia bona, Proverb. 22:
403 2536 1741 2598 OSTQVAM Salom. declarauit sapientiam esse praeponendam
415 2595 1743 2646 bonis exterioribus, puta potentijs, diuitijs, & honoribus: Hic osten
409 2645 1743 2699 dit sapientiam esse praeponendam bonis corporibus, tam exterioribus
401 2691 1743 2758 quam interioribus. Et circa haec tria facit. Nam primo ostendit quod
181 2759 1751 2819 sapientia perponderat omni corporali prosperitate: Secundo eam assimilat cui
184 2798 1755 2872 dam spirituali qualitati: Tertio declarat causam exempli dati: secunda pars ibi:
185 2862 1747 2927 Et proposut pro luce: Tertia ibi: Quoniam inextinguibile. Circa primum est ad
184 2912 1749 2983 vertendum, quod duo bona sunt ad corpus pertinentia, quae amplius apprecian
184 2973 1748 3034 tur mundani, uidelicet, assistentia sanitatis, & apparentia speciositatis. Haec enim
191 3028 1749 3091 maxime affectat homo habere, quantum ad bona corporalia: uidelicet corpus
179 3084 1773 3145 suum sanum, & pulchrum: sed secundum sententiam Spiritus sancti quam
