2371 3609
166 209 1722 295 tur in peccando. Iustum est ergo quod sicut uterque in delectatione in peccan
170 275 1731 330 do participat. Sic uterque pro rata sua in poenitentia symbolum suae portionis exsol
171 332 1717 399 uat: Modo sic est, quo caro est sicut socius fugitiuus & inconstans, & nollet solue
171 386 1730 457 re quicquam, lob 13. Fugit uelut umbra & nunquam in eodem statu permanet.
171 434 1717 501 DEVS ergo qui iustus est & iusticias diligit, facit eam arrestari per infirmitatem
175 482 1726 556 & compellit eam soluere quantum iusticia exigit, uelit, nolit. Matth. 18. Misit eum
173 539 1730 608 in carcerem, donec redderet uniuersum debitum. Exemplum huius habemus
174 587 1718 657 Esa. 36. de rege Excechia, qui cum peccasset contra Dominum in hoc, quod si
175 646 1723 715 bi non fecerat canticum, regratiatorium pro uictoria nobilissima, quam sibi DEVS
174 697 1712 772 fecerat, 4. Reg. 19. Quando angelus Domini percussit in una nocte in castris
170 755 1714 836 Sennacheribus regis Assyriorum 100000. Offensus ergo Dominus contra E
172 820 1716 892 xechiam, misit sibi infirmitatem grauissimam, de qua aegrotauit usque ad mor
175 872 1729 933 tem. Misit etiam ad eum Esaiam prophetam, qui sibi diceret: Dispone domui
176 929 1719 981 tuae, quia morieris tu, & non uiues: & fuit prophetia secundum comminatio
173 983 1721 1040 nem, & non secundum praescientiam. Et statim Excechias conuertit faciem snam
172 1040 1719 1089 ad parietem, & orauit cum Iachrymis Dominum, & fletu magno fleuit, & sta
170 1089 1719 1157 tim egresso Esaia de palacio regio, antequam transiret mediam partem atrij,
165 1148 1720 1194 dicit Dominus ad Esaiam: Reuertere, & dic Excechiae duci populi mei, haec di
175 1200 1723 1247 cit Dominus: Audiui orationem tuam, & uidi lachrymas tuas, & sanaui te, die ter
165 1255 1722 1308 tio ascendens in templum Domini, & addam diebus tuis quindecim annos.
169 1297 1716 1362 Et tunc tertio die ascendit in templum, & cantauit illud canticum: Ego dixi in
168 1363 1719 1415 dimidio dierum meorum uadam ad portas inferi, &c. Ecce quomodo Excechias
170 1420 1712 1477 quia non soluerat DEO quod debuit, arrestatus fuit per infirmitatem, donec sol
163 1473 1719 1516 uisset perfecte. Antiqui enim patres pro uictorijs eis concessis diuinitus canti
171 1523 1722 1575 ca regratiatoria curiose solebat componere, sicut dicit magister in historijs, 4.
162 1572 1739 1624 lib. Reg. 4. Quarto infirmitas corporalis est hostis resistentis expugnatio. Ca
165 1625 1740 1685 ro enim concupiscit aduersus spiritum, spiritus autem aduersus carnem. Haec
166 1688 1713 1737 autem sibijnuicem contrariatur ad Gal. 5. Et ideo debilitas carnis est fortitudo
164 1735 1713 1791 spiritus, Eccl. 31. Infirmitas grauis sobriam facit animam. Vnde Bern. exponens
171 1788 1718 1839 illud Apostoli: Quando infirmior tunc fortior sum & potens, dicit sic: Quid mi
163 1850 1728 1897 rum si hoste debilitato fortior efficiaris: nisi forte illam insanissimam dicam amican
170 1900 1711 1959 quae non cessat concupiscere aduersus spiritum admittas. Ex quibus omnibus satis
169 1956 1722 2014 patet quod sanitas corporis, non est nimis affectanda, nec infirmitas corporis ni
163 2020 1726 2073 mis detestanda, & quod super salutem corporis sapientia est amanda, propter
169 2075 1713 2128 quod dicit merito Salo. super salutem dilexi eam. Secundo praeponit sapientiam
169 2115 1717 2187 pulchritudini. Super salutem (inquio & speciem dilexi eam. Nec mirum. Species
164 2178 1710 2231 enim, siue corporis pulchritudo, est bonum defectiuum, bonum infectiuum, & bo
169 2227 1697 2291 num deceptiuum. Primo dico que forma pulchritudo uel species est bonum defe
164 2296 1710 2337 ctiuum. Nam continue fugit, continue perditur & diminuitur. Vnde Boët. 3.
162 2344 1700 2394 de Consola. prosa 8. Formae uero nitor rapidus est, & uelox, & uernalium flo
169 2390 1710 2449 rum mutabilitate fugatior. Et infra: Aestimate quantum uultis, nimio corporis
165 2437 1716 2504 bona dum sciatis, hoc quodcunque miramini triduanae febris igniculo posse
170 2497 1105 2554 dissolui. De hoc dicit Ouid. 2: de arte Amandi:
314 2576 1344 2633 Forma bonum fragile est, quantumque accedit ad annos:
367 2620 1072 2673 Fit minor, & spacio carpitur ipsa suo
316 2685 1095 2740 Nec violae semper nec florent lilia semper,
379 2726 1000 2803 Et riget amissa spina relicta rosa.
321 2786 1038 2847 Et tibi iam venit cani formose capilli,
375 2844 1134 2903 lam venient ruge quae tibi corpus arent.
152 2905 1731 2961 Et ideo dat consequenter bonam doctrinam homini, qui uult se facere amabi
163 2954 1732 3020 lem, quod studeat animum suum colere per uirtutes & scientias: quia illa est
158 3022 1280 3084 pulchritudo permanens usque ad mortem. Vnde subdit:
