2371 3609
412 674 1758 747 OSTQVAM Salomon declarauit affluentiam diuinae liberalitatis
421 733 1752 788 in concedendo sapientiam deuotis precibus postulatam: Hic con
416 788 1752 843 sequenter declarat uehementiam humanae iocunditatis, quam mens
408 842 1754 909 humana consequitur, per sapientiam redditur homo compositus
196 890 1755 944 Secundo quomodo ad sapientiam sit homo dispositus. Secunda pars ibi: Quo
201 954 1756 1017 niam sine fictione. Circa primum duo facit: primo nartat Salom, quomodo sapi
201 1012 1760 1072 entia sibi contulit abundantiam sanctae iocunditatis. Secundo quomodo ab
188 1059 1630 1111 eo abstulit ignorantiam innatae caecitatis: secunda pars ibi: Et ignorabam.
248 1108 1752 1164 Narrans ergo quomodo per sapientiam: id est, per sanctae conuersationis con
180 1167 1731 1216 scientia habuit abundatiam socunditatis, dicit sic: Et latatus lum in omnibus, quo
188 1216 1735 1274 niam antecedebat me ista sapientia. Laetari debet iustus, & merito, tam in praesent
193 1275 1744 1339 quam in futuro. In praesenti quidem de tribus: de sui domini infinita bonitate, de
187 1327 1736 1376 suae conscientiae puritate, de sui pximi prosperitate. Primo ergo debet iustus lae
182 1383 1747 1434 tari de sui Domini infinita bonitate. In Psal. Laetabitur iustus in Domino & spe
195 1438 1732 1489 rabit in eo & laudabuntur omnes recti corde. Est enim leticia dilatatio cordis
191 1486 1744 1543 sicut tristicia est cordis constrictio. Cor autem iustorum sic est dispositum, quod lata
176 1541 1741 1604 pars est aduersus superius apud DEVM, & stricta pars uersus mundum. Et ideo
188 1597 1741 1646 cor iustorum semper est laetum de DEO. Dicitur enim Iaetitia quasi latitia a latitu
183 1651 1738 1700 dine. Vnde sicut lampas in Ecclesia, quandiu habet suam latitudinem uersus supe
183 1704 1732 1754 rius continet lumen & oleum: quando subuertitur ut conus lampadis uertatur supe
184 1760 1724 1810 rius & latitudo inferius, tunc lumen extinguitur, & oleum effunditur: Ita morali
183 1812 1741 1874 ter quandiu cor hominis habet suam latitudinem versus coelum, & conum uersus terram,
186 1865 1737 1921 continet lumen gratiae, et oleum charitatis, quando subuertitur, totum extinguitur. Et
182 1931 1740 1984 quia cor hominis semper debet habere latitudinem ad DEVM: ideo semper debet
178 1972 1727 2027 habere laeticiam de DEO: unde Psal. lubilate DEO omnis terra, &c. Secundo de
170 2026 1736 2081 bet laetari in suae conscientiae puritate. Laetet mons Sion & exultent filiae Iudae. Sion
178 2080 1725 2135 interpretatur specula. Est autem specula locus altus & eleuatus, a quo homo po
172 2147 1725 2199 test de facili conspicerae a se procul, sicut in turribus castrorum patet. Mons Sion
170 2186 1729 2240 est animus uiri iusti, altus per contemptum terrenorum, & aptus ad speculandum a re
172 2247 1725 2298 motis per considerationem coelestium & futurorum. In isto monte debet esse laeticia &
176 2309 1725 2365 quies. In cacumine altissimorum montium non siunt turbationes uentorum nec
174 2361 1731 2421 pluuiarum: sed est quies & serenitas semper: & eodem modo est in mente uiri iusti:
170 2417 1725 2470 quia sicut docet Seneca: Mens sapientis est sicut coelum supra sphaeram Lunae
172 2469 1715 2523 ubi non siunt peregrinae impressiones: Sed si in mente iusti contingat turbatio
162 2523 1715 2584 per peccatum, habet statim remedia confessionis: & ideo exultent filiae Iudae,
170 2574 1721 2638 quasi dicat, non solum laetari debent innocentes & perfecti in suae conscientiae
181 2631 1709 2683 uritate, sed etiam poenitentes & confessi. Iuda enim confessio interpretatur.
163 2681 1704 2750 Dicit Hippocrates in aphorismis suis, parte 7. Dissipientiae cum risu factae secu
158 2723 1709 2791 riores: quae uero cum solicitudine molestissimae. Vult dicere quod infirmis
158 2803 1717 2845 contingit duplex alienatio mentis, quandoque cum risu & laeticia, quan
159 2832 1720 2897 doque cum desolatione & tristicia. Prima dissipientia est de facili cura
163 2901 1722 2952 bilis. Secunda de difficili: quia prouenit de materia melancholica, quae
157 2956 1704 3008 est difficilis ad digerendum. Moraliter omnis peccans dissipit, & alie
160 3000 1709 3064 nationem mentis patitur. Vnde de peccatoribus dicitur Esa. 1. Dereli
159 3048 1711 3128 querunt Dominum, blasphemabant sanctum Israel, abalienati sunt retrorsum,
