2371 3609
395 627 1749 708 OSTQVAM Salomon declarauit, quod sapientia causat in ho
425 694 1750 763 mine sanctae conuersationis iocunditatem: Hic ostendit qualem
433 747 1740 817 requirit ab homine dispositionis stabilitatem. Et informantur in
425 787 1734 869 hac litera specialiter uiri scholastici, quo ad tria, videlicet quod ha
421 843 1745 920 beant zelum solidae ueritatis in intellectu: motum placidae carita
185 900 1749 948 tis in affectu: & signum intimae bonitatis in effectu. Vt sit ueritas in addiscen
175 962 1750 1029 do, charitas in docendo, & bonitas in uiuendo. Quantum ad primum dicit sic:
188 1005 691 1072 Quam sine fictione didici.
224 1053 1749 1148 Notandum quod in addiscendo uirtuosum est intelligere modum, &
188 1108 1739 1199 finem, & ordinem. Debet enim deuotus scholaris praeponere utilitatem
175 1170 1736 1249 subtilitati, humilitatem sublimitati, & soliditatem uanitati. Primo utilitas
178 1234 1733 1312 praeponenda est subtilitati. Matth. 11. Tollite iugum meum super uos,
181 1283 1740 1366 & discite, quia mitis sum & humilis corde. Vnde Seneca in quadam Epi
180 1324 1746 1412 stola, contra insistentes superuacuis, dicit sic: Quid te torques in illa
185 1398 1730 1474 quaestione, quam subtilius est contempsisse quam soluere. Et Epistola
176 1454 1738 1513 84. In libris communibus, 48. Deridet nimis logicae, usque ad senium insi
170 1499 1742 1586 stentes. Et dicit sic mus (inquit) syllaba est. Mus caseum radit. Syllaba ergo
170 1547 1740 1619 caseum radit. Putasne me nunc non posse soluere. Quid mihi ex ista inscien
177 1612 1732 1682 tia periculum imminet: quid incommodum: Sine dubio uerendum est ne
177 1668 1732 1740 quando in muscipula syllabas capiam, aut ne quando si negligentior fuero ca
174 1709 1729 1788 seum syllaba comedat. O inquam pueriles ineptias, & infra: Si multum su
173 1775 1726 1837 peresset aetatis parce dispensandum essent, ut sufficeret necessarijs. Nunc au
176 1830 1729 1896 tem quae dementia est superuacua discere in tanta temporis egestate. Haec
170 1873 1723 1954 Seneca. ideo Aristotel. lib. de pomo, declarans philosophiae utilitatem, & lo
184 1940 1731 1997 quens de logica, dicit sic: Haec scientia est utilis, & est utilis ut scorpio in thi
166 1995 1730 2071 riaca, qui licet sit uenenum, tamen si detur patienti, dolorem minuit, & praestat
170 2046 1722 2111 remedium: uult dicere quod sicut scorpio in thiriaca nihil ualet sanis, sed tan
174 2099 1729 2171 tum a scorpione percusis: Ita logica non ualet homini, nisi dum a sophistis af
168 2141 1726 2230 fligitur. Et ideo subdit: Decet philosophum scire omnes huiusmodi rationes,
169 2207 1727 2265 eo quod sophistice non fallatur, & intelligat locos, & proportiones, in qui
163 2252 1725 2320 bus fiet ei sophisma. Secundo praeponenda est apud bonum scholarem humi
159 2303 1729 2374 litas sublimitati: soli homines bene proficiunt in discendo, qui a nullo disce
160 2371 1734 2435 re erubescunt. Vnde Hieron. in Epistola ad Pauli. scribit de Appolonio qui
167 2427 1725 2483 quasi totum mundum, ut disceret circuit: sic inuenit uir ille ubique quid ad
164 2474 1717 2542 disceret, ut semper proficiens se melior fieret. Et ideo signanter dicit Psalm. Bo
158 2536 1724 2609 num mihi quod humiliasti me, ut discam iustificationes tuas, quasi dicat, quod
156 2581 1720 2642 sine humilitate eas discere non ualeret. Tertio praeponenda est soliditas uer
159 2631 1719 2698 borum uanitati. Quia commendatur studium & doctrina. Quaeritur: V
157 2698 1726 2759 trum liceat religiosis intendere studio Scripturarum. Quod non. Summe
152 2752 1714 2809 uitanda est ab omni religioso occasio superbiae. Iuxta illud 1. Corinth.8.
158 2795 1719 2872 Scientia inflat, charitas autem aedificat. Ecclesiast. 1. dicitur quod in mul
160 2859 1727 2921 ta sapientia multa sit indignatio. Praeterea Greg. secund. Dialect. narrat de
160 2900 1721 2955 beato Benedicto, qui fuit praecipuus in religione quod recessit a stu
161 2965 1723 3029 dio literarum nescius, & sapienter indoctus: Ergo ad eius exemplum
152 3023 1724 3093 tenentur religiosi studium deserere. Praeterea beatus Franciscus in regula
151 3070 1729 3118 sua dicit sic: Moneo & exhortor in Domino IESVCHRISTO ut ca
