2371 3609
148 245 1697 297 studio uacare Scripturarum: Ad cuius euidentiam dico sex conclusiones. Pri
142 297 1685 350 ma est quod religiosi sunt maxime idonei ad studium: quia sunt magis abstra
150 356 1704 404 cti & alienati a curis mundi, & delicijs carnis: quia sicut docet commentator in
142 401 1688 455 Prologo 7. Ethic. Castitas & aliae uirtutes morales, quibus concupiscentiae re
157 461 1704 517 primuntur, praecipue ualent ad adquirendas scientias speculatiuas: Sed tales
152 511 1696 562 debent esse religiosi, & maxime pauperes, quorum tota cura debet esse per con
154 568 1698 622 tinentiam, abstinentiam, & paupertatem resistere mundo, & domare carnem.
154 614 1689 673 Et ergo illi caeteris paribus magis sunt idonei. Secunda proposito est quod
146 671 1698 727 licet religiosis Scripturarum studio intendere. Hoc probatur sic. Omne illud
146 730 1682 781 est licitum religioso, quod iuuat praecipue ad obseruantiam religionis: quia fa
146 783 1694 831 tuum foret nimis quod aliquis obligaret se ad aliquem statum, & tamen abdi
148 837 1695 886 caret a se illud, quod praecipue confert ad talem statum: sed studium Scriptura
147 885 1699 938 rum maxime confert ad obseruantiam religionis. Confert enim multum ad con
145 942 1693 991 tinentiam: sicut patet per illud Hieron. ad Rusticum monachum: Ama scien
148 996 1681 1049 tiam Scripturarum, & carnis uitia non amabis. Aufert enim studium lasciuum
153 1048 1686 1104 carnis, & delectationem carnalem: quia dicit Auicenna, quando uires natura
152 1102 1689 1160 les intenduntur in suis actibus, uires animales remittuntur, & econuerso: iuxta
142 1158 1683 1208 illud Eccles. 31. Vigilia honestatis tabefaciet carnes: ualet enim ad destruen
138 1210 1692 1257 dum cupiditatem, & ad amorem paupertatis: sicut patet de philosophis anti
146 1262 1686 1325 quis, qui propter expeditionem studij pauperes se fecerunt. Vnde Sapientiae
141 1329 1689 1379 7. Diuitias nihil esse dixi in comparatione illius. Et, 1. Macha.12. dicitur. Nos
146 1363 1688 1422 autem nullo horum indigemus, scilicet exteriorum subsidiorum habentes so
140 1418 1686 1476 latio sanctos libros, qui sunt in manibus nostris. Valet tertio ad obedientiam.
145 1476 1694 1529 Vnde Augustinus de operibus monachorum. Quae peruersitas est lectioni nolle
136 1528 1683 1583 obtemperare: dum uult ei uacare, unde hoc ipso quod uacans studio, discit obten
131 1585 1692 1651 perare sententijs ueritatis: efficitur habilior ad obediendum sententijs suorum
142 1637 1691 1703 praelatorum. Tertia proposito quod quibuscunque religiosis Sacrae scripturae
148 1690 1687 1746 & etiam cuilibet intendere licet studio doctrinae philosophiae. Istud patet sic.
136 1746 1687 1797 Cui licet principale, licet omne illud quod praecipue confert ad illud. Sed ad
136 1799 1694 1852 defensionem Sacrae scripturae tam contra philosophos quam contra haereticos
137 1849 1697 1925 praecise conferuntur dicta philosophorum: ergo licet ista studere ad defensio
135 1919 1695 1961 nem Sacrae scripturae. Prustra aliquis efficeretur miles si sibi interdicerentur ar
146 1973 1696 2024 ma sua. Vnde Augustinus de doctrina Christiana 2. cap. 4. Philolophi autem
141 2028 1694 2080 qui vocantur, si qua forte uera & fidei nostrae accommoda dixerunt, & maxi
140 2065 1700 2123 me Platonici, non solum formidanda non sunt, sed ab eis tanquam ab iniustis
136 2129 1686 2191 possessoribus in usum nostrum uendicanda. Et ponit exemplum quod sicut
134 2187 1707 2239 populus Aegyptius, de quibus recesserunt filij Israel habuerunt idola, quae fi
139 2226 1680 2292 lij Israel detestabantur, habuerunt etiam uasa aurea, & ornamenta, quae filij
145 2286 1688 2338 Israel mutuabant de praecepto diuino, & ea in usus proprios conuertebant. Ita
146 2331 1683 2392 doctrinae gentilium quae licet quaedam superuacua contineant, habent tamen
139 2395 1688 2452 multa utilissima ueritati inquirendae. Ad idem adducit Hieron. unam figuram
137 2451 1680 2510 in epistola ad Pammachium monachum, & alludit legi Mosaicae, Deuter. 21
143 2509 1695 2563 qui dicit sic: Si pugnas contra inimicos tuos, uiceris eos, & uideris inter
143 2547 1688 2602 captiuos mulierem, & placuerit tibi eam habere uxorem: Radet primo Caesa
146 2592 1688 2656 riem, & circumcidet ungues, & flebit parentes uno mense, & sic intrabis ad
146 2669 1679 2714 eam: dicit sic Hieronym. Si adamaueris captiuam mulierem: id est, scientiam
145 2710 1691 2767 secularem, & eius pulchritudinem captus fueris, decalua eam, atque illecebras
152 2763 1681 2818 crinium, & ornamenta uerborum, cum remotis unguibus seca, & laua eam pro
151 2815 1707 2880 phetali mitra, & tunc requiesces cum illa, & dicito: Sinistra eius sub capite meo,
146 2870 1708 2925 & dextera illius amplexabitur me. Et multos tibi foetus captiua dabit, ac de
145 2922 1699 2991 Moabitide efficietur Israelites. Ex his patet, quod monachis & religiosis licet
148 2981 1687 3035 studere in libris, uel literis philosophorum. Hoc tamen faciendum est secun
143 3042 1693 3101 dum ordinationem praelatorum, quorum interest exponere in studijs aptiores.
