2371 3609
170 253 1743 307 Ad rationem in oppositum. Ad primam quando arguitur, quod omnis occa
164 312 1747 379 sio superbiae est religiosis uitanda, est neganda: cum uirtus frequenter sit occa
167 362 1734 422 sio uitij, & occasio superbiae. Vnde August. in regula: Caeterum quaecunque ini
177 422 1740 489 quitas in malis operibus exercetur ut fiant, superbia uero bonis operibus insi
170 480 1750 542 diatur ut pereant. Et quando allegatur quod scientia inflat, uerum est, si sit sine
169 532 1742 579 charitate, nec ad honorem DEI referatur. Si autem sit cum charitate magis aedi
162 586 1742 648 ficat quam charitas sola. Illa vero autoritas Eccles. 1. dicitur eo, quod in multa
167 632 1734 691 sapientia fit indignatio, non allegatur ad propositum secundum Glos. quae ex
166 699 1744 750 ponit illam literam de indignatione contra uitia & errores. Similiter si ista ratio
164 750 1743 800 foret efficax, concluderet generaliter contra omnes Christianos. Omnes enim
163 801 1740 848 tenentur superbiam & indignationem uitare, siue fuerint religiosi siue secula
170 855 1739 903 res. Ad secundum de beato Benedicto dicendum, quod ipse non decessit a stu
175 907 1746 958 dio literarum, quasi scientiam horrens, sed secularem uitam, & societatem for
172 969 1744 1024 midans: sicut interdum aliquid est in se bonum, quod propter annexum uitium
167 1020 1732 1086 euitatur. Vnde quia uidit in scholis multos lasciuijs corporalibus indulgere, i
172 1071 1744 1122 pse talia studia dereliquit, & ad religionem conuolauit, ubi sine periculo studio
172 1114 1741 1175 sancto uacare posset. Ad tertium de regula sancti Francisci intelligo, quod uo
168 1179 1731 1233 luit a fratribus nimiam curiositatem ammouere, quae impediret eorum perfe
174 1233 1735 1284 ctam deuotionem. Vnde dicit sic: Et non curent nescientes literas, literas disce
168 1288 1741 1352 re, sed attendant quod super omnia debent habere Spiritum sanctum: hoc est,
171 1344 1742 1405 dictum: Non curent: id est, non sint nimis curiosi discere literas illi qui nesciunt,
176 1392 1737 1465 sic quod propter literas postponant deuotionem: uel forte de conuersis intelli
176 1451 1731 1516 gitur cum nulli sint inter eos literas nescientes, nisi conuersi, quos non est ratio
169 1513 1734 1570 nabile deputari studio literarum. Ad quartum quando arguitur quod praedi
169 1555 1739 1632 catores CHRISTI debent esse dissimiles praedicatoribus Antichristi, & quod
171 1615 1730 1664 ipsi bene erunt instructi in scientijs secularibus, hoc argumentum uadit aequa
158 1667 1743 1730 liter contra seculares sicut contra religiosos. Dicendum tamen quod licet Apo
166 1721 1755 1775 stoli primo fuerunt idiote & simplices, postea tamen fuerunt disertissimi & sa
159 1779 1744 1839 pientissimi, nec habebit Antichristus sapientiores, quam illi fuerunt. Sed in hoc
170 1833 1739 1883 est differentia, quod CHRISTVS uocauit simplices quo ad seculum: & Anti
157 1888 1734 1949 christus uocabit doctos secundum seculum: quicquid tamen alijs excitatio &
169 1949 1736 2004 quotidiana in lege meditatio tribuere solet, hoc Spiritus sanctus illis suggere
167 1989 1732 2046 bat: sicut dicit Hieron. in Epistola ad Paulinum loquens de Apostolis IESI
173 2053 1736 2114 CHRISTI. Ad quintum quod intellipitur de approbatione literae legis Mo
164 2099 1734 2156 saicae secundum Gloss. Vnde sensus est: Quoniam non cognoui literaturam:
169 2156 1744 2221 id est, non approbaui literam, quae occidit ipsius legis antiquae, ideo introibo in ui
169 2207 1734 2265 tam Christianam. Similiter & haec ratio currit contra omnes Christianos, inter quos
169 2266 1738 2318 destruet totum studium literarum, si ad literam uera esset. Ad sextum dicendum, quod non re
166 2331 1743 2387 pugnat religiosis, statum, nomen, & honorem recipere magistralem, sicut in quinta
170 2365 1744 2426 conclusione patuit, nec est hoc contra consilium CHRISTI: imo magis sub consilio
163 2437 1734 2493 CHRISTI cadit. Et ideo sicut facientibus secundum consilia de uirginitate debetur
164 2486 1739 2551 aureola: ita doctoribus aureola conuenit. Similiter docere cadit sub praecepto,
168 2545 1762 2596 uel sub consilio sicut patet Marci ultimo: Euntes docete omnes gentes: ergo e
163 2587 1736 2645 ius contrarium non cadit sub consilio. Si uero arguitur quod ea quae ad solennitatem
172 2640 1747 2698 docendi pertinent, perfectis non conueniunt, propter elationem: Dicendum quod si ela
165 2693 1740 2761 tionem inducerent uel causarent, forent ab hominibus euitanda: modo sic est, qui
172 2750 1743 2808 ordinata sunt: tum ad autoritatem officij ostendendam, tum ut infirmiores ad uirtu
166 2815 1731 2872 tes prouocent: licet em propter honores non possit magisterium principaliter ap
156 2873 1735 2931 peti uirtuose, nec appetat a bonis propter honorem: tame ex quo est status uirtu
172 2926 1737 2979 tis & dignitatis decet, quod fiat sub quibusdam solenitatibus per quas non solum uirtuo
157 2967 1744 3024 si & perfecti, imo uitiosi & imperfecti ad dignificandum se gradu tali ualeant in
163 3026 1742 3077 uitari: ut sic ex uitiosis fiant sicut frequenter euenit uirtuosi. Ad haec addendum
162 3090 1735 3147 est, quo sicut honor in uanis hominibus causat elationem & uanitatem: Ita per oppo
