2371 3609
229 249 1801 307 qualem uhus homo uellet pro oleribus suis uel pro agro suo displiceret uel noceret
224 300 1789 354 uicino suo, imo sibiipsi dilpliceret uel noceret: postea quia homo nescit quid sibi
218 363 1791 422 uel suis expedit. Tales uidentur consimilis affectionis qualis fuit Phaenton secum
212 402 1785 476 dum fabulas, de quo Ouid. 2. Methamor. Qui fuit filius Phoebi, qui petijt a pa
215 457 1782 510 tre, quod posset regere currum Solis. Rexit igit iste puer inscis & inexpertus, aliquan
222 510 1784 569 do duxit Solem ita procul a terra, quo omnia per frigus congelabant. Aliquando ita
198 572 1782 637 : prope terram, quod omnia coburebant, propter quod a loue fulminatus interijt. Ita
218 622 1779 677 contingeret istis fatuis & praesumptuosis qui de diuina gubernatione murmurant.
204 674 1777 733 Sed si secundum eos fieret gubernatio, pro sua affectione sentiunt, & facerent
204 734 1775 779 sua fatuitate, ut tota mundi machina solueretur. Vnde narratur de, quo
205 783 1776 834 dam heremita, qui seminauerat olera, & petiuit pluuiam a DEO & obtinuit. Po
211 836 1778 893 stea serenitatem, & obtinuit. Iterum pluuiam, & habuit: & quale, temporis
211 894 1765 977 uoluit, DEVS dedit, & tamen nec unum olus excreuit: cogitauit ergo heremita quo
218 941 1771 998 esset uniuersalis defects olerum in toto mundo, & patienter sustinuit. Casu tamen co
210 998 1768 1051 tingente diuertit ad locum alterius heremitae, & uidit ibi olera pulcherrima. Quo
204 1056 1767 1116 modo, inquit, habes tu olera ita pulchra, ego seminaui olera & pluiliam a DEO
210 1107 1762 1174 postulaui, sicut mihi uidebatur expedire & obtinui, & tamen nihil habeo. Certe
206 1165 1751 1233 respondit alis: Hoc iuste & rationabiliter tibi accidit: putabas te sapientiorem DEO
207 1215 1758 1268 & ipse tibi ostendit fatuitatem tuam. Vnde etiam de quodam agricola narrat qui com
205 1270 1762 1337 muniter habuit in agris, in uineis & pascuis uberiores fructus & herbas quam uici
202 1330 1756 1394 ni sui. Requisitus aut quare: Respondit quod semper habuit talem temperiem, qualem
195 1382 1762 1456 uolebat. Requisitus quare: Respondit: Ego nunque aliud tempus appeto quam
203 1430 1752 1483 DEVS dat. Vnde murmuratores ex causa tali sunt similes Gaio Caesari, de o
202 1482 1754 1539 narrat Seneca lib. 1. de ira in fine, & Sueto. in lib. de uita 12. caesa. Iste Gaius or
202 1534 1762 1594 dinauit facerae solenissimum festum suis nobilibus. Contigit ergo ipso die festi tom
203 1597 1764 1647 trua fulmina & pluuias maximas fieri. Rex fatuus indignatus indixit bellum com
205 1644 1752 1719 tra louem, & iussit balistiarios suos. & sagittarios & magistros machinarum suarum
202 1700 1754 1761 sagittas & tela iacere contra louem. Isti fatui obedientes suo principi, sagittauerunt
203 1760 1758 1826 tela & iecerunt lapides contra coelum, quae omnia in populum descendentia, magnam
193 1809 1754 1878 partem populi peremerunt. Reuera sic est de illis qui murmurant de diuinis disi
193 1863 1753 1936 positionibus, iaciunt uerba impatientiae contra DEVM, quae DEO nocere non pos
196 1914 1747 1983 sunt, sed praecise in damnum proprium retorquentur. Sic murmurauerunt filij firael
196 1968 1756 2033 in deserto contra DEVM, & perierunt: nec intrare potuerunt in terram promissio
196 2026 1737 2085 nis. Vnde Nume.14. Omnes qui numerati estis a uiginti annis & supra, mur
196 2082 1740 2139 m: urastis contra me: non intrabitis terram, super quam leuaui manum mea, ut habi
194 2132 1749 2197 tare uos facerent in ea praeter Raleph filium lephune & Iosuae filium, Num. Et
200 2185 1743 2254 ideo signanter dicitur 1. Corinth.10. Neque murmuraueritis sicut quidam eo
198 2242 1755 2295 rum murmurauerunt, & perierunt ab exterminatore. Secundo inueniunt ho
200 2292 1751 2357 mines qui murmurant contrao DEVM, eo quod prosperitatem & aduersitatem non distri
194 2347 1743 2416 buit in uita psenti, iuxta merita & demerita personarum. Et haec est antiquissima
194 2407 1743 2471 querela gentilium philosophorum contra DEVM: & causa propter quam plerique dixerunt,
189 2454 1748 2532 mundum no regi a Deo, sed a casu, Iuxta illud Claudiani in 1, ma. suae in principio:
308 2509 1147 2580 Sepe mihi dubiam traxit sententia mentem
304 2569 1072 2632 Curarent superi terras aut nullus inesset
313 2617 1069 2677 Rector & incerto fluerent moralia casu.
249 2667 1732 2734 Et Boëtius in de conso: lib. 1, metro. 5. offelliseri eediorortis. & postea circa
188 2735 514 2793 medium metri:
763 2776 1126 2835 Debita sceleri noxia pond,
1230 2778 1626 2841 clara tenebrit iustusque uulit
284 2783 684 2843 Omua certo fine gubern m:
1428 2831 1636 2888 Crimen migpum.
776 2829 1129 2884 Ae peruersi resident celso.
265 2829 689 2887 Hominum solus respuit actus.
1220 2874 1595 2931 Nil peruria, nil notet ipsiit
772 2873 1140 2933 Mores solio. sanctaque taleat
274 2884 684 2926 Mertro fector cohibere modo:
765 2922 1137 2978 Iniusta iuce colla nocentes.
271 2925 704 2979 Nam cur tanias lubrita versat
1221 2922 1719 2969 Praus, mendac, compia eolore, &c
265 2971 697 3024 Fortima uices: premit insontes
763 2970 1161 3024 Latet obscurit condita uirini
270 3012 1741 3077 Sed posito sicut ueritas se habet, quod DEVS regit mundum,
178 3066 1751 3130 tunc apparet magis mirabile, quare mali reportant praemia iustorum,
