2371 3609
164 272 1743 322 tiua, quae finem ponit controuersiae: quia de re dubia non debet dari senten
169 335 1745 393 tia certa, 11. quaest. 3. Graue. Et praesumere digna horum quae mihi dantur, sciicet
171 383 1726 436 dedit DEVS mihi praesumere: id est, prae alijs sumere ad discendum & docen
172 435 1732 490 dum, Digna horum quae mihi dantur: id est, uera & correspondentia inspirationi
170 485 1737 545 diuinae, non humanae fictioni. Sic utitur nomine praesumptionis Magister
161 546 1732 603 sententiarum in prologo ubi dicit, ardua scandere, & opus ultra uires agere prae
169 599 1736 650 sumpsimus: id est, moti non temeritate, sed charitate prae alijs sumpsimus. De
170 653 1725 718 dit ergo DEVS mihi praesumere digna, non quidem uiribus meis confisus,
160 711 1732 777 sed in DEO. Et ideo subdit: quoniam ipse: id est DEVS sapientiae dux est & sa
160 765 1737 830 pientum emendator: id est, ipse est autor sapientiae, & emendator & augmenta
169 817 1736 867 tor. Et sic recognoscit Salomon DEUM esse omnis sapientiae largitorem. Se
157 874 1728 918 cundo generalis fatetur eum esse omnium gratiarum continuum gubernato
163 925 1728 981 rem. In manu (inquit)illius, &c. Quasi diceret: In potentia gubernatiua illius est
160 983 1735 1033 nostra eloquentia, nostra theologica speculatio, & nostra practica exercitatio.
157 1036 1728 1090 In manu (inquit) illius, supple sumus, nos quantum ad nostram substantiam.
171 1088 1738 1143 Dan. 5. DEVM qui habet flatum tuum in manu sua, & omnes uias tuas, non
162 1154 1759 1208 glorificasti. Et in Psalm. 94. In manu eius sunt omnes fines terrae. Sermones
171 1194 1728 1250 nostri quantum ad nostram eloquentiam, 2. Corinth. 3. Non sumus sufficien
163 1251 1728 1305 tes aliquid a nobis cogitare, sed sufficientia nostra ex DEO est: quia nemo po
169 1308 1733 1361 test dicere Dominus IESVS nisi in Spiritu sancto, primae Corinthiorum
165 1361 1740 1414 duodecimo. Et omnis sapientia quantum ad scientias speculatiuas: Et operum
173 1414 1738 1471 scientiae disciplina: id est, disciplina scientiae operum quantum ad scientias pra
178 1468 1733 1522 cticas. Haec est ergo gratiarum actio deuota qua Salomon se a DEO re
167 1527 1728 1576 cepisse sapientiam recognoscit. Sicut enim omnia flumina oriuntur a mari
163 1581 1723 1629 & ad mare finaliter reuertuntur, Ecclesiast. 1. Ad locum unde exeunt flumina
175 1631 1732 1686 reuertuntur, ut iterum fluant: Ita omnes gratiae quas habemus a DEO pro
170 1695 1731 1741 cedunt per largitionem, & ad eum redire debent per gratiarum actionem.
181 1741 1738 1794 Vnde Bernhard, super Cano. ser. 32. Origo fontium & fluminum omnium
170 1798 1737 1848 est mare uirtutum & scientiarum Dominus CHRISTVS. Continentia
167 1846 1728 1903 carnis, cordis industria, uoluntatis rectitudo, casta consilia, iusta iudicia, san
160 1906 1731 1965 cta desideria ex illo manant. Si quis callet ingenio, si quis nitet eloquio,
167 1954 1731 2011 si quis moribus placet, inde est: inde scientiae, inde sapientiae, inde sermo.
160 2015 1737 2066 Ad locum unde exeunt flumina reuertantur flumina gratiarum, ut iterum
170 2067 1741 2120 fluant: quare & qualiter inquis, dicit Apostolus: In omnibus gratias agen
163 2122 1733 2173 tes, quicquid sapientiae, quicquid te uirtutis habere confidis, DEI uirtuti &
167 2172 1730 2228 DEI sapientiae reputa CHRISTO. Siquidem fluminis aqua stare coepe
164 2226 1734 2286 rit computrescere. Si plane si gratiarum cesset decursus, ubi recursus non
164 2277 1735 2341 fuerit, non modo nihil augetur ingrato, sed & quod accepit ei uertetur in per
167 2333 1736 2394 niciem. Haec Bernhard. Vnde Hermes Trimegistus lib. 11. suo de natura deo
175 2399 1742 2447 rum uersus finem narrat, qualiter post longam discussionem rerum diuinarum & hu
171 2443 1748 2503 manarum, cum aduesperascet Trismegistus Asclepius & Tacius parauerunt se ad
169 2497 1736 2558 eoenam, prius tamen uolebant DEVM adorare secundum modum philosophorum. Exe
169 2566 1740 2611 untes ergo Sole occidente, ad austrum respexerunt, & preces suas dixerunt. Sic enim So
167 2606 1734 2666 le oriente ad locum, qui dicit subsolanus se conuertebant adorandum. Ita Sole occidente
169 2660 1738 2721 se conuertebant ad austrum secundum eorum antiquam superstitionem. Dicit ergo Ascle
175 2712 1750 2789 pis ad Tacium quo rogaret Trismegistum, quod dignaret apponere thura & pigmenta ad
174 2770 1735 2842 preces eorum: quem intuens Trismegistus comotus ait: Melis hominum naribus appo
164 2836 1745 2889 nere Asclepi: hoc enim sacrilegij simile est, cum DEVM rogas thus, caeteraqincendere.
163 2878 1750 2935 Nihil enim deest ei. Et quia ipse est omnia, & in eo sunt onia, sed nos agentes gratias adore
171 2929 1742 2992 mus. Haec sunt enim sumae incensiones, cum gratiae DEO agunt a mortalibus Hec Her
168 3003 1732 3057 mes. Gd aut dicit thus DEO incendere esse sacrilegio simile intelligit si fiat sup
173 3038 1746 3100 sticiose cum aestimatione, quo DEVS in corporalibus odoribus delectat, quid omnino
169 3096 1735 3158 falsum est. Vnde subdit que summae incensiones sunt gratiarum actiones. Et ideo termi
