2371 3609
136 256 1712 309 sed demonstratiua qualiter omni tempore natae sunt moveri, si Deus mira
141 318 1715 369 culose aliter non disponat, sicut enim docet beatus August. Sic DEVS rebus
148 376 1713 418 creatis motus operationes indidit, ut tamen pro libitu voluptatis eas exerce
146 430 1708 489 ant, uel omittant: Vnde quamuis experimentaliter & sensibiliter uideamus,
152 477 1698 534 quod ignis natus est comburere: contigit tamen aliquando quod ignis qui
156 534 1704 586 dam approximatus quibusdam pueris non nocuit, & tamen alios qui magis
150 585 1698 636 distabant occidit, sicut patet Dan. 3. Et ideo quamuis sciamus qualiter res na
145 647 1718 709 tae sunt agere, & qualiter frequenter egerunt: quia hic uocamus naturale quod
152 691 1710 744 semper uel frequenter contingit. Qualiter tamen res certo tempore agent, ne
146 746 1702 805 scimus: quia hoc est in manu DEI. Pro rationibus tamen est notandum, quod
144 805 1704 859 ista tria miracula maxima, quae unquam in corporibus coelestibus contigerunt
144 854 1697 922 adduxit Dionysius, contra quendam philosophum in Epistola ad Polycarpum,
151 912 1703 976 quae est 7. in ordine Epistolarum beati Dionysij. Ad quorum euidentiam in
141 966 1705 1019 tentionem dictae Epistolae breuiter explanabo sequens expositonem fratris
141 1016 1235 1071 Alberti, qui omnes libros Dionysij exposuit satis clare.
188 1068 1695 1139 Sciendum est ergo quod illa Epistola mentionem facit de tribus personis,
135 1126 1701 1177 uidelicet Dionysio, Polycarpo & Appollophane. Fuit autem Polycarpus di
144 1181 1691 1235 scipulus beati lohannis Euangelistae, postea episcopus, & tandem martyrixca
142 1238 1710 1289 tus. Appollophanes fuit quidam philosophus, qui fuerat magister beati Dio
149 1299 1705 1355 nysij in philosophia. Iste cum uisitaretur a Polycarpo, & inuitaretur ad fidem
152 1344 1704 1409 CHRISTI redarguebat abeuntem Dionysium super hoc quod philosophia,
140 1399 1698 1450 quam a Graecis didicerat, contra philosophos uteretur, dicens: Iniustum esse a
135 1452 1706 1507 liquem uti aliquo contra eos a quibus illud accepit: & ideo uocauit Dionysium
146 1510 1704 1560 uerberatorem patrum metaphorice: quia uidelicet repraehendit Graecos de
139 1559 1702 1617 eorum philosophia, a quibus tamen philosophiam didicerat: sicut a parenti
139 1617 1699 1670 bus & magistris. Cum ergo sic frequenter responderet Polycarpo dictus phi
140 1668 1702 1723 losophus: Polycarpus nacta opportunitate mandauit Dionysio, quod sibi ali
140 1722 1704 1788 qua rescriberet, per quae dictus Appollophanes ad fidem trahi posset ex pro
140 1779 1700 1839 prijs principijs disciplinae suae, qui clarus in astronomia inter alios habebatur.
137 1831 1705 1900 Hac ergo occasione scribit ad Polycarpum epistolam illam ostendens, quod
135 1886 1694 1957 per eam ad cultum DEI ueri nesciuit pertingere. Ad cuius tamen noticiam ex
134 1953 1700 1997 astronomia maxime debuisset peruenisse. Et arguit sic. Cum ordo motuum
134 2002 1698 2060 corporum coelestium sit regularis & certus: Si ille ordo ab aliquo mutaretur:
135 2068 1703 2116 constat quod ille sic mutans, foret DEVS. Sed ordo motuum corporum coe
140 2109 1705 2172 lestium fuit aliquando mutatus, sicut ipsemet Appollophan. nouit: ergo debuit
129 2168 1693 2225 conclusisse quod causa illius mutationis fuit causa prima continens & regens
135 2213 1695 2270 totum coelum. Et per consequens relictis idolis, & talis DEVS foret colendus.
126 2261 1720 2323 Minorem huius rationis probatDionysius in tribus exemplis: primo per sta
126 2341 1710 2376 tionem Solis, Iosua 10. de quo argutum fuit in prima ratione. Siue etiam dica
134 2368 1700 2433 tur quod Sol stetit immotus cum orbibus superioribus & inferioribus secun
134 2423 1698 2486 dum unam opinionem. Siue solus Sol steterit alijs motis secundum suum cur
122 2482 1700 2552 sum secundum aliam opinionem: hoc tamen certum est Solem stetisse, quod
128 2549 1710 2603 non potuit fieri nisi per operationem alicuius causae infinitae. Secundo probat
128 2588 1705 2650 idem per ascensum Solis in horologio Acham, sicut argutum fuit in ratione.
137 2642 1697 2704 Secundo quando unus dies artificialis fuit fere triplicatus. Dies uero artificia
126 2699 1708 2764 lis habet 12. horas & tres dies 36. horas, & per consequens fuit triplicatus ad
127 2751 1705 2813 alium diem artificialem exceptis quatuor horis, quod patet: quia sicut in astro
120 2816 1710 2875 labio signantur & lineantur duodecim horae in horologio Acham. Et iam in
129 2855 1702 2925 aduentu Esa. ad regem descenderant Sol per 10. lineas ita quod non distabat
125 2913 1702 2980 nocte nisi per duas horas: Sol ergo transcendit ad dictas 10. lineas & descen
132 2969 1701 3035 dit per easdem iterum: ergo compleuit tunc 30. horas & adhuc restabant duae li
133 3032 1705 3090 neae ultimae usque ad noctem: ergo illa dies habuit triginta duas horas. Et ideo
122 3078 1708 3141 dicit Dionysius quod dies ille fuit triplicatus, & hoc fuit tantum miraculum
