2371 3609
620 218 2189 294 quod conuertit in stuporem Babylonios qui fuerunt diligentes in considera
626 282 2177 352 tione motuum coelestium, & hoc miraculum subiecit eos regi Excechiae sine
618 328 2180 406 pugna sicut cuidam aequali DEO & homines excedenti. Et deinceps sacerdo
616 395 2187 451 tes Persarum notantes diem illum fecerunt annuatim festum triplicati Solis:
614 451 2180 506 & dicebantur triplicati inter sacerdotes, uidelicet festum triplicati Solis cole
625 493 2196 554 bant. Ista ergo signa quae non fuerunt localia facta, uidelicet in regione una, uel
629 547 2184 614 una terra, sed communia toti mundo, debuerunt mouisse Appolophanem ad
627 611 2196 666 colendum illum, qui haec miranda causauit. Sed quia Appollophanes posset
625 665 2193 717 ista ex pertinacia forte negare, quamuis sacerdotum testimonium uiderit, non
610 712 2189 785 scribit Dionysius Polycarpo, quod si ista duo negauerit contigisse: reducat sibi
622 763 2194 822 ad memoriam tertium uidelicet de eclipsi tempore passionis CHRISTI, &
628 820 2189 877 dicat sic sibi, quod illam non potest negare. Dicit Dionysius quando nos ambo
625 877 2191 931 stetimus in Heliopolim ciuitate Aegypti, & simul stantes uidimus Lunam in
619 941 2176 993 opinabiliter & innaturaliter supponentem se Soli, cum non esset tempus con
621 990 2183 1047 iunctionis, sed magis oppositonis, uel fere. Quae quidem eclipsis fuit multi
626 1036 2187 1102 pliciter miraculosa. Primo quia eclipsis Solis non fit nisi in coniunctione So
630 1091 2193 1146 lis & Lunae: Coniunctio autem sit per hoc quod Luna est uelocioris motus
619 1144 2188 1198 quam Sol, & ideo attingit Solem. Manifestum ergo est quae Luna accedens ad So
619 1201 2200 1254 lem transit per arcum interceptum inter Solem & occidentem: quandocunque
615 1255 2184 1307 hoc est naturaliter sit coniunctio siue sit eclipsis, siue non. Modo in passione
622 1306 2191 1360 CHRISTI non uenit Luna ab occidente, sed a parte orientis, quod est omnino
625 1369 2178 1425 contra naturam. Vnde pars orientalis diametri Solis primo eclipsabatur: &
608 1418 2184 1469 sic per consequens totus diameter Solis: quia fuit eclipsis uniuersalis. Et tunc
606 1485 2173 1534 redijt uersus orientem, ita quod primo illuminabatur pars diametri occiden
629 1522 2182 1579 talis, quae ultimo eclipsabatur, quod quidem fuit contra naturam eclipsis: quia
621 1583 2178 1632 in omni naturali eclipsi pars occidentalis eclipsatur primo, & primo re illu
621 1632 2182 1686 minatur. Tertio fuit mirabilis: quia Luna tunc temporis infra 6. horas fere com
626 1686 2181 1741 pleuit motum 15. dierum: quia inter nonam & uesperam iuit 185. fere gradus.
639 1740 2171 1803 Quod sic patet. In oppositone ista constat quod inter Solem & Lunam fue
616 1794 2175 1849 runt 185 gradus, qui sunt medietas coeli, non fuit eclipsis post oppositonem
617 1856 2180 1913 per 9. horas: ita quod Luna in illis novem horis transierat 5. gradus ultra locum
618 1904 2177 1955 uere oppositonis uersus occidentem. Redijt ergo per 185 gradus Solis acce
613 1957 2178 2013 dendo, & similiter recedendo, sic infra 6. horas iuit motum fere 15 dierum.
635 2010 2175 2073 Quarto fuit miraculosa: quia sicut probatPtolomaeus tam oppositone quam
614 2066 2177 2115 coniunctione Luna est in auge. Oportet ergo quod aux circulus Lunae in eo
608 2126 2169 2187 dem spacio temporis accederet ad Solem cum Luna, & cum Luna recederet,
621 2179 2174 2239 quod est contra naturam: quia aux Lunae semper mouetur motu contrario Lu
604 2230 2181 2286 nae: sicut patet in theorica planetarum. Quinto latitudo Lunae causata fuit: quia
600 2279 2191 2337 Luna non fuit infra gradus eclipsis sufficiens, & dato, qui fuisset Soli comiuncta
