2371 3609
599 289 2179 355 & sancti aliquando luunt & puniuntur loco malorum. Vnde dicit Boëtius lo
612 341 2183 405 quens ad Philosophiam prosa 5. lib. 4. Cur ergo haec uiceuersa mutentur, scele
607 385 2182 448 rosorum supplicia bonos premant. Praemia uirtutum mali rapient uehementer
613 449 2184 500 admiror, quae tam iniustae confusionis ratio uideatur, ex te scire desidero. Minus
616 504 2175 557 enim mirarer si misceri omnia fortu itis casibus crederem. Nunc stuporem me
602 547 2179 604 um DEVS rector exaggerat, qui cum saepe bonis iocunda, malis aspera: con
610 601 2177 668 traqe bonis dura tribuat, malis optata concedat: nisi causa deprehendatur: quid
614 657 2175 717 est quod a fortuitis casibus differri uideatur. Non solum autem gentiles philo
613 709 2178 772 sopni: sed sancti DEI prophetae uidentur de hoc murmurasse. Sed non murmu
614 762 2185 824 rauerunt, sed potius admirantes exclamauerunt qualiter inconprehensibilia sunt
607 814 2180 882 iudicia DEI & inuestigabiles uiae eius. Ad Ron. 11. Vnde Iob. 21. Quare impii
611 883 2176 944 uiuunt, sublimati sunt cofortatique in diuitijs. Et Hierem.12. Quare uia impiorum pro
624 926 2179 978 speratur: Bene est omnibus qui praeuaricantur & inique agunt. Item Psal. Vsquequo
617 979 2181 1039 Domine peccatores, usquequo peccatores gloriabunt. Item Abacuc 1. Quare
608 1032 2185 1094 non respicis super contemptores, & taces conculcante impio iustiorem se. Sed certe
615 1101 2180 1156 istud murmur est irrationabile, si causa penset. Medicus prudens & fidelis aegro,
612 1158 2184 1211 de quo desperat, omnia indifferenter concedit quaecunque desiderat: Aegro ue
610 1196 2184 1254 ro de cuius salute spem habet, multa negat: dietas & abstinentias ordinat & a
615 1263 2190 1316 maras potiones: tamen salubres ei propinat. Isto modo DEVS reprobis in hac
612 1318 2179 1371 uita abundantiam temporalium bonorum tribuit ut pro paucis bonis operibus
620 1357 2189 1429 paucis diebus in hac uita praemientur. Et hoc est quod dicit beatus Gregorius,
615 1428 2188 1477 21. Moralium, capitulo quarto super illud lob. 31. Nunquid non est perditio
616 1466 2181 1522 iniquo: Dicit Gregorius: Iniustus ad debitum mortis currens effraenatis uolu
620 1521 2181 1591 ptatibus utitur: quia & uituli qui mactandi sunt in uberioribus pascuis relin
619 1588 2187 1646 quuntur. At contra iustus a delectationis transitoriae iocunditate restringitur:
622 1643 2185 1698 quia & nimirum uitulus ad laboris usum uitae deputatus sub iugo detinetur:
622 1690 2179 1752 Et consequenter ponit exemplum de aegro desperato. Et de ista materia loqui
626 1740 2189 1806 tur idem Greg. 6. Moral cap. 3. Quasi per amoena prata in carcerem uenit, qui
616 1791 1591 1861 per praesentis uitae prospera ad interitum tendit.
680 1846 2187 1900 Tertio inueniuntur quidam mundiales, murmurantes contra DEVM
618 1913 2187 1958 quando eos flagellat uel per tribulationes, uel per infirmitates. Et hoc fatuum
627 1967 2184 2023 est & irrationabile, cum frequenter infirmitas situtilior homini quam sani
624 2008 2193 2063 tas. Vnde in uitas Patrum legitur, quod cum quidam petijt liberari a tertia
620 2063 2182 2128 na a Iohanne heremita, respondit: Rem tibi necessariam cupis abijcere. Dicit
621 2123 2178 2172 enim Aristoteles 3. Topicorum: Illud quod est effectiuum beatitudinis magis
630 2172 2193 2224 est eligendum quam quod sanitatis: sed tale est frequenter infirmitas. Vnde
619 2213 2190 2277 Ecles. 31. Infirmitas grauis sobriam facit animam, flagella etiam & tribulatio
626 2279 2175 2334 nes & taedia faciunt nos fugere ad DEVM. Et ideo considerato, quod Pater no
626 2331 2191 2390 ster est qui nos flagellat & verberat: & quod nobis haereditatem seruat, patien
629 2386 2178 2443 ter debemus sustinere quidquid nobis irrogat. Vnde Grego. 6. Moralium 3
621 2438 2194 2506 ca. Quidam tunc prosperitatem despiciunt cum malum eius exitum cernunt,
625 2494 2192 2553 sed perfecti econuerso. Vnde tunc est prosperitas pensanda quam nihil sit: cum
627 2547 2191 2620 sese supra caeteros successibus extollit. Narrat Seneca6. declamationum cap. 1
626 2606 2187 2674 quod quidam abdicauit filium suum: ad quem frater suus accessit rogans, quod
631 2667 2181 2725 patri suo nullo modo dure responderet: sed abdicationem patienter sustineret, sub
631 2720 2192 2776 quo pacto chirographum suum sibi dedit, permittens se daturum sibi dimidiam
620 2764 2191 2826 partem haereditatis suae: ille tacuit & frater alius abdicatur: tunc declamatione
626 2819 2187 2879 racta super casum, frater ille gratus dicit germano suo: In omnem me fortunam
620 2869 2195 2927 frater tibi iungam comitem, si militandum est, una militabimus: si peregrinan
617 2925 2184 2985 dum, una peregrinabimur: si quotidianam rogauero stipem, illam tecum diui
619 2989 2194 3050 dam. Nolui recentem patris iram exagitare: malui ut tacendo patrem uincerem,
618 3035 2185 3098 meae partis haereditas erit tuae custos. Moraliter loquendo: Frater iste charissimus
626 3087 2193 3143 CHRISTVM significat, qui nos fratres suos uocat, ad Hebraeos 5. Non con
