2371 3609
833 872 2187 929 OSTTA commendatione multiplici Spiritus sanctus, cuius donum
846 925 2188 980 est sapientia: restat iam ipsius sapientiae excellentia declaranda
849 984 2187 1032 Commendando autem sapientiam sic procedit. Primo commendat
831 1034 2196 1094 sapientiam ex his, quae eis conueniunt absolute ex seipsa. Secundo
613 1098 2180 1149 ex his quae ei conueniunt in comparatione ad alia. Secunda pars ibi: Est enim
620 1140 2193 1199 haec speciosior sole. Circa primum duo facit: Nam primo ostendit eius nobilitatem
624 1193 2176 1260 in essendo, secundo eius potestatem in regendo, ibi: Et cum sit vna omnia potest.
618 1248 2180 1301 Circalprimum duo facit. Primo commendat sapientiam per conditiones pro
613 1316 2196 1373 prias. Secundo per locutiones tropicas, secunda pars ibi: Papor est enim. Circa
626 1353 2185 1421 primum duo attribuit sapientiae omnia gubernanti, uidelicet sufficientiam ce
617 1410 1458 1466 leritatis, & coexistentiam praesentialitatis
697 1460 2180 1531 Quantum ad primum dicit sic: omnibus mobilibus mobilior est sapientia. Voi
619 1520 2184 1573 notandum est quod quanto agens est maioris uirtutis in agendo, tanto cele
628 1574 2188 1640 rius & uelocius producit effectum. Vnde agens infinitae uirtutis agere potest
620 1630 2175 1681 in omni tempore: quia ergo sapientia quae est donum Spiritus sancti, est quodan
623 1689 2188 1741 modo infinitae uirtutis. Omne autem mouens mobile, est uirtutis finitae: patet
632 1736 2187 1803 quod sapientia est mobilior: id est, uirtuosior in movendo omni mobili: & per
625 1787 2179 1842 consequens habet sufficientiam celeritatis. Secundo habet coexistentiam praesen
626 1846 2185 1897 tialitatis. Et quantum ad hoc dicit: Attingit autem vbi quae propter mundiciam
623 1885 2182 1955 siam. Quia enim per sapientiam disponuntur & reguntur. In Psal. Omnia in
620 1953 2175 2006 sapientia fecistis, repleta est terra possessione tua. Sicut enim deducit magister
619 2008 2175 2073 Alexander cognomento Nequam: In omni creatura corporea quantumque
617 2063 2186 2112 sit modica, potest ratio humana uidere infinita DEI potentiam, infinitam sa
630 2114 2186 2179 pientiam, & bonitatem: uerbi gratia, ut de atomo fiat exemplum. Satis enim
620 2169 2191 2222 approbathumana ratio, & acceptat, quod mensura potentiae agentis sumatur
617 2222 2182 2275 secundum proportionem facti ad illud, de quo fit. Tanta enim uidetur poten
620 2274 2191 2343 tia facilitatis, quantum ipsum factum excedit illud, de quo sit. Cum ergo ratio inue
620 2341 2182 2386 nerit atomum esse aliquid ex nihilo, & sciat quod si atomus excederet, nihil infi
613 2383 2188 2440 nitum excederet: concludit quod potentia, ducens atomum de nihilo adesse, est
617 2436 2194 2491 infinita. Secundo uidebit ratio quod cum atomus sit corpus, habet inter se tres
617 2493 2188 2550 lineas intersecantes se ad angulos rectos: in qua sectione posito circino conscribi
614 2546 2181 2614 potest sphaera super atomum: & uidet in sphaera infinitos circulos posse describi,
624 2603 2183 2649 imo infinita corpora infra sphaeram esse imaginabilia, & ultra, infra circulos om
627 2653 2186 2723 nes figuras fore inscriptibiles, quae tamen sunt infinitae: super quas infinitae pos
617 2707 2178 2762 sunt erigi demostrationes, tam de magnitudinibus, quam de numeris. Ergo ui
614 2774 2191 2833 debit ratio humana in atomo, uel in flore infinitam scientiam, obiectiue descriptan
610 2813 2191 2882 Infinitam uero scientiam non potest descripsisse agens quodcumque, nisi sapientie infinitae:
620 2881 2182 2941 ergo humana ratio si est bona, uidebit & inueniet in uno atomo infinitam sapi
623 2933 2185 2972 entiam conditoris. Tertio uidebit ratio mentis humanae quod in assecutione huius in
614 2978 2193 3038 finitae scientiae quae est in atomo est magna utilitas animae, & delectatio admira
608 3030 2189 3094 bilis. Et si foret infiniti intellectus, infinitas haberent delectationes, imo unus
