2371 3609
195 263 1761 325 semetipsum posset inspicere, & quod defectiuum fuerit emendare. Quoniam
193 325 1757 375 hoc est speculum sine macula maiestatis DEI. Tertio sapientia quae in Scriptu
189 391 1761 448 ta sacra continetur imago bonitatis DEI dicitur. Sicut enim per imaginem co
206 438 1753 498 gnoscitur id cuius est imago: ita per eam quae per Scripturam docentur, & diui
199 490 1759 539 na beneficia nobis exhibita & promissa uidentur. Aliter potest litera hodier
196 543 1770 596 nae lectionis exponi de CHRISTO, qui est sapientia increata. Ipse enim fuit
188 597 1756 644 candor lucis, honestissime uiuendo: speculum sine macula, rectissime do
204 653 1764 702 cendo: & imago bonitatis, benignissime redimendo. Fuit enim candor lucis
192 709 1756 768 per corporis puritatem: Speculum sine macula per mentis claritatem: & ima
194 762 1758 818 go bonitatis per diuinam personalitatem. Vnde Augustinus de Trinitate li
197 814 1757 863 bro duodecimo, capite 6. dicit, quod homo dicitur ad imaginem DEI, se
203 866 1767 919 cundum illud Gen.1. Faciamus hominem ad imaginem & similitudinem no
200 919 1752 973 stram. Sed Filius DEI sic dicitur imago Patris, & non ad imaginem: quia na
201 977 1765 1031 tus est, non creatus: similis & aequalis, & in nullo dissimilis. Homo autem
201 1033 1751 1083 est imago & ad imaginem: quia non adaequatur paralitate, sed accepit simi
202 1084 1756 1135 litudinem: In qua tamen imagine plus difformitatis, quam conuenientiae de
202 1138 447 1192 monstratur.
258 1191 1753 1247 Licet enim fimilitudo sit de ratione imaginis, non tamen aequalitas: sed tan
203 1248 1755 1301 tum de ratione perfectae imaginis est aequalitas. Sicut dicit idem Augustinus
200 1304 1752 1354 in libro 83. quaestion. q. 15. Istud speculum CHRISTVS uidelicet fuit speculum
202 1366 1761 1422 planum plane docendo: speculum concauum humiliter moriendo: speculum
199 1417 1759 1461 connexum potenter resurgendo. In illo speculo enim concauo apparet ima
206 1470 1758 1529 go reuersa ad superius & inferius: & dexterum & sinistrum. Et ita fuit in CHRI
200 1520 1754 1570 STO moriente summus DEVS, a uilissimis ribaldis torquebantur, summe iu
193 1572 1755 1624 stus accusabatur, summus iudex plectebatur. Et sicut per speculum conca
203 1629 1757 1680 uum accenditur ignis: Ita per contemplationem istius speculi concaui sum
200 1683 1756 1736 me in nobis accenditur ignis deuotionis ad DEVM. Et sicut in speculo inte
194 1747 1758 1803 gro non apparet nisi una imago: si autem confringatur uel discontinuetur,
199 1802 1761 1858 quaelibet particula suam repraesentat imaginem: Ita fuit in CHRISTO, quam
205 1844 1771 1900 diu anima CHRISTI & corpus coniuncta fuerunt adinuicem, & CHRI
200 1897 1767 1952 STVS fuit homo uiuens, una tantum imago apparuit: uidelicet similitudo
204 1955 1758 2008 hominis: quia apud populum infidelem non uidebatur nisi homo purus &
191 2020 1758 2071 non homo & DEVS. Sed ubi facta est confractio istius speculi & disconti
206 2071 1762 2126 nuatio siue diuisio corporis ab anima, licet diuinitas utrique esset coniuncta:
199 2116 1761 2171 statim mundo apparuerunt duae imagines duarum naturarum, uidelicet DEI
194 2177 1764 2234 & hominis, & semper imperpetuum apparebunt: Imago hominis apparuit
202 2223 1752 2280 in corpore uulnerato, crucifixo, conclauato, sepulto & consignato. Sed ima
202 2291 1758 2348 go DEI apparuit in sole eclipsato, terraemotu monstrato, uelo lacerato, ru
205 2332 1764 2396 ptione, & mortuorum resuscitatione, ut merito fateretur Centurio: Vere Fi
204 2385 1758 2451 sius DEI erat homo iste, Matth. 27. Hic ergo CHRISTVS dicitur speculum
205 2441 1763 2504 sine macula, ad differentiam hominum, qui specula quaedam dici possunt, sed
203 2506 1753 2559 non sine macula, propter fomitem concupiscentiae repugnantem spiritui conti
198 2560 1764 2612 nue dum uiuit in carne, lob 15. Quid est homo ut in maculatus sit, & ut iustus
202 2616 738 2675 appareat natus de muliere.
