2371 3609
851 436 2174 490 OSTOVAM Spiritus sanctus declarauit nobilitatem sapien
862 503 2191 555 tiae in essendo: hic enarrat eius potestatem in regendo. Et circa haec
852 563 2191 610 duo facit. Primo ostendit eius generalem gubernationem, omnium
858 614 2179 659 causatiuam. Secundo eius specialem operationem circa humanam
872 657 2178 724 praerogatiuam. Secunda pars ibi: Et per nationes. Quantum ad
610 708 2173 781 primam partem tangit quatuor de sapientia: Vnitatem, potestatem, stabilita
619 776 2175 831 tem, & causalitatem: Vnde dicit sic: Et cum sit vna, omnia potest: & permanent
616 823 2181 874 in se, omnia innouat. Sapientia enim dicitur una ab unitate subiecti principa
614 870 2175 929 lis: sicut omnis scientia dicitur una: id est, posteriorum. Similiter ab unitate fi
604 927 2174 991 nis quem intendit, qui est amor DEI. Est enim DEVS principale subiectum,
620 983 2180 1040 & amor DEI in sacra Scriptura principaliter est intentum. Vnde Augustinus
615 1036 2177 1096 de laude charitatis: Ille tenet quod patet, & quod latet in diuinis codicibus:
619 1091 2170 1158 qui charitatem seruat in moribus. Ista sapientia cum sit una, omnia potest & per
614 1148 2166 1203 manens in se: id est, omnino immutabilis existens, omnia innouat gubernan
620 1201 921 1268 do & regendo
677 1253 2178 1308 Ex quibus patet eius generalis gubernatio omnium causatiua. Specialis
612 1310 2162 1363 autem eius operatio circa humanam praerogatiuam subiungitur quo ad tria
608 1366 2177 1418 Causat in hominibus sanctimoniam, amicitiam, & prophetiam. Vnde subdit
611 1415 2171 1469 sic: Et per nationes in animas sanctas se transfert: quia non est personarum ac
611 1487 2171 1526 ceptio apud DEVM, Actis 10. Non est personarum acceptor DEVS, sed in o
609 1527 2175 1580 mni gente quae timet DEVM & operatur iusticiam acceptus est illi. Et ideo sa
611 1582 2167 1646 pientia quae est donum DEI per nationes sanctas hominum, uidelicet ubique ter
606 1635 2160 1691 tarum, se tranffert illis inspirando diuinum cultum, & ea quae sunt necessaria
600 1693 2164 1755 ad salutem: transfert se ad animas sanctas non sanctitatem praesupponendo, sed
598 1744 2154 1797 faciendo: Vnde subdit: Amicos DEI: id est, amantes DEVM, & amatos a DEO,
602 1806 2160 1866 & prophetas constituit * Corinth.12. Vnicuique datur manifestatio spiritus ad
602 1828 2152 1904 utilitatem. Et infra: Alij prophetia, alii discretio spirituum: haec omnia sic pro
600 1906 2165 1963 bantur. DEVS nulli dat donum sapientiae, nisi illi quem diligit: sed DEVS nul
605 1963 2159 2017 lum diligit, nisi illum qui cum sapientia inhabitat: ergo nulli alteri datdonum
605 2017 2160 2071 sapientiae. Vnde subdit: neminem enim diligit DEVS, tanquam electum & de
605 2069 2167 2123 tamilia sua, nisieum qui cum sapientia inhabitat. Et haec est figura quae uocatur
608 2126 2159 2190 hypallage, quae figura fieri habet quotiescunque uerba per contrarium intel
603 2177 2157 2245 liguntur. Sicut si dicamus: prodest dare classibus austros, cum nauem uentis,
598 2233 2154 2285 non uentum nauibus demus, secundum Isiod. 1. Etymolo. cap. 23. de schemati
603 2287 2157 2339 bus. Vnde sensus est: Neminem dilicit DEVS nisi eum qui cum sapientia inha
608 2338 2155 2413 bitat: id est, nisi eum in quo habitat lapientia, & quem inhabitat sapientia. Haec
599 2398 2161 2447 de sapientiae dono exponuntur: plenius de sapientia, quae est DEI Filius ueri
600 2446 1361 2503 ficatur, sed sententialiter non mutatur.
648 2506 2157 2558 Quia dicitur in lectione ista, quo sapientia amicos DEI & prophetas consti
600 2563 2162 2618 tuit. Potest esse dubitatio literalis. Vtrum solis amicis DEI conferatur donum
599 2619 2161 2687 prophetiae. Et uidetur quod sic. Secreta non sunt reuelanda nisi amicis: Iuxta illud
599 2670 2167 2729 ohan. 15. Vos autem dixi amicos: quia omnia quae audiui a Patre nota feci
599 2728 2166 2782 uobis: sed DEVS secreta sua reuelat propheris: ergo prophetae sunt amici DEI
599 2774 2161 2851 Praeterea Matth. 7. Attendite a falsis prophetis, qui ueniunt ad uos in uestimen
599 2835 2167 2889 tis ouium, sed qui non sunt amici DEI: intrinsecus autem sunt lupi rapaces, &
598 2886 2166 2942 per consequens falsi prophetae: ergo omnes ueri prophetae sunt amici DEI
600 2936 2169 2999 Praeterea dicit Aristot. lib. 2. de Somno & uigilia: quo si diuinatio somniorum est
598 2992 2164 3054 a DEO, inconueniens erit immittere quibuscunque & non optimis uiris. Vnde
600 3046 2168 3111 ecundum eum inconueniens est dicere, quod diuinatio somniorum sit a DEO:
