2371 3609
180 225 1743 280 erraticae uel fixae. Iob 23. Stellae non sunt in conspectu eius mundae: & ideo tertio
174 283 1749 334 subiungit que luci comparata inuenitur prior: id est, dignior & honorabilior. Vnde
182 335 1737 388 Arist. lib. praedicamentorum. Quod melius est & honorabilius, prius esse uide
178 395 1741 441 tur. Consueuerunt enim plurimi honorabiles & magis dilectos a se dicere prio
178 445 1433 497 res apud se. Et tamen alienissimus prioris hic modus. Haec ille
238 496 1729 553 Sed quia posset esse dubium, quomodo sapientia posset esse dignior luce in suo
188 554 1730 618 genere. Ideo consequenter haec probatsic: Luci succedit nox, & per consequens
174 608 1726 661 caret aeterna stabilitate: & uincitur aliquo modo, ex quo non semper manet u
185 664 1734 716 niformiter. Sapientiam autem increatam uidelicet non vincit malicia. Consimilem
182 718 1743 769 comparationem solaris luminis ad diuinam bonitatem facit. Dionys. 4. cap. de
182 778 1747 819 diuinis nominibus dicens: Quod Sol est expressa similitudo diuinae bonitatis:
183 825 1744 880 quia lumen suum quod habet eminenter extendit ad omnia uisibilia, & si aliqua
178 880 1743 933 inferiora illud non participant: hoc est, ex eorum defectu, non ex defectu Solis:
184 935 1747 988 unde nihil omnino priuatur eius uirtute. Sed hoc uidetur contra praedicta a
188 983 1728 1042 Boëtio qui lucem Solis dicit esse infirmam: id est, debilem: quia non potest in
189 1045 1161 1092 trare ad intima terrae: ergo non illuminat omnia.
233 1092 1747 1146 Et super hoc potest esse duplex dubitatio. Vna an Sol illuminet infra terram:
182 1150 1735 1201 Alia an illuminet stellas alias sub se, & super se. Quod autem illuminet circa me
187 1203 1744 1256 dium mundi arguitur ex dicto Ptolom. qui dicit quod radij omnium stellarum
179 1258 1744 1311 nunquam adunantur, nisi in centro terrae: ergo radij Solis se illuc extendunt: sed
185 1310 1740 1365 illi radij sunt illuminosi: ergo illuminant uiscera terrae & maris: contra Boëtium. Ad
189 1366 1738 1433 istud plane dicendum est, non. Tamen pro intentione Ptolomaei, est sciendum, quod
186 1421 1747 1472 participare lumen est duplex. Vel formaliter secundum actum luminis, uel uirtua
183 1473 1729 1526 liter secundum aliquem effectum luminis. Primo modo non illuminat Sol uisce
193 1537 1731 1594 ra terrae, nec ipsa sic lumen participant. Secundo modo participant, uidelicet se
190 1582 1751 1642 cundum aliquem effectum luminis. Vnde non intelligit de radijs luminosis, sed
183 1634 1754 1688 de radijs uirtutis & actiuitatis: quenadmodum loquitur Alkindus in lib. de Theo
185 1689 1746 1744 rica artium magicarum, cap. de radijs stellarum. Vbi ponit luminis omnem actualem
187 1754 1748 1811 existentiam in hoc mundo electorum radios emittere in omnem partem, qui totum
185 1797 1744 1851 mundum replent. Vnde omnis locus radios continet omnium rerum, secundum erro
185 1848 1746 1906 res suos ibidem. Quantum uero ad aliud dubium an uidelicet Sol illuminet stel
187 1906 1742 1960 las superiores, potest argui quod non: quia non est naturae inferioris influere in
191 1970 1742 2017 naturam superiorem: Ergo Sol non infundit lumen stellis superioribus. Confirmatur
181 2022 1732 2067 ratio ista: quia sicut se habet motor superior ad motorem inferiorem: ita mobile su
181 2070 1740 2137 perius ad mobile inferius, sed motor superior influit in inferiorem, & non econ
190 2120 1745 2177 uerso. Praeterea Cithon dicit solam Lunam obscuritatem habere, caeteras stellas lu
187 2175 1731 2249 men habere proprium, licet Sol per excellentiam lumen habeat singulare: ergo non
190 2226 1747 2286 omnes stellae aliae a Sole recipiunt lumen a Sole, sed tantum Luna. Praeterea si Sol
193 2297 1730 2349 causaret lumen in superioribus planetis & stellis fixis: tunc omnia lumina pla
185 2354 1750 2405 netarum & stellarum fixarum forent eiusdem speciei cum lumine Solis: consequens
182 2396 1749 2449 falsum: quia Saturnus per suum lumen causat frigiditatem. Vnde Saturnus dicitur
178 2446 1743 2502 Planeta maliuolus propter excessiuam frigiditatem: & Mars similiter propter ex
182 2521 1743 2572 cessiuam siccitatem, sicut dicit Ptolomaeus in quadripartito. Et Macrob. in Satur
187 2566 1752 2621 nalibus prope finem dicit que lumen Lunae extra proprietatem naturae suae humectat
193 2619 1752 2676 corpora, ubi lumen Solis desiccat. Vnde si aliquis diu sub Luna dormierit, aeger
193 2677 1739 2731 excitatur, & fit insano proximus. Vnde etiam ligna quae Luna plena uel Luna
182 2735 1751 2788 crescente deijciuntur inepta sunt fabricae, quasi nimis emollita per humorum con
194 2788 1743 2843 ceptionem. Et agricolis mos est frumenta de loco aëris colligere, non nisi Luna
197 2829 1752 2884 deficiente, ut sicca permaneant. Et per oppositum illa quae debent humida
181 2883 1563 2937 conseruari, sicut poma, pira, colligi debent Luna crescente uel plena
256 2941 1747 2991 Ad oppositum est Auicenna 8. Meta. suae qui dicit, quod Sol ponitur in
184 3006 1751 3057 medio corporum superiorum tanquam cor in medio animalis: ut uidelicet in
187 3052 1765 3112 omnia corpora influere possit, sicut anima in omnia menbra. Et huic positoni
