2371 3609
204 223 1758 289 dicit Plato 2. in Thimaeo: Nihil sit cuius ortum legitima causa non procedat
198 280 1758 346 Isti sententiae concordat Boët. 5. de consolat. prosa 1 ubi definit casum, dicens
230 335 1758 400 Quod casus est inopinatus ex confluentibus, causis in his, quae ob aliquid ge
192 386 1757 455 runtur euentus. Sed hic uidetur esse contrarietas inter Aug. & Boët. quia secum
212 451 1757 506 dum Aug. nihil in mundo sit a casu, secundum autem Boët, multa siunt a ca
200 505 1757 560 su. Dicendum quod non est contradictio, sed aequiuocatio. Antiqui enim E
204 561 1757 617 picurei dixerunt casum esse euentum productum motu temerario, & nulla con
204 621 1758 680 mixtione causarum. Et sic accipit beatus Aug. casum loco praeallegato. Et Boët
188 673 1779 717 sic accipiendo casum dicit sic: Casus non est nisi uox inanis nullam rem habens
202 717 1758 790 suae significationi subiectam. Accipiendo autem casum sicut dicit Arist. 2. Phy
206 777 1758 833 quia casus est causa per accidens in his quae siunt propter finem & in minori
209 830 1759 900 parte. Vel secundum Boëtij definitionem sic est dicendum: quia idem fit a ca
189 891 1759 954 su, & tamen a causis per se: sicut per se causa inuentionis thesauri est fossio agri
194 946 1757 1004 & reposito thesauri in eodem. Sed quia istum effectum non intendebat fodi
193 991 859 1056 ens, dicitur respectu illius a casu
275 1013 1758 1101 Quantum ad secundum dubium. An uidelicet DEVS disponat omnia sua
200 1105 1757 1156 uiter & misericorditer, uidetur quod non per instantias: quia uidelicet paruulos
206 1157 1757 1210 non baptiaeatos punit aeternaliter pro originali peccato, unde uidetur quod in
191 1210 1770 1265 istos nullam exerceat misericordiam: Item Iacob. 2. Iudicium sine misericordia fiet
202 1266 1668 1329 illi qui non fecerit misericordiam: ergo tales non disponit misericorditer
257 1314 1757 1367 Ad oppositum est litera, & dicendum est quod sic. Sicut enim dicitur 5. E
193 1381 1758 1426 thicorum: Minus malum vocatur aliquando magis bonum: quia ergo DEVS
194 1428 1763 1475 tribuit bonis ultra merita, & malis citra, dicitur omnia misericorditer dispone
207 1491 1759 1548 re. Misericordia enim dicit voluntatem benefaciendi alicui indigenti: DEO
207 1537 1758 1590 uero omnis creatura indiget, sine quo nec esse potest: & ideo cum omnia de sua
200 1595 1757 1656 gratuita uoluntate conseruet, omnibus misericordiam impendit. Et quia DEVS
210 1644 1755 1703 ex sua bonitate nobis impendit bona, & non punit nos nisi pro nostra culpa,
201 1698 1758 1751 ideo dicitur proprie sibi competere misereri, & quasi improprie punire. Ad
206 1752 1751 1815 primum de paruulis dicendum quod DEVS pro peccato originali non solum
206 1807 1757 1858 posset inflixisse carentiam uisionis diuinae, sed posset omnes annihilare si uellet.
201 1858 1758 1914 Et ideo in hoc agit misericorditer cum eis, quod esse humanum habebunt, & uiuent
200 1913 1757 1966 sine poena sensus. Tren. 3. Misericordiae Domini, quia non sumus consumpti. Ad
206 1966 1757 2019 secundum dicendum, quod licet immisericordes non consequuntur misericordiam eos
199 2024 1758 2076 totaliter a poena liberantem, consequuntur misericordiam aliquid de poena debita
193 2075 1752 2127 relaxantem: quia circa condignum punientur, sicut alij omnes, qui pro suis deme
195 2133 1753 2182 ritis danabuntur. In secunda parte lectionis aggreditur Salomon enarrare quan
196 2183 1744 2236 tum habuit ad sapientiam adquirendam, affectionem & desiderium: & ideo dicit sic:
200 2242 1736 2309 fanc amaui, &c. lbi de se fatetur sapientiam desiderasse secundum quinque condi
198 2295 1736 2345 tiones uirtuosas. Ipsam nanque desiderauit frequenter & studiose. Et quantum ac
184 2337 1731 2400 hoc dicit: hanc amaui uere, uidelicet ex corde affectualiter & laboriose. Et qua
191 2407 1752 2453 tum ad hoc dicit: Et exquisiui lnquirere est, intus querere, scil. in sua voluntate &
183 2461 1748 2520 in mente. Et exquirere est extra quaerere in studio & opera, & perseueranter &
188 2509 1754 2568 animose: ideo dicit, a iuuentute mea, non a senectute: quia de eo dicitur 3. Reg.
193 2562 1745 2621 11. Cum iam esset senex, deprauatum est cor eius per mulieres. Et Ecclesiast. 25
184 2618 1748 2669 Quae in iuuentuie tua non congregasti, quomodo inuenies ea in senectute tua:
191 2669 1744 2734 Est autem notabile exemplum ad cuiuslibet hominis praesumptionem rescinden
186 2729 1744 2787 dam, ne aliquis praetextu mundiciae suae iuuentutis superbiat, cum tam sanctum,
185 2772 1746 2835 tantum a DEO priuilegiatum, tanta sapientia dotatum recogitat, per mulieres fuisse
174 2842 1751 2885 in senio deprauatum. Quarto desiderauit sapientiam utiliter & fructuose. Et
188 2886 1749 2953 quantum ad hoc dicit: Quaesiuit mihi sponsam eam assumere. Sponsa enim natu
182 2944 1749 2998 raliter appetitur propter prolem: proles uero sapientiae est opus meritorium,
186 2998 1750 3055 Et ideo quicunque sapientia desiderat ad delectationem uel ostentationem seu in
