2371 3609
620 259 2181 309 debeat conditiones patris in libertate & seruitute. Et arguitur quod sic. Deno
634 315 2176 363 minatio debet fieri a digniori: ergo proles magis debet denominari a conditio
629 364 2192 417 ne patris quam matris. Consequentia patet: quia pater est principium nobilius in
619 421 2180 484 generatione, & dat formam: mater administrat materiam, 16. de animalibus: ergo,
626 458 2191 523 &c. Preterea 15. q. ult. Cum multae: dicitur quod si ex detestando conubio alicu
627 524 2181 578 ius constituti in sacris, cum ingenua fuerint filij procreati, illius Ecclesiae de cuius
626 582 2181 633 sacerdotis uel ministri ignominia nati sunt, erunt serui, iure perenni: ergo par
626 639 2185 690 tus non sequitur conditionem matris. Praeterea in Sacra scriptura non texitur ge
618 688 2197 750 nealogia per mulieres: sed per uiros. Sed per genealogiam maxime declaratur
624 737 2193 790 nobilitas humana: ergo nobilitas hominis magis attedi debet secundum patrem
672 794 2184 847 Ad oppositum extra de natis ex libero uentre cap. unico. Indecens esse cre
633 841 2184 904 dimus ut progeniti a libera ad seruitium retrahantur: ergo partus sequitur uen
625 908 2179 957 trem, quantum ad conditionem libertatis. Et consimili ratione quantum ad conditio
633 958 2184 1012 nem seruitutis. Ad quaestionem dicendum quod secundum iura ciuilia proles se
632 1013 2193 1062 quitur conditionem uentris in seruitutes & libertates. Vnde comuniter dicitur:
637 1053 2196 1117 Partus sequitur uentrem. Secundum tamen quaedam iura localia in quibusdam
644 1113 2184 1171 regnis, quae non reguntur iure imperiali, partus sequitur parentem deterioris com
638 1161 2192 1224 ditionis siue pater siue mater. Et si uterque sit seruilis conditionis, & sint diuersi
631 1222 2200 1279 domini, fit diuisio prolis secundum numerum uel secundum aestimationem, si
632 1286 2197 1338 est tantum una, uel si sint in numero inaequali. Et istud usitatur in quibusdam
634 1334 2197 1392 partibus Franciae. Sed generaliter secundum iura ciuilia partus sequitur uentrem
643 1386 2191 1447 Et hoc rationabiliter. Primo quia magis potest constare de matre quam de patre
635 1436 2190 1494 sicut dicit Arist. 8. Ethi. Et quia status libertatis debet esse certus, ab illo prin
630 1496 2193 1545 cipio, a quo magis & certius constat aliquem esse, rationabilius est eum denomi
633 1549 2184 1605 nari. Secundo quia ars imitatur naturam & sic uidemus in animalibus, quae ex di
626 1601 2185 1671 uersis speciebus nascuntur, quod partus assimilatur matri magis qua patri. Si
639 1654 2198 1708 cut patet de mulo, qui generatur ex equa & asino, & multo euidentius assimi
632 1710 2187 1761 latur equae, quam asino. Tertio quia seruitus et libertas sunt conditiones corporis
638 1761 2195 1810 Vnde Boët. 2. de consol. pros. 6. Quo uero quisquam ius aliquod in quem
639 1829 2185 1886 piam nisi in solum corpus & quod est infra corpus, fortunam loquor possit exer
632 1868 2195 1919 cere. Nunquid unquam libero imperabit animo: quasi dicat: Non: ex quo sub
642 1920 2188 1978 stantia corporis accipitur a matre, & seruitus & libertas circa corporis officia
632 1977 2191 2043 principaliter attenduntur, rationabile uidetur quod matrem sequatur. Et huic con
630 2028 2191 2098 cordat lex diuina & Iex canonica. Diuina quidem, Exod. 21 ubi dicitur quod si
632 2087 2185 2149 Dominus dederit uxorem alicui quem emerit, & ille postmodum egrediatur liber,
635 2136 2190 2191 filii debent postea remanere domino, qui dedit ei uxorem, & uxor similiter: quia
641 2193 2192 2246 si ludaeus emerat ludaeum, 7. anno egrediebatur liber secundum legem. Si tamen
637 2240 2185 2300 medio tempore dominus dedisset ei uxorem. Ipsa uero egrediente uiro ad liber
647 2305 2185 2365 tatem, remaneret domino cum prole sua tota: Lex enim canonica huic concordat,
632 2369 2196 2410 extra de natis ex libero uentre, sicut allegatum fuit. Quod autem dicunt doctores
638 2408 2185 2474 quidam que quia pater est principium actiuum & honorabilius, mater uero prin
631 2468 2196 2527 cipium passiuum & uilius, ideo proles in conditionibus actiuis, ut in honoribus,
638 2524 2193 2570 municipijs sequitur patrem, occupando illa quae solicitudine paterna acquiruntur.
633 2571 2196 2618 Vnde talia dicuntur patrimonium filij. In conditionibus uero passiuis ut in ser
638 2623 2195 2687 uitute & libertate sequitur matrem. Ista, inquam, ratio movet parum, imo uidetur a
634 2680 2203 2731 oere ad oppositum. Libertas namque non uidetur esse conditio passiua, sed actiua
635 2720 2200 2786 Dicitur enim liber qui sui gratia & suis actibus dominatur: & per consequens
641 2787 2191 2841 secundum istas sequi debent conditionem patris. Praeterea sicut filij succedunt in
625 2844 2188 2906 haereditate patrem: Ita succedunt in haereditate matrem. Vnde ratio illa non mouet,
629 2899 2200 2953 quam tamen ponunt sanctus Tho. Alex. & Petrus. Ad primam rationem dicendum
624 2951 2197 3001 que non semper fit denominatio a digniori, sed aliquando a uiliori: sicut homo de
639 3009 2196 3067 nominatur ab humo. Fit etiam denominatio a praedominanti, & euidentiori, &
633 3061 2194 3110 certiori sicut dictum est in positone. Ad secundum dicendum que illud statutum Eccle
