2371 3609
598 224 2166 298 fixus, & occisus fuit, Esa. 53. Ipse aut uulneratus est propter iniquitates nostras,
602 303 2176 350 attritus est propter scelera nostra. Disciplina pacis nostrae super eum, & liuore eius
598 347 2174 407 sanati sumus. Ergo & nos pro amore suo & pro peccatis nostris disciplinari debe
604 404 2172 463 mus. Ad Heb. 12. Fili mi noli negligere disciplinam Domini, neque fatigeris dum
601 455 2174 521 ab eo argueris. Dicit Macrob. li. suo de lapidibus ca.19. que si marits ponat magne
612 502 2176 569 tem sub capite uxoris dormientis, expiri poterit an sit adultera uel fidelis: quia si est
608 580 2176 621 adultera statim cadet de lecto, ac si manu hominis fuisset expulsa. Si uero fide
608 622 2180 676 lis sit marito, conuertet se ad maritum dormiendo, & ipsum amplexabitu. Dicit ergo
607 670 1597 728 sic: Nam qui scire cupit sua sit adultera coniunx,
726 718 1601 787 Suppositum capitidapidem stertentis adaptat.
736 790 1661 843 Mox quae casta manet perit amplexare maritum,
743 831 1655 891 Non tamen euigilans cadit omnis adultera lecto,
739 885 1569 949 Tanquam pulla manu subito fetore coacta.
740 937 1523 1006 Quem lapis emit tet celati criminis index.
619 989 2168 1049 Quanuis istud non sit leuibus & lasciuis indifferenter comunicandum uiris, tamen lite
612 1042 2174 1105 ratis & Ecclesiasticis dici potest. Moraliter anima humana coniunx DEI dicit,
611 1106 2169 1173 per fidem charitate informata, Oseae 2. Sponsabo te mihi in fide. Volens ergo Domi
613 1156 2163 1221 nus expiri an anima Christiana sit uera sponsa uel adultera, supponit magnetem que
617 1206 2167 1266 lapis est ferruginei coloris, & trahit ad se ferrum. i, magnam tribulationem, qua ferrei
622 1258 2184 1329 homines durae ceruicis domant, & trahuntur ad DEVM: & quid euenit: Certe fal
617 1324 2171 1376 sae coniuges cadunt de lecto charitatis per impatientiam & murmurationem contra
619 1368 2175 1428 DEVM. Deuotae uero & fideles sponlae CHRISTI conuertunt se ad DEVM, &
613 1421 2181 1483 sunt sub disciplina DEI per humiliationem, orationem, & deuotionem, dicentes illud
620 1478 2182 1537 Rom. 8. Quis nos separabit a charitate CHRISTI: Tribulatio, an angustia: an
622 1540 2175 1603 psecutio: &c. Et infra: Certa sum, quo neque mors, neque uita, neque creatura alia, pote
626 1595 2178 1655 rit nos separare a charitate DEI. Vnde Aug. in quadam serm. Nullus seruus CHRI
617 1646 2184 1714 STI sine tribulatione est. Si putas te non habere tribulationes, non cepisti esse
620 1697 2178 1762 Christianus. Supponit aut magnes iste disciplinae DEI sub capite sponsae CHRI
611 1750 2176 1805 STI dormientis, & qescentis: quia qu homo aliquin ad maiorem quietem & traquillio
617 1796 2175 1870 rem conuersationem se disponit, tunc DEVS sibi disciplinam tribulationis, & iniuriae, uel
619 1864 2175 1926 psecutionis imittit, lob. 33. Quando irruit sapor super homines, & dormiunt in le
622 1924 2176 1982 cto, tunc apit aures uirorum, & erudiens eos instruit disciplina. Greg. 26. Mora. Au
617 1969 2169 2039 rem cordis tribulatio apit, quam saepe prosperitas mundi claudit. Quae quidem discipli
620 2023 2174 2077 na est deuote sustinenda propter castigantis dilectionem. Secundo est etiam deuote re
627 2074 2182 2132 cipienda propter peccantis correctione, Psal. Disciplina tua correxit me in finem, di
619 2125 2179 2182 sciplina tua ipsa me docebit. Petrus Rauanens. in quadam Epist. Ideo te forsitan
632 2190 2179 2248 temporaliter punit DEVS, ut aeternae mortis ardores poena redimat temporalis. In
622 2245 2182 2303 aedificatione uero templi oes lapides prius malleis tundebantur ne in eorum positi
633 2292 2182 2345 one sonus mallei audiret, nec securis: Nec in horreo Domini ponit granum, do
629 2342 2183 2410 nec flagellis, aut triturantium pedibus sit excussum. Sic & uiui lapides, qui ponendi
629 2398 2181 2450 sunt in illa coelesti Hierusalem, qui aedificatur uarijs infortuitorum concussionibus po
626 2446 2190 2505 liunt antequam in aedificio coelestis habitaculi collocentur. Haec Petrus Raua. Et
625 2502 2177 2571 ideo ad correctionem & comodum nostrum ordinatur, quicquid nobis de ista disci
624 2565 2182 2625 plina pstatur. Ad Heb. 12. Omnis disciplina in praesenti non uidetur esse gaudij,
627 2610 2181 2667 sed moeroris: postea aut fructum pacacissimum exercitatis reddet. Vnde Greg. Id
626 2665 2178 2719 eo Dominus hic quibusdam parcit, ut eos in perpetuum feriat. Ideo aut hic ferit non par
633 2728 2187 2792 cendo, ut in aeternum parcat. Haec Greg. Et sicut pater uerberans filium cum uirga, fa
637 2775 2193 2843 cit puerum uerberatum cessare a fletu, & ipsam uirgam osculari, cum qua est benem
628 2833 2194 2883 disciplinatus: ita uult DEVS de nobis. Virga quao DEVS electos uerberat est
621 2884 2181 2949 aliquis malus homo, astutus, truculentus, & iniustus, Excech. 7. Floruit uirga,
626 2951 2186 3003 germinauit superbia: iniquitas surrexit in uirga impietatis. Et tamen non uult
620 2992 2182 3044 DEVS que ploremus per nimiam desolationem: imo etiam uult DEVS queo uirgam no
626 3042 2188 3102 stram osculemur & amemus, Matth. 5. Diligite inimicos uestros: benefacite
