2371 3609
185 234 1765 291 & excruciant optantibus data sunt. In hoc ergo dij excusantur secundum
187 303 1763 359 eum, quod licet dent eis ea, quae eis non prosunt, dant tamen qualia appe
181 347 1755 404 tunt. Sed certe uerae diuitiae quas sapientia dat hominibus, sunt uirtutes, &
175 395 1753 450 bonae operationes, quas signanter uocat Propheta diuitias salutis. Esa. 33. Di
179 449 1777 504 uitiae salutis sapientia & scientia. Prover.10. Benedictio Domini diuites facit.
184 508 1750 559 Secunda praerogatiua, & quarta in uniuerso ipsius sapientiae est, quod ipsa ha
188 563 1752 616 bet experientiam in artificijs. Et quantum ad hoc dicit: Si autem sensus opera
192 617 1764 669 tur, &c. id est, ars quae est circa sensibilia, & experimenta comendetur ab aliquo
188 671 1778 724 Sapientia increata quae est CHRISTVS artificio praecellit omnia: quia omnia
184 730 1766 800 creauit de nihilo. Sapientia etiam humana large loquendo prudentiam & ar
190 778 1618 835 tem comprehendit: & per consequens nihil est magis artifex quam illa
235 836 1766 885 S: (inquit) diuitiae appetantur. Notandum quod tria sunt genera diuitiarum.
191 887 1761 942 Temporales & periculosae, spiritales & uirtuosae, aeternales & gloriosae. Primae
189 941 1762 995 sunt rationabiliter parui pendendae: Secundae sunt laudabiliter exercendae: Ter
190 1008 1776 1063 tiae sunt ineffabiliter appetendae. Primae diuitiae sunt periculosae: quia repellunt
184 1046 1768 1104 ueritatem a cognitione, securitatem ab aestimatione, & uanitatem ab affectio
194 1110 1762 1171 ne. Primo repellunt ueritatem a cognitione. Diuites enim nec habere possunt
192 1166 1763 1219 ueram cognitionem DEI, nec sui, nec proximi. Non DEI: quia Matt. 13. Fal
193 1214 1765 1280 lacia diuitiarum fuffocat uerbum DEI, & sine fructu efficit. In cuius figuram
193 1273 1761 1331 diuitibus regibus, angelus apparuit in somnis: & pauperibus pastoribus in
191 1327 1763 1392 perfecta uigilia se ostendit. In signum quod pauperes clariorem de DEO noti
204 1383 1764 1437 tiam consequantur quam diuites. Vnde Luc. 19. dicitur quod Zacheus fuit
199 1428 1758 1499 princeps publicanorum & diues, & tamen statura pusillus erat, & non pote
201 1496 1774 1550 tat prae turba uidere IESVM, donec in arborem ascendisset. Sic diuitijs con
203 1536 1767 1593 stipati & familijs sunt parui in statura uirtutum, & comprimuntur solicitudi
187 1593 1777 1651 nibus, & pressuris negociorum, & officiorum, quod non uacat eis cogitare de
196 1653 1766 1712 IESU nisi ualde raro: id est, si forte semel in anno, in quadragesima, uel circa pa
192 1710 1764 1762 scha arborem ascendant poenitentiae & contemplationis deuotae, ut inuitent
203 1751 1767 1812 illum in domum suam. Et ideo diuitiae sunt pulueres excaecantes oculos spiri
198 1805 1763 1868 tales. Vnde dicitur Apocal. 3. Dicit quia diues sum, & locupletatus, & nullius
204 1868 1765 1925 egeo: & nescis quia miser es, & miserabilis, & pauper, & caecus, & nudus. Item
199 1929 1771 1981 nec habent ueram cognitionem sui, propter duo impedimenta. Primo propter
206 1965 1777 2029 uera dicentium raritatem, & secundo propter adulationis falsae multiplicitatem. De
211 2031 1768 2098 primo dicit Seneca: Monstrabo tibi quid omnia possidentibus desit, s. qui ue
207 2089 1773 2144 rum dicat. De secundo patet. Tot sunt adulatores diuitum, de familijs, de uici
206 2142 1772 2199 nis, de amicis, de extraneis, quod proprios defectus non possunt aduertere.
201 2181 1776 2247 Eccl. 13. Diuiti decepto multi recuperatores, locutus est superbe, & iustificaue
214 2237 1771 2302 runt illum. Et infra, diues locutus est, & omnes tacuerunt, & uerbum illius us
214 2301 1776 2369 que ad nubes perducent. Tertio nec habent ueram notitiam de proximo: quia
202 2348 1788 2412 nesciunt qui sunt eorum amici, & qui hostes. Vnde Seneca de remedijs fortui
217 2413 1779 2466 torum. Iste quem tu dominum existimas, pecuniae loculus est, multum habet.
211 2453 1775 2523 Ignoras utrum auarus uel prodigus sit: si prodigus non habebit, si auarus, non
207 2515 1771 2579 habet. Istum quem tu felicem admiratus credis, saepe dolet, saepe suspirat: mul
205 2578 1779 2632 ti illum comitantur. Mel muscae sequuntur, lupi cadauera, frumenta formicae,
213 2627 1781 2696 praedam sequitur turba ista, non hominem. Et ideo bene deducit Boët. 2. de
210 2673 1775 2734 Consol. prosas. quod aduersa fortuna plus hominibus prodest, quam prospe
215 2741 1777 2793 ta. Illa enim semper spem felicitatis cum uidetur blanda mentitur: haec semper ue
217 2792 1773 2852 ra est, cum se instabilem mutatione demonstrat. Illa fallit, haec instruit: illa menda
220 2843 1776 2907 cio spem bonorum mentes fruentium ligat, haec cognitione fragilis felicitatis
216 2909 1792 2960 absoluit. Itaqe uideas illam uentosam fluentem, suique semper ignaram: hanc so
219 2946 1786 3012 briam succinctamque, & ipsius aduersitatis exercitatione prudentem. Sic ergo
212 2997 1788 3060 diuitiae repellunt ueritatem a cognitione. Secundo repellunt securitatem ab
222 3067 1794 3122 aestimatione. Diuites enim semper sunt in timore perdendi terras, pecuniam
