2371 3609
615 257 2178 319 tentus ab inferiori: sicut frenefactiua intendit bonitatem ad hoc, quod homo
619 315 2184 368 bene equitet, & bene equitare ordinatur ad bonam militiam. Et ideo ars mili
619 360 2195 423 taris habet praecipere tam equestri quam frenefactiuae: & multis alijs subser
621 424 2186 481 uientibus arti militari. Eodem modo est in uirtutibus moralibus: una praecipit
620 469 2191 529 alteri, puta superior inferiori. Verbi gratia: In passionibus concupiscibilibus de
619 532 2196 590 lectationes secundum tactum sunt difficiliores ad regendum: & ideo indigemus
618 592 2191 645 una uirtute, qua rationabiliter regamur in huiusmodi delectationibus gene
624 647 2189 698 raliter, & ista uocatur temperantia. Sub ista sunt aliae uirtutes circa materias spe
631 699 2186 754 ciales delectabilium. Est enim delectatio secundum tactum multiplex: alia circa
619 764 2192 814 gustum, alia circa uenerea, alia circa ludos. In delectationibus circa gustum in
626 807 2193 856 digemus uirtutem quae potest uocari sobrietas. In delectationibus uenereorum
626 848 2193 910 indigent coniugati (quibus solis uenereis licet uti)una uirtute, quae uocat com
621 906 2194 963 tinentia uel castitas: In delectationibus quae siunt circa ludos indigemus uir
624 972 2183 1026 tute seruante medium inter superabundantiam & defectum, quae uocatur * Eu
619 1011 2194 1069 trapelia: sicut docet Aristot. 4. Ethi. Modo quia omnes istae uirtutes sunt circa
614 1068 2191 1133 materiam magis particularem, quam temperantia: quia temperantia habet fieri
618 1134 2195 1203 circa delectationes secundum tactum generaliter subintelligendo, gustum sub
625 1187 2184 1242 tactu: quia gustus est quidam tactus sicut dicitur 2. de Anima. ideo temperantia
625 1240 2187 1296 uocatur temperantia generalis, & Eutrapelia est species temperantiae. Et simi
626 1288 2193 1341 liter castitas coniugalis, & sobrietas in cibo & potu sunt species temperantiae.
621 1340 2196 1396 Et quia superior uirtus praecipit inferiori, ideo temperantia uocatur principalis
622 1397 2183 1449 respectu eutrapeliae uel sobrietatis. Quia uero sic quasi omnis materia moralis
624 1447 2193 1504 reducitur ad quatuor, uidelicet ad passiones concupiscibiles, ad passiones ira
618 1500 2189 1557 scibiles, ad electionem rationis, & ad operationem circa res uictui necessarias:
626 1555 2195 1611 ideo si in istis quatuor bene regulemur, perfecte erimus uirtuosi. Et ideo secum
625 1610 2194 1665 dum istas quatuor uirtutes, dicuntur quatuor principales siue cardinales. Nam
627 1665 2194 1718 temperantia facit tenere medium secundum rectam rationem circa passiones concupi
625 1722 2178 1775 scibiles: Fortitudo circa passiones irascibiles: Prudentia circa electiones in o
619 1774 2190 1840 perabilibus: Et iusticia circa comunicationem in rebus exterioribus. Dicuntur
632 1840 2199 1896 aut istae uirtutes metaphorice cardinales. Cardo enim secundum Papiam & Hu
626 1882 2191 1950 gonem est pars ostij, quae uertitur in quodam foramine ligneo uel lapideo, per quod
623 1937 2194 1992 ostium uertitur, quando claudit, & aperitur. Et aliquando uocatur cardo ipsum fo
627 1987 2194 2047 ramen. Et dicit arcardian Graece, quod est cor Latine. Quia sicut cor hominis
624 2044 2187 2099 regit corpus in motu: ita lignum illud regit & movet ianuam. Quia ergo operatio
627 2100 2190 2155 nes humanae reguntur determinate ab istis uirtutibus secundum rectam rationem, sicut
620 2160 2191 2220 ianua per suum cardinem: Vnde ab antiquis cardinales eas placuit appellari, uel for
620 2208 2189 2260 te melius dicuntur cardinales: quia cardialos: id est, cardiales acardian Grae
626 2265 2187 2326 ce, quod est cor Latine. Et dicuntur cardiales ad differentiam uirtutum corporalium,
621 2319 2196 2373 sicut sunt robur & agilitas corporis: Istae uere sunt in corde: id est, in anima, &
625 2369 2196 2425 ideo forsitan cardinales uel cardiales primitus dicebantur. Ex his patet quare
630 2423 2193 2476 sunt quatuor uirtutes principales, & quare dicuntur cardinales. Est autem ul
620 2483 2197 2530 terius advertendum quod istae quatuor uirtutes secundum Plotinum & Ma
623 2547 2185 2598 crobium super librum primum de somno Scipionis, quadrupliciter uarian
621 2595 2196 2648 tur. Sunt enim uirtutes exemplares, uirtutes purgati animi, uirtutes purgatoriae.
626 2641 2183 2698 & uirtutes politicae. Istae uirtutes secundum quod in DEO, quodammo
636 2694 2195 2754 do uocantur exemplares: ut dicatur iusticia DEI, obseruatio legis aeternae in
623 2752 2204 2808 administratione: Fortitudo potentia gubernandi: Temperantia conformitas
617 2801 2196 2857 uoluntatis suae ad rectam rationem: Prudentia sapientia DEI infinita. Sic er
622 2864 2205 2920 go istae uirtutes secundum quod in DEO ponuntur, uocantur exempla
615 2910 2202 2971 res uirtutes: quia diuinae uirtutes exemplares debent esse humanae uirtutis.
627 2968 2194 3021 DEVM enim, sicut summam regulam bonitatis, imitari debemus. Conside
630 3020 2199 3075 rando istas uirtutes prout ab hominibus haberi possunt, sic differunt secundum gra
626 3083 2208 3138 da perfectionis & imperfectionis. Inueniunt in bonis, in melioribus, in optimis
