2371 3609
164 248 1743 301 In bonis uocantur Politicae: id est, ciuiles: quia secundum eas homo aptus effi
168 308 1737 360 citur ad bene uiuendum in comuni ciuilitate: In melioribus & perfectioribus
164 373 1735 424 qui transcendunt primos, & tendunt quod Ammon ad diuinam similitudinem, ut
162 415 1735 465 imitentur & effigient uirtutes exemplares in DEO: uocantur istae uirtutes purga
156 475 1737 517 toriae: quia purgant a uitijs passionum: ita quod istae uirtutes sunt in hominibus, qui ha
158 521 1741 574 bent frequentiam passionum, & tamen eis dominant uirtuose: & ideo dicunt in eis
166 579 1731 643 purgatoriae. Sed in hominibus perfectissimis, qui totaliter diuinis adhaerent, di
172 637 1737 682 cunt istae uirtutes esse uirtutes purgati animi: in quibus prudentia sola diuina in
170 686 1731 738 tuetur. Temperantia terrenas cupiditates nescit: Fortitudo passiones ignorat: Iu
160 739 1725 802 sticia cum diuina lege ppetuo foedere sociatur: & sic sunt in ualde bonis. i. beatis,
170 793 1741 846 uel forte in quibusdam paucis electissimis in hac uita. Et specialiter fuerunt in
160 848 1737 899 CHRISTI humanitate & uirgine gloriosa. His uisis patet litera quod sapientia do
163 901 1726 954 cet sobrietatem. e. temperantiam, 1. Petri 5. Sobrij estote & uigilate, &c. Docet e
158 967 1729 1022 nim prudentiam, Matth. 11. Estote prudentes sicut serpentes, & simplices sicut
163 1024 1729 1079 columpae. Docet enim iusticiam & virtutem: id est, foctitudinem quibus vtilius
163 1065 1738 1119 nihil est in vita hominibus. Sed contra hoc uidetur quod uirtutes Theologicae
166 1117 1743 1174 sunt meliores ad promerendum uitam: quia sine fide impossibile est placere
160 1165 1731 1225 DEO. Ad Hebr. 12. Et si homo charitatem non habeat nihil est, 1. Corinth. 3.
157 1227 1740 1284 Dicendum est quod sub istis quatuor comprehenduntur uirtutes Theologicae,
166 1283 1745 1344 scilicet fides sub prudentia, spes sub fortitudine, charitas sub iusticia: & sic uerum
164 1336 1129 1388 est quod istis nihil est utilius in uita hominibus.
222 1386 1748 1442 Hic potest breuiter dubitari: An uirtutes morales sint conexae sic, quod nul
171 1443 1750 1498 lus possit habere unam nisi omnes habeat. Et uidetur quod non: quia August.
177 1494 1744 1553 dicit ad Hieron. in quadam Epistola in qua dicitur: Non est diuina sententia
173 1567 1746 1614 qua dicitur, qui habet unam, habet omnes: sed omnis uera sententia est diuina:
175 1604 1737 1671 quia secundum Ambros. omne uerum a quocunque dicatur a Spiritu sancto est: Er
173 1671 1746 1732 go non est uera sententia. Praeterea uirtutes morales generantur ex exercitio
169 1726 1736 1774 actuum uirtutum: sicut patet 2. Ethic. sed contingit aliquem se exercere in actibus
171 1776 1761 1839 unius uirtutis, & non in actibus alterius. Sicut aliquis potest se dare actibus li
167 1825 1749 1878 beralitatis, licet non det se actibus continentiae sicut patet: Ergo talis acquirit
171 1883 1023 1932 liberalitatem, & tamen non est continens
227 1936 1755 1999 Ad oppositum est philosophus, 6. Eth. duob. ultimiu ca. ubi probat que fiullus:
179 1988 1746 2055 potest habere prudentiam, nisi habeat omnes uirtutes morales. Nec potest quis ha
175 2043 1752 2108 bere uirtutes morales, nisi habeat prudentiam. Ad quaestionem dicendum: quod uirtus.
178 2093 1743 2158 moralis potest accipi dupliciter, perfecta & imperfecta. Virtus moralis impfe
175 2158 1746 2221 cta potest haberi etiamsi alia non habeatur. Perfecta autem non potest. Virtus
182 2203 1749 2259 imperfecta uocatur inclinatio naturalis ad uirtutem: Sicut aliqui naturaliter in
175 2259 1756 2320 clinantur ad castitatem, aliqui ad liberalitatem: Perfecta uero uirtus est habitus
187 2320 1749 2377 inclinans ad opus bonum bene agendum. Huius conexionis ratio apud Aristote
175 2362 1746 2422 lem talis: quod nullus potest esse prudens nisi sit uirtuosus. Virtus enim mora
181 2415 1751 2476 liter facit eligere bene ea, quae sunt ad finem, & bene iudicare de fine. Sic per op
185 2465 1758 2545 positum malicia facit male sentire de fine: unicuique enim bonum apparet illud, ad
184 2528 1759 2585 quod dicitur amicus: & ideo si non habeat rectam aestimationem de fine nunquam
181 2589 1747 2644 bene eligit media, quod est opus prudentiae. Et corruptus habitus per uitiosos
180 2629 1761 2693 actus habet falsam aestimationem de fine, & per consequens erronee eliget. Et
188 2683 1752 2750 ideo prudentia quae est recta electio uel recta ratio agibilium, non est in tali. Quod
193 2734 1758 2805 autem uirtus moralis non possit esse sine prudentia: sic ostenditur: Inclinatio in
194 2794 1757 2860 actum uirtutis est ab habitu uirtutis: modo sicut inclinatio corporis si est nimia
197 2852 1758 2918 & non fit secundum rectam rationem corporis, impingit in aliud & laeditur: ita
193 2898 1764 2968 inelinatio uirtutis si est nimia, non fit secundum rectam rationem. Et ideo ad
192 2962 1754 3021 hoc quod operatio sit uirtuosa, requiritur non solum habitus inclinans, sed pru
202 3003 1754 3082 dentia dirigens & moderans operationem. Et ideo uita moralis non potest esse
195 3061 1763 3130 sine prudentia. Ad primum dicendum quod intentio August. est quod illa sen
