2371 3609
157 243 1745 306 subiungit. Porro unum est necessarium. Ecce quod contemplatiua est de neces
171 290 1743 350 sario. Vnde sequitur: Maria optimam partem elegit quae non auferetur ab ea.
171 343 1747 404 Istud argumentum tetigit Propheta, quando dicit Abacuc 2. Contemplabor
163 399 1490 455 ut uideam quid dicatur mihi, & quid respondeam ad arguentem.
226 454 1735 512 Tertium argumentum faciet CHRISTVS in finalis iudicij declaratione.
160 511 1750 565 Conclusio erit ista: Nullus malus finaliter erit beatus. Et concludetur per istam
162 566 1744 620 regulam: Si affirmatio est causa affirmationis, & negatio erit causa negationis
168 616 1738 670 Sicut enim dicitur Matth. 25. CHRISTVS in iudicio sic arguet, quo ad bo
158 676 1738 730 nos: Esuriui & dedistis mihi manducare: Sitiui & dedistis mihi bibere: Hospes
172 729 1744 789 eram, & collegistis me: & sic de alijs. Et certe ex istis affirmationibus sequitur
162 781 1738 834 ista conclusio affirmatiua: Venite benedicti Patris mei, &c. Et quia istae affir
166 837 1743 889 mationes sunt causae praecisae praedictae affirmationis: Ideo oppositae negatio
154 893 1738 945 nes erunt causae oppositae negationis: Vnde statim subiunget contra malos
162 940 1732 999 sic: Esuriui & non dedistis mihi manducare. Siti. & non dm. b. Hospes eram.
163 998 1749 1054 &c. Ergo concludet: Discedite a me maledicti in ignem aeternum, qui, &c. Et
164 1054 1750 1108 isto terribili argumento loquitur Propheta Esa. 2. iudicabit gentes, & arguet
164 1110 1730 1174 populos multos. Et ipsemet CHRISTVS Excech. 25. Faciam in eis ultiones ma
157 1162 1757 1228 gnas, arguens in furore. Et ideo dicit Psalm. Domine ne in furore tuo arguas
167 1220 828 1284 me, neque in ira tua corripias me
411 1761 1742 1816 EC est secunda pars principalis huius Capitis, in qua Salomon
415 1826 1743 1878 prosequitur parabolicam fictionem de nuptijs contrahendis cum
410 1869 1741 1918 sapientia sponsa sua. Postquam ostendit ipsam puellam fore ama
422 1923 1742 1976 bilem & gratiosam: hic ostendit dotem cum ea recipiendam fore
404 1976 1734 2030 ualde desiderabilem & preciosam. Hoc enim est unum quod a uiris
166 2039 1758 2091 xnubentibus praecipue ponderatur. Et circa istud tria facit. Primo enim circa,
155 2087 1759 2142 istas spiritales nuptias enarrat suae intentionis uoluntatem: Secundo suae in
163 2152 1737 2196 tentionis utilitatem: Tertio suae intentionis operositatem. Multi enim habent
158 2198 1741 2249 bonam intentionem, sed non sunt operosi ad producendum eum ad effectum:
163 2250 1745 2304 sed segnes potius & desidiosi. Secunda pars ibi: sciens quoniam mecum comu
164 2305 1057 2356 nicabit: & tertium ibi: hec cogitans apud me
223 2358 1746 2413 Quantum ad primum concludit ex praecedentibus: ita dicens, quod sapien
163 2412 1744 2469 tia est amabilis & gratiosa propter septem praerogatiuas de ea expositas. pro
160 2476 1737 2538 posuit ergo hanc adducere mihi ad conuiuendum: nec mirum: Nihil est enim tam
153 2519 1739 2590 proprium amicorum, sicut conuenire secundum Arist. 8. Ethicorum: & si in om
152 2573 1738 2642 ni specie amicitiae hoc est uerum, maxime tamen in illa amicitia, quae est uel esse
156 2634 1728 2696 debet inter uirum & uxorem, qui adinuicem ex ipso iure matrimonij cohabi
165 2679 1730 2740 tare tenentur. Alia litera habet ad conuiuandum. Vnde Gloss. istam exponens
163 2736 1737 2801 de sapientia increata, dicit sic: Populus DEI communionem sapientiae: id est,
157 2788 1732 2843 CHRISTI se habere gaudet: & in amplexu eius delectatur, qui ait: Si quis mi
166 2841 1738 2908 hi aperuerit, intrabo ad illum, & coenabo cum illo, & ille mecum, Apoc. 3. Est
171 2897 1728 2958 ergo sensus si exponatur de sapientia creata, quae est donum: proposui hanc ad
165 2958 1744 3011 ducere mihi ad conuiuandum: quasi diceret, ut faciam ei conuiuium, ut inuicem
169 3004 1741 3067 epulemur. Solent enim & in nuptijs sponsus & sponsa inuicen epulari, Matth.
167 3075 1745 3129 22. Ecce prandium meum paraui. Tauri mei & altilia occisa, & omnia parata
