2371 3609
158 230 1720 267 vertendum, quod sunt conuiuia quatuor, ad quorum tria homo curialiter in
160 283 1725 345 uitatur, & quartum a DEO spiritualiter ab homine uendicatur. Inuitant enim
169 326 1716 393 homines ad conuiuium Diabolus, mundus, & DEVS. Diabolus tria propo
162 392 1713 452 nit fercula, perdices iniusticiae, uenationes iracundiae, & pauones superbiae, 2
155 431 1697 505 Reg. 13. Fecit Absolon conuiuium quasi conuiuium regis. Absolon interpre
162 498 1710 573 tatur patris mei amaricatio, & figurat Diabolum, qui quantum in eo est, pa
151 553 1707 615 trem suum amaricare nititur per peccatum. Iste facit conuiuium quasi conui
154 604 1718 682 uium regis propter nobilitatem ferculorum, & societatem inuitatorum, lob. 41
156 649 1725 723 Ipse est rex super uniuersos filios superbiae. Sed ad istud conuiuium non debet
162 706 1719 771 homo accedere: quia non sit causa affectionis, sed causa perditionis. Vnde Ab
159 758 1723 829 solon illud grande conuiuium fecit, ut in eo posset occidere Amon fratrem suum:
159 811 1720 895 Sic Diabolus ad conuiuium nos inuitat, ut per peccatum intoxicatos occidat,
160 882 1718 952 qui fratres sumus quodammodo angelorum. In cuius figura, lob. 1. filij lob
158 935 1723 1000 dum conuiuarentur in domo fratris sui primogeniti, repente uentus uehemens
158 978 1715 1048 irruit a regione deserti & concussis angulis domus, omnes oppressit: iste dat
161 1042 1738 1095 perdices iniusticiae. Perdix secundum naturales, quando qua propria perdit,
151 1093 1719 1154 furatur aliena oua, ut ouorum suorum numerum restauret: Ita mali domini cum
155 1138 1732 1220 bona sua perdiderunt per inutiles consumptiones, bona pauiperum auferunt per
152 1197 1719 1260 iniustas extorsiones. Et ideo Diabolus in primo suo ferculo perdices apponit
159 1246 1710 1311 fraudulentiae: quia omnes quos pascit docet dolos iniusticiae. Docet etiam ue
146 1318 1723 1360 nationes iracundiae. Vult enim queo frater fratrem suum uenet in mortem, sicut in illo com
154 1365 1737 1433 uiuio patuit, Mich. 7. Vir fratrem suum uenabitur usque ad mortem. Dat etiam Pauo
152 1424 1715 1477 nes superbiae. Sicut enim refert Aug. 21 de Ciu. DEI, ca. 2. Caro pauonis bene
155 1479 1716 1524 cocta, iterum deuenit cruda: sicut ipse est expertus post anni spacium iam transa
156 1525 1723 1576 ctum. Sic moraliter superbia quantumcunque uincatur semper recrudescit & re
161 1586 1719 1651 crescit: quia de bonis operibus nascitur. Vnde Aug. de natura & gratia: Caete
149 1640 1562 1689 ra uitia in malefactis ualent, superbia etiam in rectis factis est cauenda
203 1679 1737 1757 Secundum conuiuium facit mundus, & apponit tria fercula: delicias, diui
155 1746 1738 1807 tias, & honores. Et istud conuiuium est periculosum: quia deliciae infectae sunt
155 1800 1720 1852 ueneno mortifero: quia uenenum aspidum insanabile admiscetur cum delicijs:
148 1857 1715 1908 quod uenenum moraliter reddit homines obaudientes, & induratos ad uocen
150 1903 1715 1954 incantantis sapienter: id est, praedicantis uerbum DEI. Diuitiae non sunt ani
149 1967 1717 2025 mae sanus cibus. Vnde conuiuium mundi non ualet. Si aliquis sciret conuiuium
158 2020 1716 2081 procuratum, uel promissum de talibus cibarijs, quae comesta homo reijceret sta
152 2069 1713 2116 tim in exitu suo a conuiuio, nullo modo ibi quicquam gustaret. Tale est conui
152 2127 1725 2173 uium mundi, quantum ad secundum ferculum, lob. 20. Diuitias quas deuorauit euo
154 2180 1706 2229 met, & de uentre illius extrahet illas DEVS. Ferculum uero honoris est inflatiuum
153 2232 1716 2285 quod dirumpit comedentes per superbiam, & uanam gloriam seu inanem, & iactan
154 2286 1715 2341 tiam sermonum. Vnde dicit ille pomposus Heli. Iob. 32. Plenus sum sermonibus,
151 2332 1720 2400 & coarctat me spiritus uteri mei. Venter meus quasi mustum absque spiraculo,
152 2391 1711 2445 quod lagunculas nouas dirumpit. Et ideo de isto conuiuio bene dicit Eccl. 7.
156 2439 1362 2499 Melius est ire ad domum luctus, quam ad domum conuiuij.
207 2494 1739 2552 Tertium conuiuium facit CHRISTVS de seipso, in quo sunt tria fercula &
151 2554 1738 2610 delicata, scilicet: Caro mundissima, anima sancta, & deitas infinita, Hester. 1 d
157 2602 1728 2657 Assuerus fecit grande conuiuium cunctis principibus, & pueris suis, &c. Hoc
156 2668 1723 2715 conuiuium uocatur coena magna, Luc. 14. Homo quidam fecit coenam magnam,
146 2711 554 2764 & uocauit multos.
198 2768 1711 2833 Sed quartum conuiuium exigit DEVS ab homine. Sicut enim dicit Greg.
153 2822 1716 2883 31. Mora. DEI refectio est conuersio peccatorum. Tria fercula sunt, contritio,
155 2876 1726 2927 confessio, & satisfactio. Vnde de Matthaeo publicano dicitur, Luc. 5. Fecit
163 2929 1721 2980 conuiuium magnum Leui in domo sua. Vel tria fercula in conuiuio Christia
155 2990 1726 3050 ni, quibus CHRISTVS pascitur sunt contritio peccatorum. In quo debet esse
153 3044 1710 3104 mortificatio carnis, Tob. 7. praecepit Raguel. arietem occidi, & parari conui
