2371 3609
140 262 1735 314 Et ideo dolorem hominis merito plangentis consumptionem suae iuuentutis
152 318 1728 373 in ociositate & insolentia, describit Salomon Proverb. 5. Cur detestatus sum
158 373 1722 426 disciplinam, & increpationibus non adquieuit cor meum: nec audiui uoces
162 422 1742 476 docentium me, & magistris non inclinauit aurem meam: Et merito plangere
152 479 922 547 potest talis, quoniam metrice dicitur:
286 534 1177 597 Damna sieo rerum, sed plus sleo damna dierum,
320 588 1106 658 uisque potest rebus succurrere, nemo diebus.
153 632 1727 698 Tertium est solicitudo continentiae: quia continentes esse non potuerunt sine sum
159 697 1723 749 ma custodia, & solicitudine uitae suae propter carnis impugnationes. In Psal. Sae
152 751 1751 818 pe expugnauerunt me a iuuentute mea. Et ideo bene petijt Psal. Delicta iuuentu
163 807 1734 857 tis. Tria sunt eis praedicenda: uidelicet debilitas corporalis uirtutis, labilitas tem
164 869 1734 913 poralis iuuentutis, & deformitas hyemalis senectutis. Solent enim iuuenes de
157 913 1724 968 fortitudine sua gloriari nimis, non aduertentes illud Esa. 40. Iuuenes in infir
165 975 1737 1023 mitate cadent. Item praedicenda est eis labilitas temporalis iuuentutis: quia
152 1026 1734 1080 forma corporis quantumcunque magna cito transit. Vnde Ouidius 2. de arte
157 1077 375 1134 Amandi:
290 1132 1305 1184 Forma bonum fragile est, quantum accedit ad annos:
338 1181 1031 1255 Fit minor & spacio carpitur ipsa suo
283 1241 1101 1295 Naec violae semper nec lilia canuida florent.
333 1290 963 1368 Et riget amissa spina relicta rosa.
291 1356 1052 1419 Et tibi iam venient cani formose capilli.
347 1412 1099 1474 lam venient ruge quae tibi corpus arent.
156 1451 911 1529 Et Virgilius in Bucolicis Egloga 2
290 1519 1050 1571 O formose puer nimium ne crede colori,
296 1583 1182 1636 Alba licustra cadent vacinia nigra leguntur.
163 1611 1737 1668 Vacinia apud Virg. aliquando sunt parui fructus nigri Anglici in austro, in bo
152 1677 1736 1730 rea bilberies: in Gallico plebes: & sic loquitur hic. Aliquando uacinia sunt flo
158 1738 1734 1801 res qui uocantur primulae ueris: & sic loquitur Virg. in eadem Egloga dicens:
290 1787 1026 1854 Mollia lut eola pingit vacinia caltha
163 1841 1741 1888 Tertio praedicenda est iuuenibus deformitas hyemalis senectutis, de qua ibi
164 1896 1045 1949 dem Ouid. lib. 3. de arte Amandi ita scribit:
301 1953 1101 2014 Venture memores iam nunc estote senecta, &
346 2000 1065 2076 Sic nullum tempus vobis abibit iners.
293 2059 1076 2129 Vtendum est atate citopede labitur atas.
347 2115 1228 2178 Nec bona tam sequitur, quam bona prima fuit.
304 2169 1206 2234 Quam cito me miserum laxantur corpora rugis,
344 2224 1035 2292 Et perit in nitido qui fuit ore color.
157 2283 1735 2328 Et ideo signanter dicitur Eccles. 12. Memento creatoris tui in diebus iuuentu
172 2330 1746 2387 tis tuae, antequam ueniat tempus afflictionis, & appropinquant anni, de qui
165 2388 752 2456 bus dicas, non mihi placent.
433 2804 1743 2862 NVMERATIS quinque dotibus, uel quinque dotis parti
423 2857 1750 2915 bus, quas Spiritus sanctus sponte largitur cuilibet virtuoso: In
433 2919 1751 2969 hac parte sexta subiungitur, quae est maxima, uidelicet immortalis
427 2986 1751 3033 perpetuitas bonae uitae, quae solis sapientibus: id est, DEVM co
432 3031 1752 3086 lentibus est promissa. Et quia ista immortalitas potest dupli
170 3096 1751 3142 citer percipi: uidelicet, realiter, uel singulariter, in aeterna gloria, & tempora
