2371 3609
624 224 2223 285 liter in hominum memoria. Ideo de utroque sufficienter subiungens, dicit sic: Prate
621 294 2223 348 rea habebo per hanc immortalitatem, uerem uidelicet & tealiter: qia Sap. 1. Iusticia perpe
633 349 2205 405 tua est imortalis. De ista imortalitate loquit beatus Aug. 13. de Ciui. DEI. ca
632 399 2212 448 20. ubi dicit sic: Cum beati omns esse uolunt, profecto esse & immortales uolunt. Ali
625 456 2215 502 ter enim beati esse non possent: hoc probat Aug. sic, de immortalitate interro
639 500 2217 573 ganti: sicut de beatitudine omnes eam se uelle. Respondet similiter. Quomo
641 559 2217 618 do possunt beatem uiuere, nisi uiuerent: Cum ergo omnes appetunt beate uiuere, &
633 614 2211 664 beate uiuere non possent nisi immortaliter uiuant: constat omns appetere immorta
639 663 2221 718 litatem. Et cum naturalis appetitus non sit frustra: constat que immortalitas est homini
631 718 2213 787 possibilis, licet eam habere non ualeat a seipso. Sed quia per sapientiam eam habere po
636 776 2214 838 terimus, hoc est, per DEI cultum sincerum, quae a bona uoluntate dependet. Ideo di
634 842 2218 893 cit Salo. praeterea habebo. i. praeter emolimenta superius enumerata habebo per
640 878 2219 936 hanc immortalitatem, s. per sapientiam. In huius figuram apud poëtas, dea sapientiae dice
631 933 2211 991 batur Minerua. i. non * mortalis: Min, idem quid non, erua mortalis interpretat. Inde
640 991 2217 1042 Minerua quasi immortalis. Ista dea pingebatur quasi uirgo decora, triplicem ha
646 1045 2218 1100 bens uestem, & in pectore caput Gorgonis portabat depictum, sicut dicit Alexan
637 1101 2207 1154 der Nequam in scintillario poetarum, capitulo de Pallade: dicit etiam nata de louis
635 1167 2215 1218 uertice, & sine matre: & dicitur Tritonia Pallas & Minerua, cui septenarius nu
638 1208 2212 1263 merus consecratur: & est dea sapientiae, & omnium artium, & bellorum. Ideo uirgo pin
643 1261 2210 1331 gitur dea sapientiae: quia nullum recipit uitiorum corruptionem, sed perpetua morum
631 1318 2211 1378 gaudet integritate. Triplice habet uestem propter tres scientias sermocionales, qi
635 1374 2213 1425 bus ipsa uestitur & ornatur: quae sunt, gramatica, rhetorica, & dialectica. In pe
638 1426 2208 1483 ctore portat caput Gorgonis. i. Medusae, qui aspicientes in lapidem conuertebat, cu:
631 1480 2209 1536 ius caput Perseus abscidit. Gorgon interpretatur terror: quia ergo omnis sapiens
634 1535 2214 1584 terribilis uitiosis & fatuis esse debet. Ergo pingitur dea sapientiae caput Gorgo
637 1592 2202 1658 nis portare in pectore. Ista dicitur nata de uertice louis & sine matre: quia sapien
641 1644 2203 1702 tia fidei & bonorum morum est a dono DEI. Eccl. 24. Ego ex ore altissimi prodij,
646 1704 2215 1769 primogenita ante omnem creaturam. Huic septenarius numerus consecratur, qui est
650 1756 2214 1819 uniuersitatis: eo quo uniuersum tempus per septem decurrat dies, uniuersus mundus per
640 1807 2212 1861 septem planetas dirigit. Omnis homo ex septem quodammodo componitur, s. ex tri
638 1859 2208 1920 bus potentijs animae, & quatuor elementis. Iuxta modum quorundam loquendi uoca
640 1922 2202 1985 turTritonia. i. trina notitia secundum remigium: quia philosophi in tribus cognoscen
637 1972 2205 2021 dis maxime laborabant, uidelicet creatore, creatura & anima. Vocatur etiam Pal
632 2022 2200 2074 las. i. nova: quia sapientia nullum senium nullam sentit uetustatem. Haec est dea bello
629 2082 2201 2130 rum: quia bellis magis confert sapientia quam corporis fortitudo: Sap. 5. Melior est sa
634 2135 2197 2197 pientia quam uires, uir prudens magis quam fortis. Dicit ergo Salo. Habebo per hanc immo,
629 2192 2196 2240 talitatem & non solu noc, sed & memoriam aeternam his, qui post me futuri sunt relin
632 2246 2200 2306 quam: sicut dicit Sene. Ad pauca natus est, qui tantum de suo tempore cogitat. Omnis
626 2300 2196 2366 enim uirtuosus & ad bonam uitam tenetur: & ad bonam famam, ut per uitam ipse saluet
633 2347 2215 2414 & per famam proximus aedificet: pximus inquam non solum qui est, sed qui futurus est.
633 2402 2201 2462 Vnde bonum copiose est sui comunicatiuum. Vnus enim bonus homo quasi infinitis
633 2455 2215 2516 futuris prdesse potest per bonum exemplum. Vnde ille uenerabilis Eleaxarus ludaeus
620 2520 2218 2574 nobilissimus cum interficeret, quia contra legem carnes suillas nollet comedere, nobi
626 2567 2203 2635 lem mortem magis quam odibilem uitam amplexans, dicit: Fortiter uitam excedendo, se
620 2627 2214 2680 nectute quidem dignus apparebo, adolescentibus autem forte exemplum relinquam Et
638 2680 2217 2735 ideo dicit Psal. In memoria aeterna erunt iusti. Et Proverb. 10. Memoria iusti cum
637 2725 2012 2787 laudibus. In Scripturae nanque locis uarijs inuenitur triplex memoria.
679 2784 2218 2838 Est enim memoria beneficiorum, memoria exemplorum, & memoria damno
619 2849 2203 2903 rum. Prima est continue possidenda. Secunda est alijs exhibenda: Et tertia est relin
625 2899 2201 2955 quenda. Primo enim memoriam habere debemus beneficiorum diuinorum, Esa. 43. Ego
614 2955 2213 3002 sum qui deleo iniquitates tuas propter me, & peccatorum tuorum non recorda
615 3001 2211 3062 bor. Reduc me in memoriam, & iudicemur simul. Reduc me in memoriam. i. bo
621 3063 2217 3119 na, qui tibi feci secundum glos. creando, redimendo, & pparando beatitudinem. Sed istam
