2371 3609
154 225 1701 281 dicunt doctores. Dictamen conscientiae plus obligat, quam praeceptum prae
160 278 1713 331 lati. Et ideo omnis conscientia, siue recta siue erronea, siue in se mala, siue indis
159 330 1711 398 ferentibus obligatoria est: quin omnibus talibus ueniens contra scientiam, fa
157 387 1714 441 cit contra illud quid credit a lege DEI esse prohibitum. In ista, domo male parant sibi
166 446 1720 497 quietem multi homines mundani, qui illud quod durius est ponunt sub capite, &
160 499 1718 561 illud quod mollius sub pede. Moraliter. Conscientia in mente est, sicut caput in
163 550 1718 602 homine, & sensualitas est sicut pes. Qui ergo ponit in sensualitate delectatio
157 612 1712 673 nem, & peccatum in conscientia & murmur contra peccatum, dure reclinat caput suum.
163 657 1718 711 Istam domum fundant quidam super aquas uoluptatis, quidam super arenam cupidita
164 715 1721 769 tis: & ideo conscientiae talium stare non possunt, eo quo carent solido fundamento. Et
156 770 1722 818 ideo dicitur Matth. 7. queo uir stultus aedificauit domum suam super arenam, & descen
166 824 1706 874 dit pluuia, & flauerunt uenti, & cecidit domus. Secundo domus conscientiae de
158 875 1714 945 bet habere honestum ornamentum, ut sit picta curiose & artificialiter imaginibus
163 941 1727 1001 uirtutum, & sanctorum uirorum exemplis, qui nos praecesserunt. Narrat Aug. contra
166 984 1725 1036 lulianum lib. 5. & 2. retractionum cap. 62. quod rex quidam Cypri deformis spe
170 1042 1731 1105 cie thalamum suum siue cubiculum fecit depingi imaginibus pulchris, ut per earum
164 1096 1719 1147 aspectum uxor sua pareret pulchram prolem. Rex est ratio, cubiculum memoria uel
165 1143 1723 1199 conscientia. Sensualitas est uxor, & ideo si pulchram prolem: id est, uirtuosas ope
175 1202 1723 1252 rationes habere uelimus, domum patrum nostrorum imaginibus depingi studea
169 1258 1733 1308 mus, dicentes cum Psal. Dilexi Domine decorem domus tuae, &c. Sed est notandum
169 1324 1727 1379 que domus, quae non inhabitatur contrahit sordes, uermes, & uarias corruptiones.
176 1364 1725 1418 Et ita est de multorum conscientijs, quae non inhabitantur ab eis. Nunquam tamen est
166 1431 1729 1471 eis ita male, sicut in quadragesima, quando redeunt ad se, & intrant domos com
163 1471 1733 1525 scientiarum suarum malarum. Ibi inueniunt uermes, corruptiones, & foetores uete
163 1529 1727 1577 rum peccatorum, & domus incipit declinari ad mortem. Iuxta illud Proverb. 2. In
166 1585 1720 1646 clinata est ad mortem domus eius, & ad inferos semitae ipsius. Tertio domus com
176 1635 1733 1686 scientiae debet habere aptum tegumentum. Cooperimentum bonae conscientiae est
170 1688 1737 1741 honestas conuersationis uirtuosae: ut boni uiri quod didicerunt interius ostendant
182 1744 1749 1798 exterius. Et sic luceat lux eorum coram hominibus, ut uideant opera uestra bona &
178 1797 1726 1861 glorificent Patrem uestrum, qui in coelis est: hoc est, quod dicitur Matth. 10. Quod
180 1853 1720 1903 in aure audistis praedicate super tecta: id est, per bonam conuersationem. Quarto
174 1913 1735 1972 domus conscientiae debet habere frequens expurgamentum per scopam confessionis:
171 1957 1738 2012 nec ad aliquod remedium fugiendum est, ut a Diabolo uel a peccato, nisi que a con
169 2014 1734 2080 scientia expellatur peccatum. Vnde Aug. super lohan. Homel. 41. Seruus peccati
180 2066 1735 2134 quo fuit, secum se trahit, quocumque fuerit non fugit seipsam mala conscientia: non est
180 2132 1731 2187 quo eat, semper segtur se, imo non recedit a se: peccatum enim quod fecit intus est.
181 2176 1723 2238 Vis audire consilium. Si uis a DEO fugere ad ipsum fuge: confitendo, non latendo,
180 2231 1737 2294 confiteri potes, latere non potes. Sic est de Diabolo, sicut fuit de Daedalo & Laby
178 2285 1750 2339 rintho: Fecit enim Daedalus domum quandam cum uarijs uijs, & cum parietibus ita p
157 2349 1764 2395 plexis, quod nullus eam intrans exire poterat sine glomere fili, & illa domus uocabatur d
176 2393 1731 2448 Labyrinthus: id est, labor intus: quia in egrediendo et in ingrediendo maximus la
185 2446 1740 2501 bor fuit. In illa domo inclusit Daedalus unum monstrum, quid ex una medietate fuit
175 2505 1734 2555 homo, & alia medietate bos: ea intentione ut ibi in ppetuum pasceretur, & nunquam
187 2557 1734 2622 exiret: sicut narrat Ouid, lib. 7. Met. et Isid. 3. Ethym. Moraliter loquendo: quado
176 2614 1728 2670 ita est, quo Diabolus pecipit unam personam, aliquod peccatum monstruosum fecisse, facit
185 2669 1736 2728 conscientiam talis quasi domum Daedali, & abscondit peccatum, & fabricat illi peccato
182 2727 1731 2781 ri tot uias pplexas, & parietes obsistentes, nunc de timore, nunc de pudore, nunc de
178 2769 1743 2837 negligentia mnunc de expectatione & dilatione confessionis: & ibi occultat illud
179 2835 1736 2891 mostrum, ut nulltis confessor possit intrare, nisi cum glomere fili. Oportet enim com
175 2884 1730 2954 fessorem reuoluere omns interrogationes spectantes ad peccatum, antequam reus uelit
181 2946 1729 3000 cognoscere illud, quid fecit. Non sic facit probus homo confessoribus suis, sed oia pa
171 3000 1732 3056 dit & ostendit nude & aperte. Iuxta illud quid in figura scribitur 4. Reg. 20. Omnia
187 3045 1729 3106 quae sunt in domo mea uiderunt, nihil est quaed non monstrauerim eis in thesauris meis.
