<?xml version="1.0" encoding="UTF-8" standalone="yes"?>
<PcGts xmlns="http://schema.primaresearch.org/PAGE/gts/pagecontent/2013-07-15" xmlns:xsi="http://www.w3.org/2001/XMLSchema-instance" xsi:schemaLocation="http://schema.primaresearch.org/PAGE/gts/pagecontent/2013-07-15 http://schema.primaresearch.org/PAGE/gts/pagecontent/2013-07-15/pagecontent.xsd">
    <Metadata>
        <Creator>prov=University of Rostock/Institute of Mathematics/CITlab/Gundram Leifert/gundram.leifert@uni-rostock.de:name=holcotwisdom-m2(htr_id=17503)::::v=2.4.2
prov=University of Rostock/Institute of Mathematics/CITlab/Tobias Gruening/tobias.gruening@uni-rostock.de:name=de.uros.citlab.module.baseline2polygon.B2PSeamMultiOriented:v=2.4.2
prov=University of Rostock/Institute of Mathematics/CITlab/Tobias Gruening/tobias.gruening@uni-rostock.de:name=/net_tf/LA73_249_0mod360.pb:de.uros.citlab.segmentation.CITlab_LA_ML:v=?0.1
TRP</Creator>
        <Created>2019-01-18T08:24:31.014-05:00</Created>
        <LastChange>2019-10-11T17:58:06.231+02:00</LastChange>
        <TranskribusMetadata docId="116678" pageId="4353728" pageNr="73" tsid="16826004" status="IN_PROGRESS" userId="25065" imgUrl="https://files.transkribus.eu/Get?id=ULIRQWYTRXYNHVPUVUMSCYMV&amp;fileType=view" xmlUrl="https://files.transkribus.eu/Get?id=KWWNKFUJFFPEQOIOOIAMXOMY" imageId="2467004"/>
    </Metadata>
    <Page imageFilename="sap_Page_073.png" imageWidth="2371" imageHeight="3609">
        <ReadingOrder>
            <OrderedGroup id="ro_1571834716000" caption="Regions reading order">
                <RegionRefIndexed index="0" regionRef="TextRegion_1568849026346_493"/>
            </OrderedGroup>
        </ReadingOrder>
        <TextRegion orientation="0.0" id="TextRegion_1568849026346_493" custom="readingOrder {index:0;}">
            <Coords points="197,253 1764,253 1764,3131 197,3131"/>
            <TextLine id="r1l5" custom="readingOrder {index:0;}">
                <Coords points="193,301 1756,317 1757,271 194,252"/>
                <Baseline points="203,291 280,290 357,290 434,290 511,291 588,291 665,291 743,293 820,294 897,295 974,296 1051,297 1128,299 1205,300 1283,302 1360,302 1437,303 1514,303 1591,305 1668,305 1746,305"/>
                <TextEquiv>
                    <Unicode>reproborum dissimilimi uidebantur. Ita nihil est quod admiretis si in huius ui</Unicode>
                </TextEquiv>
            </TextLine>
            <TextLine id="r1l6" custom="readingOrder {index:1;}">
                <Coords points="193,355 1601,383 1759,372 1760,321 193,314"/>
                <Baseline points="203,345 280,345 357,345 434,345 512,345 589,347 666,347 744,348 821,350 898,350 976,351 1053,353 1130,354 1207,355 1285,356 1362,357 1439,357 1517,359 1594,359 1671,360 1749,360"/>
                <TextEquiv>
                    <Unicode>tae salo circumflantibus agitemur procellis, quibus hoc maxime propositum</Unicode>
                </TextEquiv>
            </TextLine>
            <TextLine id="r1l7" custom="readingOrder {index:2;}">
                <Coords points="194,408 1753,422 1644,370 194,365"/>
                <Baseline points="204,398 285,398 366,399 447,399 528,401 609,401 690,402 771,403 852,404 933,405 1014,407 1095,407 1176,408 1257,410 1338,411 1419,411 1500,413 1581,413 1662,414 1743,414"/>
                <TextEquiv>
                    <Unicode>est pessimis displicere. Item Seneca de copia uerborum: Sit tibi tam triste lau</Unicode>
                </TextEquiv>
            </TextLine>
            <TextLine id="r1l8" custom="readingOrder {index:3;}">
                <Coords points="200,472 1759,479 1759,432 1669,425 200,415"/>
                <Baseline points="210,452 291,452 372,453 453,455 534,455 615,456 696,457 777,458 858,459 939,459 1020,461 1101,461 1182,462 1263,464 1344,464 1425,465 1506,465 1587,467 1668,467 1749,468"/>
                <TextEquiv>
                    <Unicode>dari a turpibus, quam laudari ob turpia. Laetior est quotiens displices malis, &amp;</Unicode>
                </TextEquiv>
            </TextLine>
            <TextLine id="r1l9" custom="readingOrder {index:4;}">
                <Coords points="197,517 1475,539 1767,533 1768,494 197,480"/>
                <Baseline points="207,506 284,506 362,507 439,507 517,509 594,509 672,510 749,510 827,512 904,513 982,513 1060,515 1137,516 1215,516 1292,518 1370,519 1447,519 1525,521 1602,521 1680,522 1758,522"/>
                <TextEquiv>
                    <Unicode>malorum de te existimationes matas, ueram tibi laudationem asscribe: Et Psal.</Unicode>
                </TextEquiv>
            </TextLine>
            <TextLine id="r1l10" custom="readingOrder {index:5;}">
                <Coords points="197,587 1751,602 1763,534 198,517"/>
                <Baseline points="207,560 284,560 361,561 438,561 516,563 593,563 670,564 747,566 825,567 902,567 979,569 1056,570 1134,571 1211,572 1288,573 1365,573 1443,575 1520,575 1597,576 1674,576 1752,576"/>
                <TextEquiv>
                    <Unicode>Detrahebant mihi, quoniam sequebar bonitatem. Isti sunt tonsores uel falsarij</Unicode>
                </TextEquiv>
            </TextLine>
            <TextLine id="r1l11" custom="readingOrder {index:6;}">
                <Coords points="190,626 1761,609 190,587"/>
                <Baseline points="200,617 277,617 355,617 432,618 510,618 587,618 665,620 742,620 820,621 897,622 975,623 1053,624 1130,626 1208,626 1285,627 1363,629 1440,629 1518,630 1595,632 1673,632 1751,633"/>
                <TextEquiv>
                    <Unicode>monetae legalis. Impeditores legati regalis. Exhumatores cadaueris fra</Unicode>
                </TextEquiv>
            </TextLine>
            <TextLine id="line_1568848972483_459" custom="readingOrder {index:7;}">
                <Coords points="199,682 376,678 376,645 364,645 337,627 312,627 294,643 283,637 242,635 230,635 222,643 199,639"/>
                <Baseline points="208,673 367,673"/>
                <TextEquiv>
                    <Unicode>ternalis. </Unicode>
                </TextEquiv>
            </TextLine>
            <TextLine id="r1l12" custom="readingOrder {index:8;}">
                <Coords points="246,742 1757,744 1719,683 247,681"/>
                <Baseline points="257,723 331,723 406,723 480,725 555,725 629,726 704,728 778,728 853,729 927,731 1002,731 1077,732 1151,734 1226,734 1300,735 1375,737 1449,737 1524,737 1598,738 1673,738 1748,738"/>
                <TextEquiv>
                    <Unicode>Est enim persona clarae famae sicut moneta legalis, quam nullus potest refu</Unicode>
                </TextEquiv>
            </TextLine>
            <TextLine id="r1l13" custom="readingOrder {index:9;}">
                <Coords points="194,792 1622,814 1758,804 1759,763 194,743"/>
                <Baseline points="204,779 281,779 358,779 435,779 513,780 590,780 667,782 744,783 822,783 899,785 976,786 1053,788 1131,788 1208,789 1285,791 1362,791 1440,792 1517,792 1594,792 1671,794 1749,794"/>
                <TextEquiv>
                    <Unicode>tare: sed si fuerit deformata uel attonsata, perdit pondus &amp; imaginem, &amp; iam </Unicode>
                </TextEquiv>
            </TextLine>
            <TextLine id="r1l14" custom="readingOrder {index:10;}">
                <Coords points="190,844 1761,852 1672,808 191,803"/>
                <Baseline points="201,833 278,833 356,834 433,834 511,836 588,836 666,837 743,837 821,839 898,839 976,840 1054,842 1131,842 1209,843 1286,843 1364,845 1441,845 1519,846 1596,846 1674,846 1752,848"/>
                <TextEquiv>
                    <Unicode>non recipitur loco precij sicut prius. Eodem modo detractores nituntur con</Unicode>
                </TextEquiv>
            </TextLine>
            <TextLine id="r1l15" custom="readingOrder {index:11;}">
                <Coords points="191,898 1338,920 1760,874 191,846"/>
                <Baseline points="201,887 278,887 355,888 433,888 510,890 588,890 665,891 742,893 820,893 897,894 975,894 1052,896 1129,896 1207,897 1284,897 1362,899 1439,899 1516,899 1594,899 1671,899 1749,899"/>
                <TextEquiv>
                    <Unicode>fundere bonos uiros, diffamando eorum merita, per deprauationem &amp; atte</Unicode>
                </TextEquiv>
            </TextLine>
            <TextLine id="r1l16" custom="readingOrder {index:12;}">
                <Coords points="191,953 1762,967 1762,930 1643,917 192,912"/>
                <Baseline points="201,942 278,942 356,942 433,944 511,944 588,944 666,945 743,945 821,947 898,947 976,948 1054,949 1131,950 1209,951 1286,951 1364,953 1441,953 1519,954 1596,955 1674,956 1752,956"/>
                <TextEquiv>
                    <Unicode>nuando circumstantias, &amp; attonsando per diminutionem ut opus eorum non</Unicode>
                </TextEquiv>
            </TextLine>
            <TextLine id="r1l17" custom="readingOrder {index:13;}">
                <Coords points="200,1009 1751,1015 1751,978 1605,963 200,968"/>
                <Baseline points="210,996 286,996 363,997 439,998 516,998 593,998 669,999 746,999 822,1001 899,1001 976,1002 1052,1002 1129,1002 1205,1004 1282,1004 1359,1005 1435,1005 1512,1007 1588,1007 1665,1008 1742,1010"/>
                <TextEquiv>
                    <Unicode>appereat uirtuose factum sicut circumstantiae signant. Et ideo tales possunt uo</Unicode>
                </TextEquiv>
            </TextLine>
            <TextLine id="r1l18" custom="readingOrder {index:14;}">
                <Coords points="202,1060 1634,1087 1761,1075 1762,1028 203,1021"/>
                <Baseline points="212,1053 289,1052 366,1052 443,1052 520,1052 597,1052 674,1053 751,1053 828,1055 905,1055 982,1056 1059,1058 1136,1058 1213,1059 1290,1060 1367,1061 1444,1062 1521,1062 1598,1064 1675,1064 1752,1064"/>
                <TextEquiv>
                    <Unicode>cari tonsores monetae legalis. Muscae sicut dicit Arist. 4: de Animalibus cap. 1. ha</Unicode>
                </TextEquiv>
            </TextLine>
            <TextLine id="r1l19" custom="readingOrder {index:15;}">
                <Coords points="187,1114 1765,1128 1750,1079 187,1065"/>
                <Baseline points="197,1106 274,1106 352,1106 430,1106 508,1107 586,1107 664,1107 742,1107 820,1109 898,1109 976,1110 1053,1110 1131,1110 1209,1112 1287,1112 1365,1113 1443,1113 1521,1115 1599,1115 1677,1116 1755,1118"/>
                <TextEquiv>
                    <Unicode>bent aculeum loco armorum, per quem extrahunt sanguinem. Eodem modo non</Unicode>
                </TextEquiv>
            </TextLine>
            <TextLine id="r1l20" custom="readingOrder {index:16;}">
                <Coords points="193,1173 1752,1192 1752,1141 1643,1127 193,1118"/>
                <Baseline points="203,1158 280,1158 357,1160 434,1160 511,1161 588,1161 665,1161 742,1163 819,1163 896,1163 973,1164 1050,1164 1127,1164 1204,1166 1281,1166 1358,1167 1435,1167 1512,1169 1589,1170 1666,1172 1743,1172"/>
                <TextEquiv>
                    <Unicode>simplices homunculi quantumcunque sint parui ualoris detrahere bene sciunt, </Unicode>
                </TextEquiv>
            </TextLine>
            <TextLine id="r1l21" custom="readingOrder {index:17;}">
                <Coords points="200,1229 1739,1236 1767,1200 200,1173"/>
                <Baseline points="210,1214 287,1214 364,1214 442,1214 519,1214 596,1215 674,1215 751,1215 828,1217 906,1217 983,1217 1060,1218 1138,1218 1215,1220 1292,1220 1370,1221 1447,1221 1524,1223 1602,1223 1679,1223 1757,1224"/>
                <TextEquiv>
                    <Unicode>&amp; extrahere sanguinem coopertum: id est, defectus occultos nescientibus di</Unicode>
                </TextEquiv>
            </TextLine>
            <TextLine id="r1l22" custom="readingOrder {index:18;}">
                <Coords points="199,1282 1460,1287 1423,1238 199,1239"/>
                <Baseline points="209,1269 271,1268 333,1268 395,1268 457,1268 519,1269 581,1269 643,1269 705,1269 767,1271 830,1271 892,1272 954,1272 1016,1274 1078,1274 1140,1274 1202,1275 1264,1275 1326,1275 1388,1275 1451,1275"/>
                <TextEquiv>
                    <Unicode>uulgare. Exod. 5. Venit musca grauissima in domo Pharaonis:</Unicode>
                </TextEquiv>
            </TextLine>
            <TextLine id="r1l23" custom="readingOrder {index:19;}">
                <Coords points="231,1333 1749,1345 1763,1293 231,1282"/>
                <Baseline points="240,1322 315,1323 391,1323 466,1323 542,1323 618,1323 693,1323 769,1325 844,1325 920,1325 996,1325 1071,1326 1147,1326 1222,1328 1298,1328 1374,1329 1449,1329 1525,1331 1600,1331 1676,1332 1752,1332"/>
                <TextEquiv>
                    <Unicode>Secundo, sunt impeditores legati regalis. Rex enim CHRISTVS moriturus</Unicode>
                </TextEquiv>
            </TextLine>
            <TextLine id="r1l24" custom="readingOrder {index:20;}">
                <Coords points="192,1387 1614,1412 1765,1370 192,1333"/>
                <Baseline points="201,1376 278,1376 356,1376 433,1376 511,1377 589,1377 666,1377 744,1377 822,1379 899,1379 977,1380 1055,1380 1132,1382 1210,1382 1288,1383 1365,1383 1443,1385 1521,1385 1598,1386 1676,1386 1754,1386"/>
                <TextEquiv>
                    <Unicode>statuit Christianis omnibus Testamentum pacis, dicens: Pacem relinquo uo</Unicode>
                </TextEquiv>
            </TextLine>
            <TextLine id="r1l25" custom="readingOrder {index:21;}">
                <Coords points="194,1441 1571,1464 1762,1451 1763,1399 194,1389"/>
                <Baseline points="203,1431 280,1433 357,1433 435,1433 512,1433 590,1434 667,1434 745,1434 822,1434 900,1436 977,1436 1054,1436 1132,1437 1209,1437 1287,1437 1364,1439 1442,1439 1519,1440 1597,1440 1674,1442 1752,1442"/>
                <TextEquiv>
                    <Unicode>bis, pacem meam do uobis, Ioh. 14. Hoc Testamentum impediunt potissime</Unicode>
                </TextEquiv>
            </TextLine>
            <TextLine id="r1l26" custom="readingOrder {index:22;}">
                <Coords points="194,1492 463,1495 462,1464 437,1448 384,1457 377,1449 355,1455 328,1444 308,1458 256,1459 221,1443 193,1459"/>
                <Baseline points="204,1488 231,1488 259,1487 287,1487 314,1486 342,1485 370,1485 397,1485 425,1485 453,1487"/>
                <TextEquiv>
                    <Unicode>detractores.</Unicode>
                </TextEquiv>
            </TextLine>
            <TextLine id="r1l27" custom="readingOrder {index:23;}">
                <Coords points="254,1551 1758,1562 1758,1496 254,1496"/>
                <Baseline points="263,1541 337,1541 411,1541 485,1541 560,1541 634,1541 708,1542 783,1542 857,1542 931,1542 1006,1542 1080,1544 1154,1544 1228,1544 1303,1545 1377,1545 1451,1547 1526,1547 1600,1548 1674,1550 1749,1550"/>
                <TextEquiv>
                    <Unicode>Tertio, sunt exhumatores cadaueris fraternalis. Dicit enim Arist. 7. de Ani</Unicode>
                </TextEquiv>
            </TextLine>
            <TextLine id="r1l28" custom="readingOrder {index:24;}">
                <Coords points="197,1605 1762,1614 1762,1567 197,1566"/>
                <Baseline points="207,1595 284,1595 361,1596 438,1596 516,1596 593,1596 670,1596 747,1598 825,1598 902,1598 979,1598 1056,1598 1134,1599 1211,1599 1288,1599 1365,1601 1443,1601 1520,1602 1597,1603 1674,1604 1752,1605"/>
                <TextEquiv>
                    <Unicode>malibus, cap. 4. Quod hyena est animal multum ferox, simile lupo, in tantum</Unicode>
                </TextEquiv>
            </TextLine>
            <TextLine id="r1l29" custom="readingOrder {index:25;}">
                <Coords points="194,1657 1761,1668 1732,1617 194,1620"/>
                <Baseline points="204,1649 281,1649 358,1650 436,1650 513,1650 591,1652 668,1652 745,1652 823,1652 900,1652 978,1653 1055,1653 1132,1653 1210,1653 1287,1655 1365,1655 1442,1655 1519,1656 1597,1656 1674,1657 1752,1658"/>
                <TextEquiv>
                    <Unicode>diligens carnes humanas, quod frangit interdum sepulchra mortuorum:: &amp;</Unicode>
                </TextEquiv>
            </TextLine>
            <TextLine id="r1l30" custom="readingOrder {index:26;}">
                <Coords points="197,1714 1709,1735 1760,1682 197,1675"/>
                <Baseline points="206,1704 283,1704 360,1704 437,1704 514,1706 591,1706 668,1706 746,1706 823,1707 900,1707 977,1707 1054,1707 1131,1707 1208,1709 1286,1709 1363,1709 1440,1710 1517,1710 1594,1710 1671,1710 1749,1712"/>
                <TextEquiv>
                    <Unicode>exhumat corpora, ut eorum cadaueribus saturetur. Ista bestia apertissime ge</Unicode>
                </TextEquiv>
            </TextLine>
            <TextLine id="r1l31" custom="readingOrder {index:27;}">
                <Coords points="188,1768 1761,1776 1747,1722 188,1731"/>
                <Baseline points="197,1758 274,1758 352,1758 430,1758 508,1758 585,1760 663,1760 741,1760 819,1760 896,1761 974,1761 1052,1761 1130,1763 1207,1763 1285,1763 1363,1764 1441,1764 1518,1764 1596,1764 1674,1764 1752,1764"/>
                <TextEquiv>
                    <Unicode>rit figuram detractorum. Homo per peccatum mortale moritur, sepelitur a</Unicode>
                </TextEquiv>
            </TextLine>
            <TextLine id="r1l32" custom="readingOrder {index:28;}">
                <Coords points="201,1823 1752,1828 1752,1785 1602,1774 201,1768"/>
                <Baseline points="210,1814 286,1814 363,1814 439,1814 516,1814 593,1815 669,1815 746,1815 823,1815 899,1815 976,1817 1053,1817 1129,1817 1206,1817 1283,1818 1359,1818 1436,1818 1513,1818 1589,1820 1666,1820 1743,1820"/>
                <TextEquiv>
                    <Unicode>bonis, quando, quantum iusticia permittit, eius peccata occultantur, &amp; corri</Unicode>
                </TextEquiv>
            </TextLine>
            <TextLine id="r1l33" custom="readingOrder {index:29;}">
                <Coords points="195,1891 1751,1880 1751,1841 1642,1825 196,1840"/>
                <Baseline points="206,1869 282,1869 359,1869 436,1869 512,1869 589,1869 666,1869 742,1869 819,1869 896,1871 973,1871 1049,1871 1126,1871 1203,1872 1279,1872 1356,1872 1433,1872 1509,1872 1586,1872 1663,1872 1740,1872"/>
                <TextEquiv>
                    <Unicode>gitur conscientia, fama integra permanente. Sed quid facit detractor, uiolat se</Unicode>
                </TextEquiv>
            </TextLine>
            <TextLine id="r1l34" custom="readingOrder {index:30;}">
                <Coords points="191,1944 1748,1933 1748,1892 1662,1884 191,1891"/>
                <Baseline points="201,1922 277,1922 354,1922 431,1923 508,1923 585,1923 662,1923 739,1924 816,1925 893,1925 970,1925 1046,1925 1123,1926 1200,1926 1277,1926 1354,1926 1431,1926 1508,1926 1585,1926 1662,1926 1739,1926"/>
                <TextEquiv>
                    <Unicode>pulturam &amp;&amp; ideo est infamis secundum lura. 6. q. 1:c. Infamis:] extrahit car</Unicode>
                </TextEquiv>
            </TextLine>
            <TextLine id="r1l35" custom="readingOrder {index:31;}">
                <Coords points="192,1986 1745,1994 1734,1939 192,1949"/>
                <Baseline points="201,1976 277,1976 354,1976 431,1976 508,1977 584,1977 661,1977 738,1977 815,1977 891,1977 968,1979 1045,1979 1122,1979 1198,1979 1275,1979 1352,1979 1429,1980 1505,1980 1582,1980 1659,1980 1736,1982"/>
                <TextEquiv>
                    <Unicode>nes foetidas &amp; comedit, &amp; alijs ad comedendum distribuit cum defectus occul </Unicode>
                </TextEquiv>
            </TextLine>
            <TextLine id="r1l36" custom="readingOrder {index:32;}">
                <Coords points="197,2039 1754,2046 1734,2001 1596,1991 197,1996"/>
                <Baseline points="207,2028 283,2030 360,2030 437,2031 514,2031 591,2033 667,2033 744,2033 821,2033 898,2033 975,2033 1051,2033 1128,2033 1205,2033 1282,2034 1359,2034 1435,2034 1512,2034 1589,2034 1666,2034 1743,2036"/>
                <TextEquiv>
                    <Unicode>tos &amp; lapsos a memoria ad mentem eis reducit. De talibus dicitur, Hiere. 12:</Unicode>
                </TextEquiv>
            </TextLine>
            <TextLine id="r1l37" custom="readingOrder {index:33;}">
                <Coords points="192,2094 1755,2094 1755,2057 1648,2047 193,2045"/>
                <Baseline points="203,2082 280,2084 357,2084 434,2085 511,2085 588,2086 665,2087 742,2087 819,2087 896,2087 974,2087 1051,2087 1128,2088 1205,2088 1282,2088 1359,2088 1436,2088 1513,2088 1590,2088 1667,2088 1745,2088"/>
                <TextEquiv>
                    <Unicode>secundum aliam translationem: Nunquid spelunca hyenae haereditas mea mi</Unicode>
                </TextEquiv>
            </TextLine>
            <TextLine id="r1l38" custom="readingOrder {index:34;}">
                <Coords points="197,2146 1702,2165 1747,2113 197,2096"/>
                <Baseline points="206,2136 282,2138 359,2138 435,2139 512,2139 588,2141 665,2141 741,2141 818,2141 894,2142 971,2142 1048,2142 1124,2142 1201,2142 1277,2142 1354,2142 1430,2142 1507,2142 1583,2142 1660,2144 1737,2144"/>
                <TextEquiv>
                    <Unicode>hi: Et praemittitur parum ante. Facta est mihi haereditas mea, quasi leo in spe</Unicode>
                </TextEquiv>
            </TextLine>
            <TextLine id="r1l39" custom="readingOrder {index:35;}">
                <Coords points="194,2199 1764,2206 1764,2161 194,2150"/>
                <Baseline points="203,2190 280,2192 358,2192 435,2193 513,2193 591,2193 668,2193 746,2195 823,2195 901,2195 979,2195 1056,2195 1134,2195 1211,2196 1289,2196 1367,2196 1444,2196 1522,2196 1599,2196 1677,2196 1755,2196"/>
                <TextEquiv>
                    <Unicode>lunca dedit contra me uocem suam: ideo odiui eam. Haereditas CHRISTI</Unicode>
                </TextEquiv>
            </TextLine>
            <TextLine id="r1l40" custom="readingOrder {index:36;}">
                <Coords points="196,2255 1746,2271 1697,2209 197,2208"/>
                <Baseline points="207,2246 283,2246 359,2247 436,2247 512,2247 589,2247 665,2249 742,2249 818,2249 895,2249 971,2249 1047,2249 1124,2250 1200,2250 1277,2250 1353,2250 1430,2250 1506,2250 1583,2250 1659,2250 1736,2250"/>
                <TextEquiv>
                    <Unicode>sunt gentes Christianae, Psal. Dabo tibi gentes haereditatem tuam: sed haec hae</Unicode>
                </TextEquiv>
            </TextLine>
            <TextLine id="r1l41" custom="readingOrder {index:37;}">
                <Coords points="195,2314 1409,2331 1762,2317 1762,2266 195,2273"/>
                <Baseline points="204,2300 281,2300 358,2301 436,2301 513,2302 591,2303 668,2303 745,2303 823,2304 900,2304 978,2304 1055,2304 1132,2306 1210,2306 1287,2306 1365,2306 1442,2306 1519,2306 1597,2306 1674,2306 1752,2304"/>
                <TextEquiv>
                    <Unicode>reditas dat uocem contra CHRISTVM, &amp; fit quasi hyena per detractionem</Unicode>
                </TextEquiv>
            </TextLine>
            <TextLine id="r1l42" custom="readingOrder {index:38;}">
                <Coords points="194,2365 363,2380 379,2364 480,2361 548,2381 562,2367 786,2364 786,2333 751,2311 702,2333 613,2313 560,2332 480,2331 447,2312 410,2327 194,2316"/>
                <Baseline points="203,2357 231,2355 260,2355 289,2355 317,2355 346,2355 375,2355 403,2355 432,2357 461,2357 490,2357 518,2357 547,2357 576,2357 604,2357 633,2357 662,2357 690,2357 719,2358 748,2358 777,2358"/>
                <TextEquiv>
                    <Unicode>sicut superius expositum est.</Unicode>
                </TextEquiv>
            </TextLine>
            <TextLine id="r1l46" custom="readingOrder {index:39;}">
                <Coords points="448,2688 1762,2683 1719,2634 449,2633"/>
                <Baseline points="458,2678 522,2678 587,2678 652,2679 716,2679 781,2679 846,2679 910,2679 975,2679 1040,2679 1105,2679 1169,2680 1234,2681 1299,2681 1363,2681 1428,2679 1493,2679 1557,2679 1622,2679 1687,2678 1752,2678"/>
                <TextEquiv>
                    <Unicode>OSTQVAM Sapiens dissuasit duo pessima uitia loquendi, uide</Unicode>
                </TextEquiv>
            </TextLine>
            <TextLine id="r1l47" custom="readingOrder {index:40;}">
                <Coords points="450,2743 1759,2744 1759,2703 1467,2690 450,2692"/>
                <Baseline points="459,2733 523,2735 588,2735 652,2735 717,2735 781,2735 846,2735 910,2735 975,2735 1039,2735 1104,2735 1168,2735 1233,2733 1297,2733 1362,2733 1426,2733 1491,2733 1555,2733 1620,2733 1684,2733 1749,2733"/>
                <TextEquiv>
                    <Unicode>licet murmurationem contra DEVM, &amp; detractionem contra</Unicode>
                </TextEquiv>
            </TextLine>
            <TextLine id="r1l49" custom="readingOrder {index:41;}">
                <Coords points="451,2813 1682,2811 1760,2763 450,2761"/>
                <Baseline points="461,2787 525,2787 590,2789 654,2789 719,2789 783,2789 848,2789 912,2789 977,2789 1041,2789 1106,2789 1170,2789 1235,2789 1299,2787 1364,2787 1428,2787 1493,2787 1557,2787 1622,2787 1686,2787 1751,2787"/>
                <TextEquiv>
                    <Unicode>proximum: Hic consequenter dissuadet tertium quo homo pec</Unicode>
                </TextEquiv>
            </TextLine>
            <TextLine id="r1l51" custom="readingOrder {index:42;}">
                <Coords points="446,2852 1767,2853 1767,2814 1642,2799 446,2815"/>
                <Baseline points="455,2840 520,2841 585,2841 650,2843 715,2843 780,2843 845,2843 910,2843 975,2843 1040,2843 1106,2843 1171,2843 1236,2841 1301,2841 1366,2841 1431,2841 1496,2841 1561,2841 1626,2841 1691,2841 1757,2841"/>
                <TextEquiv>
                    <Unicode>cat specialiter contra seipsum, uidelicet per mendacium. Est enim</Unicode>
                </TextEquiv>
            </TextLine>
            <TextLine id="r1l54" custom="readingOrder {index:43;}">
                <Coords points="446,2906 1771,2903 1712,2853 446,2865"/>
                <Baseline points="456,2894 521,2895 586,2895 651,2897 717,2897 782,2897 847,2897 912,2897 978,2897 1043,2897 1108,2897 1173,2897 1239,2897 1304,2897 1369,2897 1434,2897 1500,2897 1565,2897 1630,2897 1695,2896 1761,2897"/>
                <TextEquiv>
                    <Unicode>mentiri contra mentem dicere. Hoc est quodammodo intellectus</Unicode>
                </TextEquiv>
            </TextLine>
            <TextLine id="r1l55" custom="readingOrder {index:44;}">
                <Coords points="189,2962 1674,2976 1768,2960 1768,2903 189,2917"/>
                <Baseline points="200,2952 277,2951 355,2951 433,2951 511,2951 589,2951 667,2951 745,2951 823,2951 901,2951 979,2951 1056,2951 1134,2951 1212,2951 1290,2951 1368,2951 1446,2951 1524,2951 1602,2951 1680,2951 1758,2951"/>
                <TextEquiv>
                    <Unicode>secundum Aristo. hoc est, intellectus est nobilissimum &amp; dignissimum quod</Unicode>
                </TextEquiv>
            </TextLine>
            <TextLine id="r1l56" custom="readingOrder {index:45;}">
                <Coords points="201,3026 1530,3033 1770,3013 1770,2964 201,2979"/>
                <Baseline points="212,3009 289,3008 366,3006 444,3006 521,3005 599,3005 676,3005 754,3005 831,3005 909,3005 986,3005 1063,3005 1141,3006 1218,3006 1296,3006 1373,3006 1451,3006 1528,3006 1606,3005 1683,3005 1761,3003"/>
                <TextEquiv>
                    <Unicode>possit in homine reperiri. Et ideo homo qui contra mentem dicit, facit contra</Unicode>
                </TextEquiv>
            </TextLine>
            <TextLine id="r1l57" custom="readingOrder {index:46;}">
                <Coords points="194,3071 1706,3080 1763,3018 194,3030"/>
                <Baseline points="203,3062 280,3060 358,3060 435,3059 513,3059 590,3059 668,3059 745,3059 823,3059 900,3059 978,3059 1056,3060 1133,3060 1211,3060 1288,3060 1366,3060 1443,3060 1521,3059 1598,3059 1676,3059 1754,3057"/>
                <TextEquiv>
                    <Unicode>seipsum. Et istud uitium dissuadet tali ratione. Illud quod animam occipit spiri</Unicode>
                </TextEquiv>
            </TextLine>
            <TextLine id="r1l58" custom="readingOrder {index:47;}">
                <Coords points="201,3127 1464,3138 1758,3119 1758,3071 201,3084"/>
                <Baseline points="210,3117 286,3116 363,3116 440,3116 517,3116 594,3116 671,3116 748,3117 825,3117 902,3117 979,3117 1055,3117 1132,3117 1209,3116 1286,3116 1363,3116 1440,3114 1517,3114 1594,3113 1671,3111 1748,3110"/>
                <TextEquiv>
                    <Unicode>tualiter: hoc est, ad mortem aeternam adducit, &amp; gratia priuat, quae est uita ani</Unicode>
                </TextEquiv>
            </TextLine>
            <TextEquiv>
                <Unicode>reproborum dissimilimi uidebantur. Ita nihil est quod admiretis si in huius ui
tae salo circumflantibus agitemur procellis, quibus hoc maxime propositum
est pessimis displicere. Item Seneca de copia uerborum: Sit tibi tam triste lau
dari a turpibus, quam laudari ob turpia. Laetior est quotiens displices malis, &amp;
malorum de te existimationes matas, ueram tibi laudationem asscribe: Et Psal.
Detrahebant mihi, quoniam sequebar bonitatem. Isti sunt tonsores uel falsarij
monetae legalis. Impeditores legati regalis. Exhumatores cadaueris fra
ternalis. 
Est enim persona clarae famae sicut moneta legalis, quam nullus potest refu
tare: sed si fuerit deformata uel attonsata, perdit pondus &amp; imaginem, &amp; iam 
non recipitur loco precij sicut prius. Eodem modo detractores nituntur con
fundere bonos uiros, diffamando eorum merita, per deprauationem &amp; atte
nuando circumstantias, &amp; attonsando per diminutionem ut opus eorum non
appereat uirtuose factum sicut circumstantiae signant. Et ideo tales possunt uo
cari tonsores monetae legalis. Muscae sicut dicit Arist. 4: de Animalibus cap. 1. ha
bent aculeum loco armorum, per quem extrahunt sanguinem. Eodem modo non
simplices homunculi quantumcunque sint parui ualoris detrahere bene sciunt, 
&amp; extrahere sanguinem coopertum: id est, defectus occultos nescientibus di
uulgare. Exod. 5. Venit musca grauissima in domo Pharaonis:
Secundo, sunt impeditores legati regalis. Rex enim CHRISTVS moriturus
statuit Christianis omnibus Testamentum pacis, dicens: Pacem relinquo uo
bis, pacem meam do uobis, Ioh. 14. Hoc Testamentum impediunt potissime
detractores.
Tertio, sunt exhumatores cadaueris fraternalis. Dicit enim Arist. 7. de Ani
malibus, cap. 4. Quod hyena est animal multum ferox, simile lupo, in tantum
diligens carnes humanas, quod frangit interdum sepulchra mortuorum:: &amp;
exhumat corpora, ut eorum cadaueribus saturetur. Ista bestia apertissime ge
rit figuram detractorum. Homo per peccatum mortale moritur, sepelitur a
bonis, quando, quantum iusticia permittit, eius peccata occultantur, &amp; corri
gitur conscientia, fama integra permanente. Sed quid facit detractor, uiolat se
pulturam &amp;&amp; ideo est infamis secundum lura. 6. q. 1:c. Infamis:] extrahit car
nes foetidas &amp; comedit, &amp; alijs ad comedendum distribuit cum defectus occul 
tos &amp; lapsos a memoria ad mentem eis reducit. De talibus dicitur, Hiere. 12:
secundum aliam translationem: Nunquid spelunca hyenae haereditas mea mi
hi: Et praemittitur parum ante. Facta est mihi haereditas mea, quasi leo in spe
lunca dedit contra me uocem suam: ideo odiui eam. Haereditas CHRISTI
sunt gentes Christianae, Psal. Dabo tibi gentes haereditatem tuam: sed haec hae
reditas dat uocem contra CHRISTVM, &amp; fit quasi hyena per detractionem
sicut superius expositum est.
OSTQVAM Sapiens dissuasit duo pessima uitia loquendi, uide
licet murmurationem contra DEVM, &amp; detractionem contra
proximum: Hic consequenter dissuadet tertium quo homo pec
cat specialiter contra seipsum, uidelicet per mendacium. Est enim
mentiri contra mentem dicere. Hoc est quodammodo intellectus
secundum Aristo. hoc est, intellectus est nobilissimum &amp; dignissimum quod
possit in homine reperiri. Et ideo homo qui contra mentem dicit, facit contra
seipsum. Et istud uitium dissuadet tali ratione. Illud quod animam occipit spiri
tualiter: hoc est, ad mortem aeternam adducit, &amp; gratia priuat, quae est uita ani</Unicode>
            </TextEquiv>
        </TextRegion>
    </Page>
</PcGts>
