2371 3609
412 1003 1749 1081 ICVT in principio huius Capituli dictum fuit, Salomon in isto Ca
443 1064 1737 1115 itulo de Sapientia, & seipso, quandam fingit parabolam, ponens seip
435 1116 1743 1166 sum loco cuiusdam amatoris ardentissimi cum sapientia, quasi cum qua
438 1170 1746 1225 dam uirgine nobilissima contracturus. Vtitur autem ista fictione
435 1222 1743 1274 ad ostendendam amoris uehementiam, quam habuit ad sapientiam ac
188 1285 1724 1334 quirendam: quia inter tales personas comuniter amor ardentissimus inueni
187 1330 1729 1387 tur: Quatuor autem solet iuuenis contracturus facere. Primo enim considerat
194 1393 1729 1462 conditiones personae cum qua proponit contrahere. Secundo dotem & diuitias.
194 1443 1729 1497 quis potest cum ea recipere: Tertio suiipsius conditiones examinat, an possit puel
195 1493 1735 1550 iae congruere. Quarto deliberat, quomodo eam a parentibus & amicis possit
179 1549 1735 1604 petere & habere. Iuxta ista quatuor Salomon, quatuor facit in isto Capitulo.
186 1588 1729 1660 Nam primo ostendit sapientiam esse mirabiliter amabilem & gratiosam: secundo
182 1657 1732 1712 ostendit ipsius dotem fore desiderabilem & preciosam: tertio declarat suiipsius con
182 1712 1744 1765 ditionem fore spectabilem, & uirtuosam: quarto ostendit datorem puellae habere
179 1766 1743 1822 nobilitatem uenerabilem & gloriosam. Et secundum ista capitulum fuit diuisum in qua
182 1823 1728 1874 tuor. In principio de duabus conditionibus est expeditum, & de duabus secundis
178 1881 1735 1947 exequetur in hodierna lectione: Et secundum hoc litera diuiditur in duas par
175 1926 1730 1991 tes: Nam primo ostendit suijpsius conditionem fore spectabilem & uirtuosam,
182 1985 1740 2035 ut merito dignus appareat tanta sponsa. Secundo ostendit datorem puellae ha
185 2033 1738 2107 bere nobilitatem uenerabilem, & gloriosam, a quo ipsa puella amicabiliter est
183 2095 1737 2155 petenda. Secunda pars ibi: Et vt scius. Circa primum duo facit: primo ostendit se
180 2145 1724 2196 habilem, aptum, uel idoneum ad contrahendum cum ipsa sapientia, ex speciositate uir
183 2200 1731 2248 tutum naturalium. Secundo ostendit hoc idem ex copiositate uirtutum moralium: se
177 2252 1735 2306 cunda pars ibi: Cum essem magis bonus. Dicit ergo sic: Puer autem eram ingeniosus.
170 2304 1752 2359 & sortitus sum animam bonam. Vbi reddit se esse comendabilem ex tribus. A cor
176 2354 1725 2421 porali mundicia, puer cram: Ab intellectuali peritia, ingeniosus: A supernatura
178 2406 1735 2477 si iusticia, & sortitus sum animam bonam. Anima enim non est perfectem bona, nisi
171 2479 1735 2528 per gratiam & charitatem, qua debito modo ordinatur in DEVM. Vnde Bern. de
175 2522 1721 2594 li. arbi. Bona est anima in uniuersitate, melior in suo genere, optima ex sui ordi
170 2579 1726 2638 natione. Est autem haec ordinatio omnimoda conuersio uoluntatis in DEVM,
176 2629 1726 2685 & ex se tota uoluntaria deuotaqe subiectio: Ideo autem dicit: Sortitus sum ani
179 2699 1730 2750 mam bonam, non quod a casu ad bonitatem deuenerit, sed quia primam gra
176 2736 1730 2794 tiam nullus potest promereri. Nam cum omne meritum sit ex gratia. Si pri
176 2792 1736 2858 ma gratia caderet sub merito, primam gratiam praecederit gratia. Et ideo DEVS
176 2845 1728 2907 sponte dat homini primam gratiam, homini (inquam) se ad gratiam disponen
182 2906 1723 2965 ti, dispositionenaturali, & non praebenti obicem gratiae, per malum usum li
172 2955 1732 3011 beri arbitrij. Licet aut ante primam gratiam requiratur dispositio conueniens. Illa ta
181 3020 1732 3075 men non meretur gratiam merito condigni, sed congrui tantum. Et ideo dicit: for
179 3062 1729 3120 titus sum animam bonam. Colos. 1. Gratias agentes DEO Patri qui nos dignos
