2371 3609
835 1134 2181 1207 OSTQVAM Salomon supplicauit pro sapientia impetranda, & ra
845 1197 2174 1247 tionem qua a DEO exaudiri debeat allegauit, sumptam a parte huma
841 1246 2179 1314 nae necessitatis: In hac parte consequenter aliam subiungit rationem, ad
834 1308 2181 1355 idem sumptam ex parte diuinae bonitatis. Et est rationalis. Decet diui
626 1358 2176 1410 nam bonitatem perfecte. illam consumare quae proposuit & incoepit: sed tu propo
618 1409 2174 1464 suisti per electionem mei, quod forem rex, & iudex populi, & aedificator tem
629 1471 2165 1528 pli, quae sine tua sapientia consummari non possunt: Ergo decet te DEVM mi
630 1524 2180 1594 hi dare sapientiam, qua ista quae tu proposuisti me facturum, consummare pos
626 1573 2166 1626 sim. Dicit ergo sic: Tu elegisti me regem, quasi dicat, non me ingessi per praesum
618 1641 2172 1697 ptionem, nec me intrusi per uiolentam occupationem: Sed tu me elegisti non
607 1674 2167 1737 super unam ciuitatem uel insulam, sed vt rex sim populo tuo. Vnde 2. Paralip. 1.
617 1734 2169 1788 ubi ponitur historia de supplicatione Salomonis. Quis potest hunc popu
617 1790 2175 1848 lum tuum, qui tam grandis est digne iudicare. Non solum elegisti. regem
620 1846 2166 1911 populo tuo, sed uoluisti me esse iudicem immediatum filiorum tuorum & filia
610 1915 2156 1955 rum tuarum: id est, tam maiorum quam minorum. Secundo modo non so
612 1943 2169 2004 lum elegisti me in regem & iudicem, sed in artificem & aedificatorem: Vnde
617 2003 2154 2062 dixisti me edificare templum in monte sancto tuo, 2. Regum 7. Dixit Dominus
618 2067 2161 2128 ad Dauid: Suscitabo semen tuum post te, & ipse aedificabit templum nomini
615 2114 2163 2166 meo. Et 1. Paralip. 28. Salomon filius tuus aedificabit domum meam, & al
618 2168 2166 2220 taria uel atria mea. Ipsum enim elegi mihi in filium meum, & ego ero ei in pa
614 2219 2160 2290 trem. Templum (inquam) in monte sancto tuo. Iste mons sicut dicunt Hebrael,
618 2273 2164 2334 fuit ille mons in quo Abraham voluit immolare filium suum Isaac, Genes. 22:
612 2327 2168 2382 Et ibi erexit altare. Et in eodem loco fuit postea altare templi, de quo hic sub
609 2388 2173 2441 ditur: Et in ciuitate habitationis tuae altare. Haec ciuitas fuit Hierusalem de qua
617 2434 2175 2491 in Psal. Hierusalem quae aedificatur ut ciuitas. Altare ddicolhabens similitudine
606 2496 2166 2547 tabernaculi tui sancti ab initio: id est, tale altare iussisti me facere, quale fuit al
601 2548 2173 2598 tare tabernaculi Moysi, ab initio(id est) ab antiquo, haec tu DEVS pater ordi
596 2604 2164 2665 nasti de me: et tecum sapientia tuae: id est, filius tuus, quae sapientia nouvit opera tua,
598 2650 2166 2715 creationis, recreationis, & glorificationis, de quibus Abacuc 3. Consideraui
612 2710 2160 2767 opera tua & expaui. Quae quidem sapientia affuit tunc cum orbem terrarum
604 2763 2166 2824 faceres, cteando de nmnilo: Et sciebat quid placitum esset in oculis tuis, circa genus
608 2816 2168 2879 humanum, & quid directum in praceptis tuis: id est, quibus praeceptis uoluisti
601 2871 1612 2921 hominem dirigere in teipsum sicut in finem suum
670 2923 2172 2999 Oritur hic dubitatio literalis. An electores praelatorum teneantur eligere
604 2982 2166 3041 meliorem. Et uidetur quod non: quia decretalis dicit. Sufficit eligere bonum, nec
598 3030 2166 3098 est necesse eligere meliorem. Ad oppositum uidetur, 4. Reg. 10. Eligite meliorem
