2371 3609
591 253 2153 310 fatigatione & labore, eo quod suo motori non resistit: Ita corpus tunc ab a
597 296 2167 359 nima sine labore motum fuisset. lam uero nec cogitare de aliquo diu possumus
602 354 2165 413 sine labore corporis, & a multo fortiori, nec loqui possumus, nec moveri. In
597 409 2160 465 Psalm. Existimabam ut cognoscerem hoc, labor est ante me. In tantum autem
604 462 2167 525 uersa est in contrarium nostra conditio, ut qui nati fuissemus ad quietem, si
602 524 2155 590 peccatum non esset: generaliter & quasi naturaliter nascimur ad laborem, di
602 587 2161 635 cit lob. Homo ad laborem nascitur, & auis ad uolandum. lob. 5. Sicut autem
598 639 2157 695 peregrinus ueniens ad concursus uiarum eligere potest, per quam uelit ambu
589 680 2158 738 lare, nullam tamen ibit sine labore: Ita homo positus in hac uita multas uias ui
583 746 2158 801 uendi inuenit, in diuitijs & paupertate, & honore & seruitute, in delicijs & mi
589 787 2160 847 serijs: sed nullam accipiet, in qua magnum laborem non inueniet: Si diues esse uo
600 844 2158 901 luerit, in diuitijs congregandis, conseruandis & dispensandis necessario labo
602 896 2161 954 rabit. Ecclesiast. 31. Laborabit diues in congregatione substantiae. Et statim se
605 953 2160 1016 quitur: Laborabit pauper in diminutione uictus. Et sic discurrendo ubique la
601 1006 2160 1062 borem reperiet: quoniam haec fuit poenitentia toti humano generi iniuncta
607 1064 2161 1117 Gen. 3. Maledicta terra in opere tuo: in laboribus comedes ex ea omnibus
598 1115 2149 1172 diebus uitae tuae. Laborare ergo debemus in uita praesenti uiriliter & uirtuo
591 1177 2147 1236 se propter tria: uidelicet propter conuenientiam permissi temporis, propter poe
598 1237 2050 1285 nitentiam commissi sceleris, & propter uehementiam promissi muneris.
649 1280 2164 1342 Primo dico laborare debemus in praesenti, non quiescere, non ociari pro
596 1346 2159 1401 pter conuenientiam, permissi temporis. Tempus enim quo uiuimus, & aeterni
591 1387 2158 1440 tas uitae futurae sic comparantur ad inuicem, sicut uigilia praecedens & festum se
590 1455 2153 1504 quens. In uigilijs enim solennitatum solent homines laborare feruenter & diu,
594 1492 2157 1549 unde in talibus uigilijs faciunt agricolae altam noctem: In diebus uero festiuis
584 1550 2157 1604 indulgere solent communiter quieti & solatio. lsto modo moraliter nunc
590 1602 2151 1657 est uigilia in qua ieiunijs & laboribus nos dare debemus, 1. Petri 5. Sobrij e
588 1656 2153 1712 stote & uigilate. Et 2. Corinth. 6. In omnibus exhibeamus nosmeipsos sicut
597 1712 2158 1765 DEI ministros, in laboribus, uigilijs, & in ieiunijs multis. Sed cras in uita futu
589 1773 2142 1834 ra erit festum, & solennitas sempiterna, & ideo nunc uacabimus gaudio, laetitia &
589 1827 2144 1877 quiete. Apoc. 14. Beati mortui, qui in Domino moriuntur: amodo iam dicit
593 1890 2154 1941 apiritus, ut requiescant a laboribus suis. Vnde Hieron. in quadam Epist. Nullus
586 1930 2159 1983 labor durus, nullus tempus uideri debet longum, quo gloria aeternitatis adqui
583 1983 2146 2037 ritur. Sicut omnino fatus esset, qui in uigilia omnibus laborantibus & sudan
583 2055 2140 2104 tibus ociosus foret, & in festo laboraret, quando omnes gauderent & quiesce
586 2097 2149 2162 rent: sic fatuus esset qui in praesenti uita quietem acceptaret, in qua CHRISTVS
600 2146 2155 2199 & omnes sancti, qui nos praecesserunt laboribus, & poenitentijs se dederunt, &
590 2198 2149 2264 sibi in futuro laborem perpetuum thesaurixaret. In Psal. Laborabit in aeternum,
592 2251 1087 2307 & uiuet adhuc in finem.
634 2310 2150 2361 Secundo tenemur laboribus uirtuosis insistere propter poenitentiam com
585 2375 2155 2430 missi sceleris. Magna enim gratia foret, si Dominus remitteret rustico perpe
592 2419 2150 2472 tuam seruitutem pro labore unius diei, & merito diceret ille rusticus tali die labo
590 2474 2149 2537 rare diligentissime. Moraliter omnis peccator seruituti perpetuae addicitur,
584 2528 2145 2583 quando peccat. Iohan. 8. Omnis qui facit peccatum, seruus est peccati. Pro
584 2580 2155 2645 hac seruitute peccati in perpetuum laborare deberet in inferno, ut dictum est,
573 2635 2144 2689 nisi sacramentum poenitentiae mediaret, per quod poena aeterna in poenam tem
579 2691 2158 2753 poralem commutaretur. Iustus est ergo quemlibet qui peccauerit diebus uitae
587 2744 2158 2794 istius fortiter laborare propter poenitentiam commissi sceleris. Exemplo pro
591 2800 2164 2861 phetae qui ait: Laboraui in gemitu meo, lauabo per singulas noctes lectum
582 2853 2157 2907 meum, lachrymis meis stratum meum rigabo. Homines qui animose laborant
575 2908 2148 2953 cito patiuntur sudorem: Ita deuoti in labore poenitentiae cito irrigantur sudo
566 2957 2154 3015 re lachrymarum contritionis. Dicit Aristinus de prople. parte 23. proble. 23: quod
572 3025 2148 3080 quando plorantes lachrymas emittimus, lachrymae sunt calidae, quando autem dolen
571 3070 2148 3118 tes oculos ex aliqua infirmitate emittimus lachrymas, lachrymae illae sunt frigi
