2371 3609
584 240 2139 292 tem, Iac. 1. Mors autem infernalis est peior proles quam odium malorum ho
586 297 2147 345 minum. Similiter non considerant tales, quod est de ueritate, sicut fuit de Re
588 345 2148 397 becca Genes. 25. quae habuit geminos in utero, Iacob & Esau: sic ueritas duos
596 391 2145 451 filios simul parit, scilicet dilectionem DEI & odium malorum hominum,
596 441 2142 504 Malach. primo: Iacob dilexi, Esau odio habui, Luc. sexto: Beati eritis cum
589 509 2152 566 uos oderint homines. Et ideo deponentes mendacium, loquimini ueri
595 553 1732 613 tatem unusquisque cum proximo suo, ad Ephes. cap. 4:
650 601 2148 667 Tertio est homo, DEI naturalis imago. Vnde August. 14. de Trinitate, cap.
594 656 2153 726 15. Eo quippe mens imago DEI est, quo etiam capax est, eiusque particeps esse
584 733 2151 788 potest: & ideo sicut in Trinitate paterna memoria gignit uerbum, quod est ue
598 764 2158 830 ritas: ita mens humana nullum aliud uerbum gignere debet, nisi uerax, Eccles.
603 833 2149 895 37. Ante omnia uerbum uerax praecedat te. Personae diuersorum regnorum
597 875 2148 943 & diuersarum terrarum faciliter ab inuicem discernuntur, per diuersitatem i
601 941 2160 998 diomatum & linguarum ut comuniter: quia qui gallicum loquitur, Gallicus
599 997 2154 1052 est uel aestimatur, & qui anglicum, Anglicus. Sic enim arguebatur contra Pe
591 1034 2157 1103 trum quod esset Gallilaeus & CHRISTI discipulus. Matth. 26. Vere & tu ex il
608 1093 1509 1152 lis es: nam & loquela tua manifestum te facit.
651 1145 2154 1206 Sunt autem moraliter loquendo duo regna adinuicem in hac uita comix
600 1204 2160 1269 ta, uidelicet regnum DEI, & regnum mundi, & regnum CHRISTI & regnum
601 1259 2157 1324 Diaboli, regnum coeleste & regnum terrestre. Et sicut ista distant in regibus &
599 1308 2168 1369 legibus: ita in idiomate non concordant. Nam idioma regni coelestis est ue
599 1362 2160 1423 ritas, in Psalm. Domine in coelo misericordia tua & veritas, &c. Idioma uero
601 1429 2155 1478 regni terrestris siue mundi est falsitas, Oseae 4. Non est ueritas, non misericordia,
611 1477 2168 1536 non est scientia DEI in terra: maledictum & mendacium, homicidium &
607 1524 2170 1593 furtum, & adulterium inundauerunt. Si ergo homo uelit perpendere ad
601 1593 2174 1656 quod regnum pertineat, uideat cui regno in idiomate concordet. Narrant
606 1634 2171 1690 historiae quod cum Vuilhelmus dux Normannorum regnum Angliae con
614 1688 2169 1759 quaesiuisset, deliberauit quomodo linguam Saxonicam posset destruere & An
607 1744 2162 1810 gliam & Normanniam in idiomate concordare: & ideo ordinauit quod nul
610 1800 2161 1853 lus in curia regis * placitaret nisi in Gallico, & iterum quod puer quilibet po
604 1852 2163 1917 nendus ad literas addisceret Gallicum, & per Gallicum Latinum, que duo us
620 1921 2165 1975 que hodie obseruantur. Isto modo moraliter princeps huius mundi Diabolus
621 1959 2161 2017 est, lo.16. Princeps huius mundi iam iudicatus est. Sed uerum est quod prin
619 2016 2174 2071 cipatum suum in mundo non habet haereditaria successione, sed uiolenta op
626 2067 2182 2124 ressione, & ideo non est haeres, sed conquisitor: idioma uero suum proprium
606 2126 2163 2179 in prouincia infernali, est mendacium, Io. 8. Cum loquitur mendacium ex pro
617 2176 2170 2246 prijs loquitur, & ideo ut concordet mundum cum prouincia infernali, in idio
612 2236 2167 2289 mate ordinauit, quod omnia secularia, in conuentionibus & mercationibus
614 2288 2170 2340 & commutationibus utantur mendacijs, & sicut puer docendus in schola pri
613 2348 2167 2397 mo addiscit gallicum: ita iuuenis seculo applicandus cum studio & labore ad
616 2398 2173 2448 discit loqui mendacium, Hierem. 9. Docuerunt linguam suam loqui menda
613 2451 2173 2503 cium. Vnde Grego. 12. Mora. exponens illud lob. 15. Terrebit eum tribu
608 2503 2185 2555 latio, & angustia uallabit eum. Probat quod omne illud quod malus homo
622 2568 2179 2618 perpetrat relicta ueritate uallatur tribulationibus & angustijs, & labore. Et
617 2615 2180 2662 hoc probatspecialiter de mendace. Sic mendax relicta ueritate mentiri de
611 2664 2172 2717 liberat, ut audientium animum fallat. Sed quantus labor est solicite custo
617 2723 2183 2790 dire, ne ipsa eius fallacia deprehendi queat. Ponit quippe ante oculos quid
622 2769 2186 2842 sibi a scientibus ueritatem responderi possit, & cum magno conatu pertractat
629 2832 2179 2884 quomodo per argumentum falsitatis documenta ueritatis exuperet. Hinc
620 2883 2191 2939 inde dicta circumtegit: & contra hoc deprehendi poterit veritati
614 2917 2175 2988 similem responsionem quaerit, si uellet uerum dicere, utiqe sine labo
614 2993 2187 3041 re potuisset. Plana nanque est ueritatis uia, & graue est iter mendacij. Vn
602 3049 2189 3101 .de per prophetam dicitur: Docuerunt linguam suam loqui mendacium
