2371 3609
982 1276 2191 1331 IC designatur decimum Capitulum, & est secunda pars hu
991 1322 2198 1384 ius libri, quamuis nonnulli antiqui signauerunt capitulum
990 1387 2193 1452 parum ante, ibi: Num per sapientiam sanati. Quos in princi
1007 1428 2185 1492 pio libri diuidendo sequebar: sed quia hoc modicum refert,
1006 1502 2196 1550 uel nihil, ad libri processum modo tamen sequi malo capi
998 1538 2185 1600 tula communiter computata. Vnde postquam Salomon
993 1604 2191 1662 multipliciter declarauit sapientiae nobilitatem, & magnam
618 1646 2192 1714 fecit de ea commendationem secundum ipsius effectus generales: In ista parte
634 1700 2188 1767 prosequitur sapientiae utilitatem, quantum ad quosdam effectus speciales, o
629 1763 2184 1823 stendendo in particulari, quomodo singulares quaedam personae fuerunt, per sa
635 1811 2191 1889 pientiam in bono conseruatae, & a malo praeseruatae. Vnde ab ista parte usquae
625 1888 2190 1933 ad finem libri ponitur exemplificatio in particularibus gestis, & historijs, de be
627 1934 2200 1988 neficijs quae hominibus per sapientiam sunt collata: & de supplicijs, quae per
621 1973 2187 2038 eandem peccatoribus sunt illata. Et diuiditur haec secunda pars huius libri in
632 2028 2186 2093 duas principaliter. Nam primo agit de beneficijs collatis per sapientiam qui
615 2087 2181 2146 busdam personis. Secundo agit de beneficijs uni toti populo, certae nationis,
624 2138 2196 2202 uidelicet Israelitico. Secunda pars ibi: Haec populum. Intra eodem capite. Prima
627 2198 2190 2271 pars diuiditur in sex partes, secundum sex personas quas describit, & ostendit
625 2248 2198 2310 a sapientia gubernatas fuisse, uidelicet: Adam, Noë, Abraham, Loth, Iacob,
631 2309 838 2377 & Ioseph
674 2356 2206 2415 Prima ergo pars quae est lectio praesens, est de Adam, cui contulit sapientia
626 2411 2198 2471 DEI quinque praerogatiuas, & gratias speciales. Ipse enim habuit paternalem
634 2478 2197 2540 praeeminentiam ad genus humanum propagandum: originalem innocentiam
625 2519 2202 2579 ad semetipsum conseruandum: situalem excellentiam ad iocunde inhabitan
626 2572 2199 2633 dum: rationalem magnificentiam ad creaturas gubernandum: & finalem in
627 2641 2212 2695 dulgentiam ad DEVM post peccatum reconciliandum, Dicit ergo primo sic:
632 2683 2203 2741 fiaec: id est, sapientia increata, illum: id est, Adam qui primo formatus est a DEO,
623 2740 2214 2793 Pater orbis terrarum: id est, qui praeordinatus fuit a DEO principium & radix
625 2793 2203 2849 totius humani generis, quod modo est diuisum in diuersis partibus orbis ter
622 2847 2215 2902 rarum. Ecce paternalis praeeminentia ad genus humanum propagandum: Ge
618 2917 2209 2970 nerassent enim homines in statu innocentiae, sine feruore, sine dolore, sine pu
626 2955 2213 3013 dote. Haec vero illum: id est, Adam, cum solus esset creatus, custodiuit: id est, origi
619 3021 2214 3075 nalem innocentiam sibi dedit, qua semper se & suos custodisse potuit. Habuit
622 3067 2217 3122 enim anima sua ita perfectum dominium supra corpus, quod nunquam sen
