2371 3609
181 214 1752 280 Noë secundum Methodium de ortu regnorum: Et ille lonithus fuit Astrono
193 283 1742 329 mus magnus. Et dicit de eo Magister in historijs: quod inuenit Astrono
194 336 1744 391 miam. Coeperunt ergo aedificare turrim istam, habentes lateres pro saxis, &
181 386 1740 439 bitumen pro cemento. DEVS uero animaduertit elationem hominum uo
189 441 1746 493 lentium se quasi contra ipsum munire: ne & ipsi etiam, si DEO placeret, pos
184 495 1749 557 sent aquis diluuij castigari. Impediuit eos per istum modum. Quicunque
181 550 1746 606 homines, si debent cohabitare, indigent uno idiomate ad communicandum
179 607 1734 660 inuicem conceptiones suas in diuersis negociis. Vnde Aristoteles octauo E
182 663 1749 709 thico: dicit, quod omnis amicitia consistit in communicatione, & quod mul
178 713 1745 763 tas amicitias dissoluit in appellatione. DEVS ergo miraculose, cum essent o
187 766 1766 829 mnes unius linguae & unius idiomatis diuisit eos in 72. linguas, ita quod il
175 819 1740 872 le qui sciuit unam, omnes alias penitus ignorauit. Ista ergo multitudo consi
185 880 1750 929 derans diuisionem tantam in idiomate, diuisit se secundum numerum lingua
178 934 1745 985 rum: & qui erant de una lingua traxerunt se ad inuicem ad unam turmam, &
182 980 1743 1032 sic a loco illo diuiserunt se in uniuersas partes mundi. Inter has 72. lin
178 1042 1735 1100 guas tres sunt principales, Hebraea, Graeca, & Latina: sicut recitat Augu
183 1098 1766 1162 stinus de mirabilibus Sacrae scripturae capite decimoquinto. Et ideo de istis
182 1145 1731 1202 linguis scriptus fuit titulus crucis CHRISTI. Et secundum istas 72. lin
181 1209 1734 1269 guas elegit CHRISTVS70. duos discipulos Lucae.10. Quia ergo in aedi
176 1257 1749 1304 ficatione turris istius perdiderunt filij Noe communicationem linguae He
182 1307 1743 1364 braeae, & diuisi secundum multitudinem supradictam uocatum est nomen loci
179 1368 1742 1422 illius Babel, quod interpretatur confusio: quia ibi confusum est labium uniuer
182 1415 1733 1472 sae terrae, Gen.11. Istam ergo mirabilem praesumptionem & elationem tangit
178 1469 1737 1522 Salomon inhac litera ita dicens: Haec in consensu superbiae, cum se nationes extu
169 1528 1743 1577 sissent sciuit iustum. Rec: id est, sapientia, & etiam cum se nationes extulissent in
174 1579 1746 1634 consensis superbiae: id est, in illo consensu superbo quo dixerunt: Venite facia
178 1635 1736 1690 mus ciuitatem, & turrim, cuius cacumen pertingat coelum, & celebremus no
181 1690 1744 1743 men nostrum, antequam diuidamur in uniuersas terras. Tunc inquam sapien
180 1743 1730 1807 tia sciuit, iustum: id est, Abraham qui propter magnitudinem fidei fuit iustus,
188 1794 1735 1847 Gen.15. Credidit Abraham DEO, & reputatum est ei ad iusticiam: Sciuit (in
181 1863 1056 1913 quam )iustum: id est, approbanda praesciuit.
230 1891 1738 1958 Non est imaginandum quod Abraham fuit tempore diuisionis linguarum:
181 1971 1744 2023 quae quidem diuisio facta fuit tempore Phares, qui fuit 6. ante Abraham se
172 2011 1737 2076 cundum linearum successionem: sed uult Spiritus sanctus dicere in litera ista,
170 2067 1741 2128 quod in tempore confusionis linguarum DEVS praeuidit Abraham futurum.
171 2124 1734 2179 & praeelegit eum sicut talem, per quem cultus DEI multipliciter augeretur, &
176 2183 1731 2241 cui fieret specialis promissio de redemptione generis humani. Tangit ergo tri
169 2245 1731 2296 plex beneficium sapientiae circa Abraham, uidelicet praelectionem antequam
170 2281 1739 2336 esset: conseruationem cum esset: & bonae prolis propagationem, postquam
174 2334 1743 2389 esset. Vnde dixit quod sapientia tunc temporis cum se nationes extulissent
167 2389 1736 2445 modo praeexposito, sciuit: id est, approbando praesciuit, lustum: id est, Abra
173 2441 1740 2506 ham qui postea fuit iustus, & conseruauit eum sine quaerela DEO: id est, ad
172 2500 1737 2555 honorem & uoluntatem DEI. Conseruauit enim eum educendo de ter
176 2565 1731 2609 ra Chaldaeorum in terram Chanaan, Genesis duodecimo. Et inde in ter
173 2612 1744 2662 ram Aegypti, ubi ductus timore dixit, Saram uxorem suam sororem es
172 2655 1736 2715 se. Simili modo postea fecit, cum apud regem Gerarum peregrinaretur, Gene
178 2712 1730 2772 sis 20. Et uocauit Aram fratrem suum, patrem suum, quia senior fuit. Sa
172 2780 1727 2826 ra autem filia Aram. Illam uero uocauit sororem secundum consuetudinem
172 2822 1727 2879 loquendi inter Hebraeos, qui cognatos uocant fratres, & cognatas sorores.
182 2877 1731 2934 Vnde tantum est dictum cognata mea est ex parte patris mei. Vnde nullum ma
171 2930 1729 2987 lum fuit eos decipere: quia hoc cessit in bonum. De hac materia respondens
175 2984 1728 3042 Augustinus contra Faustum lib. 12. cap. 30. ostendit quare non ita praesum
173 3048 1734 3110 psit Abraham de DEO, ut non timeret fateri eam uxorem. Et dicit, quod ideo:
