2371 3609
208 232 1777 296 subiecti CHRISTI, secundo a parte hominis siue misericordiae obiecti. A
216 301 1773 358 parte quidem CHRISTI sic. Si aliquis omnibus uicinis suis riuulos concede
219 355 1779 416 ret de suo fonte, ut sibi inde facerent aquae ductus pro suo libito, signum es
206 407 1777 454 set quod ille fons magnae foret sufficientiae. Isto modo DEVS Pater habens Fi
215 454 1786 513 lium suum, qui est uerbum DEI & fons bonitatis omnis (quia fons sapientiae
213 519 1784 568 uerbum DEI dicit Eccles. 7)] misit eum in mundum, & iussit eum scaturire de
209 565 1772 620 terra uentris uirginalis, & ut esset copiosus & abundans omnibus, permisit cui
209 618 1788 689 libet sibi facere riuulum, quando omnium ludaeorum & Gentiliam flagella
209 677 1776 724 tioni & crucifixioni se dedit. Et ideo bene dicit pluraliter per Prophetam: Da
212 726 1781 783 bo uobis misericordias & miserebor uestri, Hierem. 42. Secundo patet idem a
201 785 1774 843 parte obiecti: quia si de obiecto misericordiae sermo fiat, illud obiectum est ho
209 842 1776 891 mo, cui DEVS multipliciter miseretur, praeseruando ut caueat, expectando ut
216 889 1789 941 redeat, & condonando si poeniteat. Vnde Augustin. 2. confessionum cap. 10.
204 948 1779 991 Gratiae tuae deputo, & misericordiae quod peccata mea tanquam glaciem sol
212 1002 1781 1062 uisti: gratiae tuae deputo quaecunque non feci mala, & omnia mihi dimissa fateor,
209 1063 1788 1106 quae & mea sponte feci mala, & quae te duce non feci. Tertio misericordia DEI
206 1108 1767 1161 est fortis in homines duratiue: quia quantumlibet homo expectet si post infi
218 1164 1783 1215 nita mala, in fine tardissime poenitere uelit, recipit eum statim. Exemplum de
212 1212 1771 1271 latrone cui tardissime, poenitenti dictum est: Hodie mecum eris in Paradiso, Luc
210 1267 1777 1323 23. Vnde Bernhardus super Cantica: Omnino propter mansuetudinem quae in
210 1324 1767 1375 te praedicatur currimus post te, Domine IESVCHRISTE, audientes quoc
212 1379 1754 1434 non spernas pauperem, peccatorem non abhorreas. Non enim horruisti latro
219 1437 1770 1497 nem confitentem, nec lachrymantem peccatricem: non Chananeam supplicantem
212 1492 1769 1551 non deprehensam in adulterio, non sedentem in teloneo: non supplicantem publi
206 1541 1765 1594 canum, non negantem discipulum, non persecutorem discipulorum, non ipsos
206 1600 1759 1661 crucifixores tuos. Haec Bernhardus. Misericordia ergo DEI fortis est durati
213 1652 1762 1715 ue: quoniam misericordia Domini ab aeterno usque in aeternum super timentes
213 1702 513 1753 eum: In Psalm.
259 1745 1763 1809 Per oppositum ad haec tria misericordia hominis ad hominem inuenitui
205 1812 1776 1861 debilis & modica intensiue, duratiue & extensiue. Intensiue, quia uix aliquis
199 1864 1762 1926 mouetur ad compatiendum cuicunque: quia nunc adimpletur illud Tim. 3. E
204 1919 1777 1970 runt omnes homines seipsos amantes. Extensiue, quia si aliqua sit compassio
205 1973 1763 2024 hominis ad alium, erit forte ad consanguineum, & non ad extraneum, ad ami
200 2041 1785 2080 cum & familiarem, & non ultra: Et ideo signanter dicitur Eccles. 18. Miseratio
205 2080 1764 2134 hominis circa proximum suum: misericordia autem DEI super omnem carnem
207 2133 1770 2186 Breuis est etiam duratiue: quia non durat diutius quam homo cernitur oculis si
208 2201 1773 2243 cut porcus compatitur porco, quamdiu audit eum clamare, Oseae 6. Misericor
211 2236 1771 2297 dia uestra quasi matutina, & quasi ros mane pertransiens. Non sic docuit To
199 2298 1774 2350 bias filium suum. Quomodo (inquit) potueris ita esto misericors, Tob. 4. Et A
209 2359 1770 2421 postolus ad Coloss. 3. Induite uos sicut electi DEI sancti & dilecti uiscera mi
208 2410 1771 2460 sericordiae. Non dicit uerba misericordiae, sed uiscera. Multi enim sermonibus
207 2475 1774 2525 compatiuntur, sed operibus ualde pauci: & tamen de solis operibus fiet com
196 2528 1781 2583 putatio in iudicio generali. Vnde Petrus Rauanensis in quodam sermone di
214 2568 1773 2622 cit: In regno coeli coram omnibus angelis in conuentu resurgentium, quod A
206 2621 1783 2680 bel passus sit, quod mundum saluauit Noe, quod Abraham fidem seruauit,
202 2675 1777 2736 quod Moyses legem dedit, quod Petrus crucem resupinus ascendit, DEVS ta
260 2739 1715 2794 cet, & clamat, quod quasi pauper comedit dicens: Esuriui, &c. Qui mise
442 2786 1521 2842 ricors est, misericordia dignus est. Haec Petrus Raua
712 2835 1274 2903 nensis in quodam sermone.
