2371 3609
805 984 2169 1053 IECLARATA gubernatione sapientiae in liberatione Adae, Noë
817 1042 2159 1095 & Abrahae: In ista parte prosequitur Spiritus sanctus de mirabili li
809 1099 2182 1148 beratione ipsius Loth, qui est quartus, quem inducit de patribus anti
806 1152 2172 1204 quis, ad declarandum quantum ualet colere DEVM. Cultum enim
596 1210 2168 1273 DEI uocat sapientiam ut pluries replicaui. Vnde indifferenter potest exponi quid
598 1267 2164 1317 quid tam hic quam superius dicitur de sapientia increata, quae est DEVS: uel de
601 1315 2175 1366 sapientia creata, quae est pietas, uel uerus DEI cultus, ut dicamus quod sapientia
608 1368 2170 1421 creata: id est, uerus DEI cultus liberauit, & gubernauit electos & sanctos dis
591 1421 2179 1486 positiue & meritorie: quia fecit eos dignos gubernatione diuina, sicut consue
601 1475 1608 1529 uimus dicere militi: Strenuitas tua te fecit militem.
655 1528 2162 1579 Circa liberationem ergo Loth de subuersione Sodomae sciendum quod si
602 1586 2174 1647 cut narratur Gen.18. & 19. Ciuitates quinque fuerunt in regione iuxta lordanem,
606 1641 2170 1692 ubi modo est mare mortuum inter ludaeam & Arabiam. Et dicebatur aliquan
605 1693 2154 1753 do illa regio uallis illustris, uidelicet Sodoma & Gomorra, Adama, Seboim,
605 1745 2165 1796 & Segor. Viri autem istarum ciuitatum utentes ocio, & abundantia uictuali
601 1800 2162 1855 um, omni generi libidinis se dederunt in tantum, quod usum naturalem exces
601 1856 2163 1907 serunt, quem DEVS ad propagandum instituit inter uirum & mulierem: exar
602 1908 2156 1959 serunt masculi in masculos, & foeminae in foeminas luxuriam exercentes. Vo
599 1964 2169 2015 lens ergo Dominus istud nefandum flagitium punire, misit tres angelos ad
598 2017 2149 2070 Abraham, qui morabatur in ualle Mambre non multum a Sodoma, nuncian
589 2072 2153 2125 tes Abrahae quod ciuitates praedictae deberent subuerti. Abraham considerans
611 2137 2163 2196 quod Loth frater uxoris suae habitauit in Sodoma, & quod esset iustus, posuit
593 2180 2167 2241 se supplicans DEO quod parceret malis propter bonos, & ait: Si fuerint ibi
610 2236 2167 2299 quinquaginta in Sodoma uidelicet nonne parces populo propter eos: Et Do
608 2290 2167 2356 minus respondit, quod parceret populo propter 50. Quid (inquit) Abraham si
600 2343 2172 2396 fuerint quadraginta quinque. Et sic paulatim descendendo quaesiuit. Quid si
605 2396 2162 2458 quadraginta: Quid si triginta: Quid si uiginti: Quid si decem: Et Dominus
600 2451 2168 2505 respondit quod parceret propter decem. Cum ergo in tanta multitudine non
600 2504 2160 2555 fuerunt decem boni, recesserunt angeli illi duo ab Abraham, & iuerunt ad So
602 2562 2176 2610 domam. Loth autem habitans in Sodoma fuit simpliciter hospitalitati deuo
597 2613 2175 2667 tus. Vnde cum uidisset istos angelos in humana effigie uenientes (aestimans
595 2679 2169 2736 eos esse homines) inuitauit in domum suam, & fecit eis conuiuium, & r prae
593 2724 2173 2776 munierunt eum, quod subuerterent Sodomam. Et mane dissimulante Loth
601 2778 2170 2828 exire apprehenderunt eum angeli cum uxore sua & duabus filiabus suis, & sta
596 2833 2176 2889 tuerunt eum extra ciuitatem, dicentes eis, quod fugerent in montem, & non
596 2885 2178 2949 respicerent retro. Et statim Dominus pluit super illas ciuitates sulphur & ignem,
594 2939 2174 2993 & subuertit quatuor ex eis statim: Segor uero pepercerunt usque post: propter
596 2989 2173 3048 Loth qui petierat quod ibi possint ad tempus morari. Vxor ergo Loth more
590 3048 2166 3103 foemineo, quae est Semper prona rei quae prohibetur ei, tespexit tetro se, &
