2371 3609
606 206 2184 268 Asael euasit: quia duos primos declinauit per fugam, & tertium fugere non po
617 265 1103 321 tuit, sed resistens occidit
647 325 2188 375 Praecipue ergo fugiamus societatem carnalem propter tria. Solent enim homi
615 372 2187 429 nes fugere ignium conflagrationem, uermium intoxicationem & fluminum inun
613 443 2189 495 dationem. Carnalis uero societas generat ignem libidinis inter quascunque
617 484 2191 552 personas: nec est facile declinare sine fuga: Nullus ergo confidat de senectute,
617 551 2179 605 nullus de suae religionis uirtute: ferrum & silex duo sunt corpora frigida, & ta
616 595 2189 658 men de eis excutitur ignis percussione minima: Vnde Esaiae 4 8. Egredimini
609 648 2181 701 a Babylone, fugite a Chaldaeis. Babylon interpretatur confusio, Chaldaei adora
607 702 2185 755 uerunt ignem: & figurant homines libidinosos, qui per ardorem ignis Iluxu
617 761 2185 821 riae ducunt communiter semetipsos ad confusionem infamiae: & ideo pro ulti
613 806 2181 864 mo remedio docet Apostolus 1. ad Corinth. 6. Fugite fornicationem. Secun
611 865 2183 916 da conclusio sit ista. Fugere debemus carnalem uoluptatem, sicut fugiunt ho
613 920 2185 973 mines uermium intoxicationem, probatur. Nullus enim libenter quiescit aut
617 974 2191 1026 dormit ubi uermes uel serpentes aut coluber communiter conuersantur, & cer
606 1028 2186 1082 te mulieres multo facilius intoxicant aliquam mentem, quam coluber car
603 1080 2185 1134 nem. Nullum enim uenenum dicitur interficere carnem, priusquam cum san
608 1146 2182 1203 guine misceatur: species autem mulieris etiam a longe sine tactu per solam im
609 1192 2183 1246 mutationem spiritualem oculorum inficit, & allicit mentem: quia qui uiderit
601 1243 2176 1300 mulierem ad concupiscendum eam, iam moechatus est in corde suo, Matth. 5.
605 1298 2185 1353 Et ideo satis apte potest exponi de foemina, quae cum sit radix peccati, illud
615 1351 2185 1404 Eccles. 21. Quasi a facie colubri fuge peccatum. Coluber dicitur quasi colens
608 1412 2184 1471 umbras, & mulieres communiter angulos, & umbras, & loca non patentia di
606 1461 2179 1515 ligunt. Iuxta illud Ecclesiast. 21. Non est caput nequius super caput colubri, &
607 1516 2179 1569 non est ira super iram mulieris. Et parum ante dicitur: quod omnis malicia ne
610 1566 2172 1631 quicia mulieris. De hac loquitur signanter Petrus Blesenn. ad Heinricum re
607 1619 2169 1683 gem Angliae: in expositone quadam super lob, ubi cum exposuit, quare Dia
607 1677 2179 1735 bolus, qui lob de omnibus bonis suis exspoliauit, filijs, & filiabus, & etiam
609 1729 2173 1796 substantia, uxorem tamen sibi reliquit. Hoc (inquit) non fuit ad solatium uiri,
599 1783 2175 1844 sed ad consummationem suae maliciae, ut per foeminam uinceret, quem per
598 1852 2164 1907 persecutionem non uicerat, & quod uerberibus non poterat, uerbis mulieris
602 1909 2175 1955 efficeret. Per foeminam (inquit) Ioseph incarceratus est, Naboth occisus,
602 1948 2160 2000 Samson uinculatus, lsboseth interfectus, Dauid adulter & homicida, Salo
609 2004 2155 2057 mon apostata, Sisara clauis confossus, Praecursor & Baptista CHRISTI decol
597 2058 2169 2111 latus. Per foeminam mors in orbem terrarum intrauit: & cum per Filium DEI
605 2115 2177 2175 ordinata esset nostra redemptio, praesentiens hostis quod in morte CHRISTI
596 2161 2168 2233 dispensatio nostrae redemptionis impleretur, salutem totius humani generis,
602 2217 2166 2273 machinatus est per foeminam impedire. In uxore nanque Pilati uisiones de
597 2270 2167 2340 ceptorias, & phantasticas illusiones immisit, in tantum quod Pilato mortem
603 2328 2179 2386 CHRISTI dissuadendo mandauit. Nihil tibi & iusto illi: Multa enim hodie
604 2377 1557 2448 per uisum passa sum propter illum. Haec Petrus.
639 2430 2172 2489 Nota quod de CHRISTO mirabantur discipuli Ioh. 4: quod solus loque
594 2484 2188 2547 batur cum muliere: Quid ergo mirum si homines infirmi infirmum iudicent
597 2545 2181 2601 sinistre, si nimis consortia mulierum habemus. Gene. 2. quod propter mulierem
593 2597 2185 2657 formandam costa fuit assumpta de uiro: sed qualis fuit restitutio. Certe sicut
590 2653 2180 2713 ibi dicitur: DEVS impleuit carnem pro ea. In signum quod quantumcunque
584 2708 2184 2761 fuerit homo mulieri familiaris, quantumcunque eam ad bonos mores pro
589 2763 2181 2816 moueat, & ad uitae rectitudinem, quod est quasi solidum os praestare ni
587 2815 2179 2880 hil ab ea uiceuersa recipiet, nisi carnem: id est, carnales affectiones: Et ideo il
587 2870 2181 2930 le bonus loseph allectus, & inuitatus ab uxore domini sui pallium reliquit.
594 2923 2172 2979 Genesis trigesimo nono. De ista fuga loquitur beatus Augustinus de co
583 2976 2183 3040 habitatione clericorum & mulierum. Grauem (inquit) inimicum sortita est ca
582 3030 2188 3106 stitas, cui non solum resistendum est, sed dimisso fraeno longius fugiendum:
