2371 3609
157 264 1740 330 nec eo minus cauendae sunt: quia religiosae dicuntur: quia quanto religiosores,
171 317 1740 370 tanto citius alliciunt, & sub praetextu pietatis latet uiscus libidinis. Experto
170 374 1740 425 crede, dicit Aug. Episcopus loquar coram DEO, non mentior. Cedros libani
164 425 1729 477 duces gregum sub hac peste cecidisse reperi, de quorum casu non magis suspi
180 480 1739 526 cabar quam Ambrosij uel Hieronymi. Haec Augustinus. De eodem Ambro
176 524 1737 582 sius in de officijs lib. 1. Foeminarum cum clericis, nullo modo permittitur com
169 593 1729 640 uersatio: lanua Diaboli, uia iniquitatis, Scorpionis percussio, nociuum genus
170 646 1731 695 est foemina cum proximat, stimulat & ignem incendit. Haec ille. Tripliciter enim
170 689 1734 764 laedit mulier sensibiliter: Voce, uisu, & tactu. Vox enim mulieris frangit natu
159 749 1728 803 raliter uirilem animum suauitate mirabili, periculosa tamen. Vnde Augustinus
169 799 1737 850 de fingularitate monachorum cap. 8. Mulier nunc in risum dissoluit, nunc blan
169 858 1728 922 dicias exhibet, & quod est uenenosius super cuncta, propsallere delectatur,
157 910 1728 962 cuius cantu tolerabilius est audire Basiliscum sibulantem, uisu laedit si uidea
164 966 903 1015 tur. Vnde prudenter dicit metricus:
377 1014 1326 1075 Femina fax Sathana, faetens rosa dulce venenum.
428 1079 1132 1139 Semper prona rei, quae prohibetur ei.
378 1113 1118 1196 Vrit enim vultu, visu, risu, quoque cultu.
385 1175 1305 1256 Huius ab insultu quantum potes, esto procul tu.
160 1229 1731 1290 Sed tertio & maxime nocet tactu. Vnde August. lib. 1. soliloquio, cap. 5. Nihil
163 1291 1730 1344 esse sentio quod magis ex arce contemplationis animum uirilem deijcit, quam
163 1342 1728 1393 blandimenta foemine tactusque corporum, lohan. 20. Noli me tangere mulier, di
169 1400 1723 1453 cit CHRISTVS Mariae Magdalenae cum sola esset. Et 1. Timo. 6. Tu uero
157 1451 1734 1503 homo DEI haec fuge. Tertio debemus fugere carnalem voluptatem sicut fluuio
171 1508 1728 1557 rum inundationem. Qui fugiunt aquarum inundationes ascendunt monta
158 1562 1719 1615 na. Moraliter, locus montanus est locus Sanctae religionis, ad quem fugere de
152 1616 1729 1664 bent, quae carnis delicias uincere uolunt perfecte. Exemplo istius Loth, cui di
167 1678 1723 1723 cebatur: Ne stes in omni circa regione, sed in monte saluum te fac. Omnis status
160 1718 1731 1775 in mundo est quasi circa regionem uoluptatis. Sed solus mons est locus securus.
154 1777 1732 1837 Luc. 21. Qui in Iudaea sunt fugiant ad montes. Iudaea interpretatur confessio,
158 1831 1721 1886 & significatueram poenitentiam ueteris uitae carnalis, quam quicunque habere
157 1890 1740 1955 uoluerit ad montem religionis accedat: qui modo merito solitudo propter raritatem
151 1940 1740 1992 accedentium reputatur. In Psal. Ecce elongaui fugiens, & mansi in solitudine.
358 2672 1717 2727 OSTQVAM actum est de liberatione ipsius Loth a Sodomitarum
376 2727 1713 2783 subuersione. In ista litera diffusius prosequitur de eorum iusta puni
377 2781 1710 2836 tione. Et circa hoc duo facit. Primo ostendit quomodo sapientia
377 2848 1717 2891 rigide damnat malos: Secundo quomodo misericorditer saluat
383 2893 1717 2944 bonos: Secunda pars ibi: Sapientia aut hos. Circa primum ostendit
136 2944 1719 2999 quod poena Sodomitarum debuit esse sibiipsis nociua & damnosa: Secundo
144 3012 1711 3069 debuit esse quo ad alios publica & famosa, ibi: Sed & insipientia suae. Circa
140 3062 1719 3124 primum est advertendum que secundum Arist. 7. Ethi. Intemperatus differt a continente
