2371 3609
583 222 2153 280 secundo infirmatur per comitantem delectationem: tertio moritur per consen
576 284 2154 333 sum: quarto asportatur de domo & elongatur ab hominibus per culpae suae
585 333 2149 385 abominationem apud homines: quinto sepelitur per malam consuetudinem:
586 377 2142 438 sicut enim terra uel lapis superpositus onerat & opprimit corpus ne resurgat,
590 445 2150 495 etiam si posset. Ita mala consuetudo est quasi quaedam moles grauissime op
586 480 2156 561 primens & necessitans hominem ad peccandum. Vnde Augustin. 8. Confess.
596 554 2154 608 5. cap. Lex peccati est uiolentia consuetudinis, qua trahitur & tenetur etiam
588 592 2156 661 inuitus animus eo merito quo in eam uolens illabatur. Et in eodem cap. cito
589 647 2149 722 post primum loquens de seipso pro statu peccati ante baptismum suum: Inspi
589 715 2153 763 rabam, inquit, ligatus non ferro alieno, sed mea ferrea uoluntate: uelle meum
591 769 2165 826 tenebat inimicus, & inde mihi cathenam fecerat & constrinxerat me. Quippe
600 821 2157 869 ex uoluntate peruersa facta est libido, & dum seruitur libidini, facta est consue
592 873 2160 932 tudo: & dum consuetudini non resistitur, facta est necessitas. Haec August. Et
593 921 2155 978 haec consuetudo peccandi comparatur Laxari sepulture, secundum eundem
596 974 2170 1031 in sermone Domini in monte lib. 1. cap. 13. Et sicut uidetis quod magnis &
595 1030 2147 1093 nobilibus siunt sepulchra honestissima, de marmore, uel de alijs honestis lapi
593 1080 2157 1140 dibus seu lignis cum figuris & picturis, quae simul ornant, & onerant & hone
592 1135 2161 1194 stant. Ita magnis & potentibus mortuis per peccatum faciunt adulatores se
594 1208 2160 1259 pulchra dealbata & depicta pingentes & palliantes, diminuentes uel excu
603 1247 2164 1309 santes, imo commendantes peccata potentium: quia laudatur peccator in de
599 1299 2166 1354 siderijs animae suae & iniquus benedicitur: & isti uidentur eos honorare, & orna
600 1353 2160 1410 re. Et ita faciunt: sed tamen simul cum hoc onerant & opprimunt miseros, ne
605 1404 2159 1470 resurgant per poenitentiam de peccatis. Vnde narrat Greg. 4. Moral cap. 19.
601 1473 2159 1527 quod CHRISTVS tres mortuos suscitauit, Puellam in domo: iuuenem in por
596 1514 2157 1570 ta: Laxarum in sepulchro: quartum uero mortuum discipulo nunciante cogno
602 1570 2168 1641 scit: sed tamen non suscitat: quia ualde difficile est ut is quem post usum malae
602 1634 2156 1677 consuetudinis, adulantium linguae excipiunt, a mentis suae morte reuocetur.
607 1678 2161 1730 De quo bene dicit: Sinite mortuos sepelire mortuos suos. Mortui enim mor
606 1731 2158 1787 tuos suos sepeliunt cum peccatores fauoribus premunt peccatores. Erat autem
606 1786 2170 1847 Lazarus mortuus, sed non a mortuis sepultus, sed a fidelibus mulieribus cum
602 1850 2166 1906 pietate sepultus. Sexto corpus mortuum a uermibus consumitur, & sic mens
603 1891 2159 1960 priuata uita gratiae a ueimibus conscientiae desperationis & finalis impoe
605 1960 2159 2012 nitentiae & corroditur & mordetur. Sic igitur conuenienter peccatum dicitur
602 2008 2160 2063 mors propter similem defectum uel procesium deficiendi: sic enim intrat in animam
603 2056 2161 2111 sicut mors in corpus, ad Rom. 5. Peceatum intrat in mundum & per peccatum mors.
656 2109 2169 2162 Secundo uocatur peccatum mors propter consimilem effectum. Mors nanque facit
604 2167 2148 2218 corpus rigidum & frigidum, foetidum & putridum, horridum & terreum & ponde
602 2226 2167 2286 rosum, lsto modo moraliter peccatum facit animam rigidam per superbiam &
599 2275 2164 2326 inobedientiam ad DEVM, Proverb. 18. Cum obsecrationibus loquitur pauper
609 2325 2161 2380 & diues effabitur rigide. Diues: id est, superbus secundum gloss. & efficit animam
602 2377 2162 2434 frigidam per inuidiam quam uocat propheta maliciam, Hier. 6. Sicut frigidam facit
595 2450 2159 2502 cisterna aquam suam: sic frigidam fecit malicia animam suam. Foetidam per luxuriam,
592 2486 2156 2538 Esaiae 24. De cadaueribus eorum ascendet foetor. Putridam, per gulae immo
601 2542 2157 2597 derantiam, per quam sensus & ratio sepeliuntur, & operiuntur, & homo in asinum
597 2599 2155 2650 commutatur, Hier. 22. Sepultura asini sepelietur putrefactus & proiectus ex
592 2656 2168 2728 tra portas Hierusalem. Horrida, per iracundiam, Gen.15. Horror magnus &
593 2705 2153 2756 tenebrosus inuasit Abraam. Terream, per auaritiam: quia nihil sapit nisi terre
596 2761 2148 2818 num. Vt dicatur tali animae sicut talpae dixit natura, & DEVS serpenti, Gen. 3.
615 2808 2148 2869 Terram comedes cunctis diebus uitae ruae: Pigram per accidentiam, qua homo
597 2876 2151 2923 nihil boni operatur, Proverb. 13. uult & non uult piger: anima autem operan
602 2923 2166 2989 tium impinguabitur. Et conuenienter peccatum uocatur mors propter consi
599 2982 2163 3026 milem effectum, Ad Rom. 7. Peccatum ut appareat peccatum per bonum opera
601 3032 2161 3097 tum est mihi mortem, ut fiat supra modum peccans peccatum per mandatum,
