<?xml version="1.0" encoding="UTF-8" standalone="yes"?>
<PcGts xmlns="http://schema.primaresearch.org/PAGE/gts/pagecontent/2013-07-15" xmlns:xsi="http://www.w3.org/2001/XMLSchema-instance" xsi:schemaLocation="http://schema.primaresearch.org/PAGE/gts/pagecontent/2013-07-15 http://schema.primaresearch.org/PAGE/gts/pagecontent/2013-07-15/pagecontent.xsd">
    <Metadata>
        <Creator>prov=University of Rostock/Institute of Mathematics/CITlab/Gundram Leifert/gundram.leifert@uni-rostock.de:name=holcotwisdom-m2(htr_id=17503)::::v=2.4.3
prov=University of Rostock/Institute of Mathematics/CITlab/Tobias Gruening/tobias.gruening@uni-rostock.de:name=de.uros.citlab.module.baseline2polygon.B2PSeamMultiOriented:v=2.4.3
prov=University of Rostock/Institute of Mathematics/CITlab/Tobias Gruening/tobias.gruening@uni-rostock.de:name=/net_tf/LA73_249_0mod360.pb:de.uros.citlab.segmentation.CITlab_LA_ML:v=?0.1
TRP</Creator>
        <Created>2019-01-18T08:25:04.073-05:00</Created>
        <LastChange>2019-12-04T04:02:47.741+01:00</LastChange>
        <TranskribusMetadata docId="116678" pageId="4355083" pageNr="477" tsid="20351007" status="IN_PROGRESS" userId="25065" imgUrl="https://files.transkribus.eu/Get?id=ZTLYTYVEUCNRJIDAPKYKXEBU&amp;fileType=view" xmlUrl="https://files.transkribus.eu/Get?id=ONFELTXTYRBDTNRPJJRAVEVH" imageId="2467418"/>
    </Metadata>
    <Page imageFilename="sap_Page_477.png" imageWidth="2371" imageHeight="3609">
        <ReadingOrder>
            <OrderedGroup id="ro_1575476326507" caption="Regions reading order">
                <RegionRefIndexed index="0" regionRef="TextRegion_1573240179596_2272"/>
            </OrderedGroup>
        </ReadingOrder>
        <TextRegion orientation="0.0" id="TextRegion_1573240179596_2272" custom="readingOrder {index:0;}">
            <Coords points="158,260 1732,276 1735,3027 158,3027"/>
            <TextLine id="r1l3" custom="readingOrder {index:0;}">
                <Coords points="169,316 1720,319 1720,278 1529,262 169,254"/>
                <Baseline points="179,303 255,303 332,303 408,305 485,305 561,305 638,303 714,303 791,303 867,303 944,303 1021,303 1097,303 1174,303 1250,303 1327,303 1403,305 1480,305 1556,306 1633,308 1710,311"/>
                <TextEquiv>
                    <Unicode>&amp; omni fallacia fili Diaboli, inimici omnis iusticiae, non desinis subuertere</Unicode>
                </TextEquiv>
            </TextLine>
            <TextLine id="r1l4" custom="readingOrder {index:1;}">
                <Coords points="165,370 1701,373 1718,322 165,326"/>
                <Baseline points="174,359 250,359 327,359 404,359 481,359 557,359 634,359 711,357 788,357 864,357 941,357 1018,357 1095,357 1171,359 1248,359 1325,359 1402,359 1478,360 1555,360 1632,362 1709,363"/>
                <TextEquiv>
                    <Unicode>uias Domini rectas. Talis consiliator fuit ille Aman, qui subtilitatem nobi </Unicode>
                </TextEquiv>
            </TextLine>
            <TextLine id="r1l5" custom="readingOrder {index:2;}">
                <Coords points="161,425 1717,426 1717,383 1576,373 161,372"/>
                <Baseline points="171,413 247,414 324,414 401,413 478,413 555,413 631,413 708,413 785,413 862,413 939,413 1015,412 1092,411 1169,413 1246,413 1323,413 1399,413 1476,414 1553,414 1630,416 1707,417"/>
                <TextEquiv>
                    <Unicode>lissimi principis Assueri fraudulentis consilijs circumuenit, &amp; nobilis regis </Unicode>
                </TextEquiv>
            </TextLine>
            <TextLine id="r1l6" custom="readingOrder {index:3;}">
                <Coords points="163,478 1726,480 1726,426 163,431"/>
                <Baseline points="174,468 251,468 328,468 405,467 482,467 559,467 636,467 713,465 790,465 867,465 945,465 1022,465 1099,465 1176,465 1253,465 1330,467 1407,467 1484,468 1561,468 1638,470 1716,471"/>
                <TextEquiv>
                    <Unicode>innocentiam ad nephariam crudelitatem induxit. Hest. 13. Hostis noster &amp;</Unicode>
                </TextEquiv>
            </TextLine>
            <TextLine id="r1l7" custom="readingOrder {index:4;}">
                <Coords points="163,532 1722,531 1521,482 163,484"/>
                <Baseline points="173,522 254,522 335,522 416,521 497,521 578,521 659,521 740,521 821,521 902,521 983,521 1064,521 1145,521 1226,521 1307,522 1388,522 1469,522 1550,524 1631,525 1712,527"/>
                <TextEquiv>
                    <Unicode>inimicus pessimus iste est Aman. Isti igitur inimici sunt repudiandi per pru</Unicode>
                </TextEquiv>
            </TextLine>
            <TextLine id="r1l8" custom="readingOrder {index:5;}">
                <Coords points="161,587 1726,589 1726,531 161,546"/>
                <Baseline points="170,578 247,578 324,576 401,576 479,576 556,576 633,576 710,575 788,575 865,575 942,575 1019,575 1097,576 1174,576 1251,576 1328,576 1406,578 1483,578 1560,579 1637,579 1715,581"/>
                <TextEquiv>
                    <Unicode>dentiam, sicut idem Assuerus fecit. Aman quando iniquam sententiam ad</Unicode>
                </TextEquiv>
            </TextLine>
            <TextLine id="r1l9" custom="readingOrder {index:6;}">
                <Coords points="168,642 1723,654 1703,607 1565,591 168,589"/>
                <Baseline points="177,630 253,630 330,630 407,630 484,630 561,630 637,630 714,630 791,630 868,630 945,630 1021,630 1098,630 1175,630 1252,630 1329,632 1405,632 1482,633 1559,635 1636,635 1713,636"/>
                <TextEquiv>
                    <Unicode>suggestionem &amp; consilium eius datam, de occidendo toto genere ludaeorum,</Unicode>
                </TextEquiv>
            </TextLine>
            <TextLine id="r1l10" custom="readingOrder {index:7;}">
                <Coords points="161,697 697,692 697,659 576,642 563,654 375,643 340,659 286,646 161,660"/>
                <Baseline points="171,687 196,686 222,686 248,686 274,686 300,686 325,684 351,684 377,684 403,684 429,684 454,684 480,684 506,684 532,684 558,684 583,684 609,684 635,684 661,684 687,684"/>
                <TextEquiv>
                    <Unicode>misericorditer retractauit. </Unicode>
                </TextEquiv>
            </TextLine>
            <TextLine id="r1l11" custom="readingOrder {index:8;}">
                <Coords points="229,748 1722,753 1722,707 1440,689 1315,722 229,696"/>
                <Baseline points="239,740 312,740 386,740 460,740 533,738 607,738 681,738 754,738 828,738 902,738 976,738 1049,738 1123,738 1197,738 1270,738 1344,738 1418,740 1491,740 1565,740 1639,741 1713,743"/>
                <TextEquiv>
                    <Unicode>Tertij inimici nostri sunt detrahentes &amp; persecutores. Et istos uulgariter</Unicode>
                </TextEquiv>
            </TextLine>
            <TextLine id="r1l12" custom="readingOrder {index:9;}">
                <Coords points="163,805 1662,816 1728,806 1728,760 163,766"/>
                <Baseline points="173,795 250,795 327,794 404,794 482,794 559,794 636,794 714,794 791,794 868,794 946,794 1023,794 1100,794 1177,794 1255,794 1332,794 1409,795 1487,795 1564,795 1641,797 1719,797"/>
                <TextEquiv>
                    <Unicode>uocamus hostes &amp; inimicos qui personas &amp; conditiones nostras laedunt, &amp;</Unicode>
                </TextEquiv>
            </TextLine>
            <TextLine id="r1l13" custom="readingOrder {index:10;}">
                <Coords points="164,857 1717,858 1643,807 164,818"/>
                <Baseline points="173,849 249,849 326,849 403,848 479,848 556,848 633,848 709,848 786,848 863,848 940,848 1016,848 1093,848 1170,848 1246,848 1323,848 1400,848 1476,849 1553,849 1630,849 1707,849"/>
                <TextEquiv>
                    <Unicode>tamen ipsi frequenter nobis proficiunt. Sicut enim docet Boëtius 4. de Con</Unicode>
                </TextEquiv>
            </TextLine>
            <TextLine id="r1l14" custom="readingOrder {index:11;}">
                <Coords points="149,908 1712,914 1712,877 1459,859 149,863"/>
                <Baseline points="158,903 235,903 312,903 389,903 467,902 544,902 621,902 698,902 776,902 853,902 930,902 1007,902 1085,903 1162,903 1239,903 1316,903 1394,903 1471,903 1548,903 1625,905 1703,905"/>
                <TextEquiv>
                    <Unicode> solatione prosa 6. Prouidentia diuina exinde saepe producit insigne miracu</Unicode>
                </TextEquiv>
            </TextLine>
            <TextLine id="r1l15" custom="readingOrder {index:12;}">
                <Coords points="163,967 1724,970 1724,915 163,914"/>
                <Baseline points="173,959 250,959 327,957 404,957 481,957 558,957 635,956 712,956 789,956 866,956 944,956 1021,956 1098,956 1175,957 1252,957 1329,957 1406,957 1483,958 1560,959 1637,959 1715,960"/>
                <TextEquiv>
                    <Unicode>lum, quod malos mali bonos faciunt. Nam dum mali quidam considerant se</Unicode>
                </TextEquiv>
            </TextLine>
            <TextLine id="r1l16" custom="readingOrder {index:13;}">
                <Coords points="163,1023 1720,1018 1666,969 163,972"/>
                <Baseline points="174,1013 250,1011 327,1011 404,1010 481,1010 558,1010 634,1010 711,1010 788,1010 865,1010 942,1010 1018,1010 1095,1010 1172,1010 1249,1010 1326,1010 1402,1011 1479,1011 1556,1011 1633,1011 1710,1013"/>
                <TextEquiv>
                    <Unicode>iniqua quaedam a pessimis perpeti, noxiorum odio flagrantes ad uirtutis fru</Unicode>
                </TextEquiv>
            </TextLine>
            <TextLine id="r1l17" custom="readingOrder {index:14;}">
                <Coords points="168,1090 1714,1077 1700,1027 169,1037"/>
                <Baseline points="179,1067 255,1065 331,1065 407,1064 484,1064 560,1064 636,1062 712,1062 789,1062 865,1062 941,1062 1017,1062 1094,1064 1170,1064 1246,1064 1322,1064 1399,1065 1475,1065 1551,1065 1627,1067 1704,1067"/>
                <TextEquiv>
                    <Unicode>gem redeunt, dum se eis dissimiles student esse quos oderant. Tales sunt ad</Unicode>
                </TextEquiv>
            </TextLine>
            <TextLine id="r1l18" custom="readingOrder {index:15;}">
                <Coords points="168,1129 1513,1146 1723,1130 1723,1078 168,1092"/>
                <Baseline points="177,1119 253,1119 330,1119 407,1119 484,1118 561,1118 637,1118 714,1118 791,1116 868,1116 945,1116 1021,1116 1098,1116 1175,1116 1252,1118 1329,1118 1405,1118 1482,1119 1559,1121 1636,1122 1713,1124"/>
                <TextEquiv>
                    <Unicode>uersus religiosos &amp; sanctos uiros isti mundo dediti &amp; Diabolo, qui facta &amp;</Unicode>
                </TextEquiv>
            </TextLine>
            <TextLine id="r1l19" custom="readingOrder {index:16;}">
                <Coords points="165,1185 1717,1185 1717,1148 1430,1129 165,1146"/>
                <Baseline points="176,1175 252,1173 329,1173 405,1172 482,1172 558,1172 635,1172 711,1172 788,1172 864,1172 941,1172 1018,1172 1094,1172 1171,1172 1247,1172 1324,1172 1400,1173 1477,1173 1553,1173 1630,1173 1707,1175"/>
                <TextEquiv>
                    <Unicode>uitam sanctorum laniant, iudicant &amp; deprauant, quorum infamatio timen</Unicode>
                </TextEquiv>
            </TextLine>
            <TextLine id="r1l20" custom="readingOrder {index:17;}">
                <Coords points="164,1239 1729,1233 1651,1188 164,1196"/>
                <Baseline points="173,1229 250,1229 327,1227 404,1227 482,1227 559,1226 636,1226 714,1226 791,1226 868,1226 946,1226 1023,1226 1100,1226 1177,1226 1255,1226 1332,1227 1409,1227 1487,1227 1564,1227 1641,1227 1719,1229"/>
                <TextEquiv>
                    <Unicode>da non est: quia est a turpibus orta. Sicut enim dicit Gregorius super Exce</Unicode>
                </TextEquiv>
            </TextLine>
            <TextLine id="r1l21" custom="readingOrder {index:18;}">
                <Coords points="166,1294 1729,1288 1507,1237 166,1255"/>
                <Baseline points="176,1281 253,1281 330,1281 407,1281 484,1281 561,1280 638,1280 716,1280 793,1280 870,1280 947,1280 1024,1280 1101,1280 1178,1280 1256,1281 1333,1281 1410,1281 1487,1281 1564,1282 1641,1283 1719,1283"/>
                <TextEquiv>
                    <Unicode>chielem: Peruersorum derogatio uitae nostrae approbatio est: quia iam o</Unicode>
                </TextEquiv>
            </TextLine>
            <TextLine id="r1l22" custom="readingOrder {index:19;}">
                <Coords points="163,1347 1723,1344 1707,1301 164,1294"/>
                <Baseline points="173,1335 250,1335 327,1335 404,1335 481,1335 558,1334 635,1334 712,1334 789,1335 866,1335 943,1335 1020,1335 1097,1335 1174,1335 1251,1337 1328,1337 1405,1337 1482,1338 1559,1338 1636,1340 1713,1340"/>
                <TextEquiv>
                    <Unicode>stenditur iusticiae aliquid nos habere, si illis qui DEO non placent, incipi</Unicode>
                </TextEquiv>
            </TextLine>
            <TextLine id="r1l23" custom="readingOrder {index:20;}">
                <Coords points="171,1402 273,1397 345,1414 358,1400 475,1399 475,1364 405,1364 369,1343 348,1355 290,1350 268,1366 171,1363"/>
                <Baseline points="180,1392 205,1391 231,1391 257,1389 283,1389 309,1388 335,1388 361,1388 387,1388 413,1389 439,1389 465,1389"/>
                <TextEquiv>
                    <Unicode>mus displicere.</Unicode>
                </TextEquiv>
            </TextLine>
            <TextLine id="r1l24" custom="readingOrder {index:21;}">
                <Coords points="227,1454 1729,1457 1729,1415 1589,1403 227,1403"/>
                <Baseline points="236,1442 310,1442 384,1443 458,1443 532,1443 606,1443 680,1443 755,1443 829,1443 903,1443 977,1442 1051,1442 1125,1442 1199,1442 1274,1442 1348,1442 1422,1443 1496,1443 1570,1445 1644,1445 1719,1446"/>
                <TextEquiv>
                    <Unicode>Non enim est derogatio, sed commendatio lucis, si eam odiunt &amp; fugiunt </Unicode>
                </TextEquiv>
            </TextLine>
            <TextLine id="r1l25" custom="readingOrder {index:22;}">
                <Coords points="168,1509 1470,1518 1725,1510 1725,1470 168,1472"/>
                <Baseline points="177,1497 258,1497 339,1497 420,1497 501,1497 582,1497 663,1497 744,1497 825,1497 906,1497 987,1497 1068,1499 1149,1499 1230,1499 1311,1499 1392,1499 1473,1499 1554,1500 1635,1500 1716,1500"/>
                <TextEquiv>
                    <Unicode>uespertiliones. Sancti uiri sunt lux mundi per lucidam famam, &amp; sinceram </Unicode>
                </TextEquiv>
            </TextLine>
            <TextLine id="r1l26" custom="readingOrder {index:23;}">
                <Coords points="177,1567 1293,1574 1703,1563 1716,1526 177,1528"/>
                <Baseline points="186,1554 262,1554 338,1554 414,1554 490,1553 566,1553 642,1553 718,1553 794,1553 870,1553 946,1553 1022,1553 1098,1551 1174,1551 1250,1551 1326,1553 1402,1553 1478,1553 1554,1553 1630,1553 1707,1554"/>
                <TextEquiv>
                    <Unicode>conscientiam, 1. Thessalon. 5. Vos filij lucis estis &amp; filij diei. Peccatores au</Unicode>
                </TextEquiv>
            </TextLine>
            <TextLine id="r1l27" custom="readingOrder {index:24;}">
                <Coords points="173,1617 1721,1618 1721,1581 1623,1567 173,1579"/>
                <Baseline points="183,1608 259,1608 335,1608 412,1608 488,1608 564,1607 641,1607 717,1607 793,1607 870,1607 946,1607 1022,1607 1099,1607 1175,1607 1251,1607 1328,1607 1404,1607 1480,1608 1557,1608 1633,1608 1710,1610"/>
                <TextEquiv>
                    <Unicode>tem sunt sicut uespertiliones, amantes semper opera tenebrarum. Iterum non</Unicode>
                </TextEquiv>
            </TextLine>
            <TextLine id="r1l28" custom="readingOrder {index:25;}">
                <Coords points="170,1672 1499,1686 1729,1674 1729,1627 170,1633"/>
                <Baseline points="180,1662 261,1662 342,1662 423,1662 504,1662 585,1662 666,1662 747,1662 828,1662 909,1662 990,1661 1071,1661 1152,1661 1233,1661 1314,1661 1395,1662 1476,1662 1557,1662 1638,1662 1719,1664"/>
                <TextEquiv>
                    <Unicode>est derogatio, sed commendatio odoris uitis, si eum serpentes fugiunt. Boni</Unicode>
                </TextEquiv>
            </TextLine>
            <TextLine id="r1l29" custom="readingOrder {index:26;}">
                <Coords points="170,1727 1723,1721 1676,1676 170,1690"/>
                <Baseline points="179,1718 255,1716 332,1716 409,1716 485,1716 562,1715 639,1715 715,1715 792,1715 869,1715 946,1715 1022,1715 1099,1715 1176,1715 1252,1715 1329,1716 1406,1716 1482,1716 1559,1716 1636,1716 1713,1716"/>
                <TextEquiv>
                    <Unicode>uiri sunt bonus odor CHRISTI per bonam conuersationem suam, 2. Co</Unicode>
                </TextEquiv>
            </TextLine>
            <TextLine id="r1l30" custom="readingOrder {index:27;}">
                <Coords points="159,1779 1734,1780 1734,1741 1457,1727 159,1742"/>
                <Baseline points="170,1772 247,1772 325,1772 403,1772 480,1770 558,1770 636,1770 713,1770 791,1770 869,1769 947,1769 1024,1769 1102,1769 1180,1769 1257,1769 1335,1769 1413,1769 1490,1770 1568,1770 1646,1772 1724,1773"/>
                <TextEquiv>
                    <Unicode>rinthiorum 2. Alijs quidem sumus odor mortis in mortem, alijs autem uitae</Unicode>
                </TextEquiv>
            </TextLine>
            <TextLine id="r1l31" custom="readingOrder {index:28;}">
                <Coords points="170,1837 1729,1836 1728,1793 1623,1781 169,1787"/>
                <Baseline points="179,1826 260,1826 341,1826 422,1824 503,1824 584,1824 665,1824 746,1823 827,1823 908,1823 989,1823 1070,1823 1151,1823 1232,1823 1313,1823 1394,1824 1475,1824 1556,1824 1637,1824 1718,1824"/>
                <TextEquiv>
                    <Unicode>in uitam. Peccatores autem sunt serpentes pleni ueneno peccati. Tertio non</Unicode>
                </TextEquiv>
            </TextLine>
            <TextLine id="r1l32" custom="readingOrder {index:29;}">
                <Coords points="169,1888 1494,1897 1726,1889 1726,1846 169,1849"/>
                <Baseline points="179,1878 255,1878 332,1878 409,1878 486,1878 563,1878 640,1878 716,1878 793,1878 870,1878 947,1878 1024,1878 1101,1877 1178,1877 1254,1878 1331,1878 1408,1878 1485,1878 1562,1878 1639,1879 1716,1880"/>
                <TextEquiv>
                    <Unicode>est derogatio, sed commendatio coloris, si caeci de illo mentiantur, &amp; iudicant </Unicode>
                </TextEquiv>
            </TextLine>
            <TextLine id="r1l33" custom="readingOrder {index:30;}">
                <Coords points="160,1945 1725,1944 1725,1902 1560,1890 160,1898"/>
                <Baseline points="171,1934 248,1932 325,1932 402,1932 480,1932 557,1932 634,1932 711,1931 789,1931 866,1931 943,1931 1020,1931 1098,1931 1175,1931 1252,1931 1329,1932 1407,1932 1484,1932 1561,1932 1638,1932 1716,1932"/>
                <TextEquiv>
                    <Unicode>falsum. Peccatores caeci sunt, Sophocles 1. Ambulant ut caeci: quia Domino</Unicode>
                </TextEquiv>
            </TextLine>
            <TextLine id="r1l34" custom="readingOrder {index:31;}">
                <Coords points="159,2013 1725,1999 1725,1958 159,1960"/>
                <Baseline points="168,1989 245,1989 322,1988 400,1988 477,1986 555,1986 632,1986 709,1986 787,1985 864,1985 942,1985 1019,1985 1096,1986 1174,1986 1251,1986 1329,1986 1406,1986 1483,1986 1561,1986 1638,1986 1716,1986"/>
                <TextEquiv>
                    <Unicode>peccauerunt, &amp; Sapientiae 2. Excaecauit eos malicia eorum. Vnde &amp; iudicia</Unicode>
                </TextEquiv>
            </TextLine>
            <TextLine id="r1l35" custom="readingOrder {index:32;}">
                <Coords points="170,2054 1727,2045 1582,1998 170,2013"/>
                <Baseline points="180,2043 256,2042 333,2042 410,2040 487,2040 564,2040 640,2040 717,2040 794,2040 871,2040 948,2040 1024,2040 1101,2040 1178,2040 1255,2040 1332,2040 1408,2040 1485,2040 1562,2040 1639,2040 1716,2040"/>
                <TextEquiv>
                    <Unicode>temeraria de sanctis sunt simpliciter contemnenda. Vnde cum quidam iu</Unicode>
                </TextEquiv>
            </TextLine>
            <TextLine id="r1l36" custom="readingOrder {index:33;}">
                <Coords points="170,2107 1729,2106 1729,2061 170,2069"/>
                <Baseline points="180,2096 261,2096 342,2096 423,2094 504,2094 585,2094 666,2094 747,2094 828,2093 909,2093 990,2093 1071,2093 1152,2093 1233,2093 1314,2094 1395,2094 1476,2094 1557,2094 1638,2096 1719,2096"/>
                <TextEquiv>
                    <Unicode>uenis ociosus diceret Demostheni philosopho: Si homines me odirent sicut </Unicode>
                </TextEquiv>
            </TextLine>
            <TextLine id="r1l37" custom="readingOrder {index:34;}">
                <Coords points="165,2161 1560,2174 1712,2160 1712,2109 165,2120"/>
                <Baseline points="174,2151 250,2150 326,2150 403,2150 479,2148 556,2148 632,2148 709,2148 785,2147 862,2147 938,2147 1014,2147 1091,2147 1167,2148 1244,2148 1320,2148 1397,2148 1473,2148 1550,2148 1626,2150 1703,2150"/>
                <TextEquiv>
                    <Unicode>te, me ipsum perimerem. Et respondit: Et ego me perimerem, si me quemad </Unicode>
                </TextEquiv>
            </TextLine>
            <TextLine id="r1l38" custom="readingOrder {index:35;}">
                <Coords points="163,2216 1683,2222 1724,2160 163,2179"/>
                <Baseline points="173,2205 250,2204 327,2204 404,2204 481,2204 558,2204 635,2202 712,2202 789,2202 866,2202 944,2202 1021,2202 1098,2202 1175,2202 1252,2202 1329,2202 1406,2202 1483,2202 1560,2204 1637,2204 1715,2205"/>
                <TextEquiv>
                    <Unicode>modum te amarent. Quarto non est derogatio, sed commendatio medici, si</Unicode>
                </TextEquiv>
            </TextLine>
            <TextLine id="r1l39" custom="readingOrder {index:36;}">
                <Coords points="167,2284 1729,2262 1429,2213 167,2231"/>
                <Baseline points="176,2259 253,2258 330,2258 407,2256 484,2256 561,2256 638,2256 716,2256 793,2255 870,2255 947,2255 1024,2255 1101,2255 1178,2256 1256,2256 1333,2256 1410,2256 1487,2256 1564,2256 1641,2258 1719,2258"/>
                <TextEquiv>
                    <Unicode>phreneticus maledicat. Serui DEI sunt medici animarum: Peccatores au</Unicode>
                </TextEquiv>
            </TextLine>
            <TextLine id="r1l40" custom="readingOrder {index:37;}">
                <Coords points="167,2325 1405,2334 1707,2322 1728,2265 167,2284"/>
                <Baseline points="177,2313 254,2312 331,2312 408,2310 485,2310 562,2310 639,2309 716,2309 793,2309 870,2309 947,2309 1024,2310 1101,2310 1178,2310 1255,2310 1332,2310 1409,2310 1486,2310 1563,2310 1640,2310 1718,2310"/>
                <TextEquiv>
                    <Unicode>tem sicut phrenetici. Si igitur tales uiros sanctos diffamant, oportet eorum blas </Unicode>
                </TextEquiv>
            </TextLine>
            <TextLine id="r1l41" custom="readingOrder {index:38;}">
                <Coords points="160,2393 567,2354 1439,2390 1725,2376 1725,2331 160,2340"/>
                <Baseline points="170,2369 247,2367 324,2366 401,2366 479,2366 556,2364 633,2364 711,2364 788,2364 865,2364 943,2364 1020,2364 1097,2364 1174,2364 1252,2364 1329,2364 1406,2364 1484,2364 1561,2366 1638,2366 1716,2366"/>
                <TextEquiv>
                    <Unicode>phemias deridere. Vnde legitur de Vespasiano lmperatore, quod cum esset </Unicode>
                </TextEquiv>
            </TextLine>
            <TextLine id="r1l42" custom="readingOrder {index:39;}">
                <Coords points="157,2430 1634,2443 1736,2429 1736,2386 157,2395"/>
                <Baseline points="167,2421 244,2421 322,2421 400,2420 478,2420 556,2420 634,2420 712,2420 790,2420 868,2418 946,2418 1023,2418 1101,2418 1179,2418 1257,2418 1335,2420 1413,2420 1491,2420 1569,2420 1647,2421 1725,2421"/>
                <TextEquiv>
                    <Unicode>auarus &amp; senex &amp; quidam improperando sibi diceret: Vulpem pellem posse </Unicode>
                </TextEquiv>
            </TextLine>
            <TextLine id="r1l43" custom="readingOrder {index:40;}">
                <Coords points="161,2487 1726,2480 1568,2431 161,2446"/>
                <Baseline points="170,2477 247,2475 324,2475 401,2475 479,2474 556,2474 633,2474 710,2474 788,2474 865,2474 942,2474 1019,2472 1097,2474 1174,2474 1251,2474 1328,2474 1406,2474 1483,2474 1560,2475 1637,2475 1715,2475"/>
                <TextEquiv>
                    <Unicode>mutare non animum: Respondit: Risum huiusmodi debemus hominibus, no</Unicode>
                </TextEquiv>
            </TextLine>
            <TextLine id="r1l44" custom="readingOrder {index:41;}">
                <Coords points="161,2541 931,2536 931,2503 893,2483 701,2506 365,2487 237,2507 161,2488"/>
                <Baseline points="170,2531 207,2531 245,2531 282,2529 320,2529 357,2529 395,2529 432,2528 470,2528 507,2528 545,2528 582,2528 620,2528 657,2528 695,2528 732,2528 770,2528 807,2528 845,2528 882,2528 920,2528"/>
                <TextEquiv>
                    <Unicode>bis correctionem, poenam criminosis.</Unicode>
                </TextEquiv>
            </TextLine>
            <TextLine id="r1l45" custom="readingOrder {index:42;}">
                <Coords points="247,2599 1725,2593 1724,2546 1522,2539 247,2543"/>
                <Baseline points="257,2586 329,2585 402,2585 475,2583 548,2582 621,2582 694,2582 767,2582 840,2580 913,2580 986,2582 1058,2582 1131,2582 1204,2582 1277,2582 1350,2582 1423,2582 1496,2582 1569,2582 1642,2582 1715,2582"/>
                <TextEquiv>
                    <Unicode>Quarti inimici quos habemus apparenter, sed tamen realiter sunt amici:</Unicode>
                </TextEquiv>
            </TextLine>
            <TextLine id="r1l46" custom="readingOrder {index:43;}">
                <Coords points="164,2650 1723,2644 1593,2595 164,2598"/>
                <Baseline points="173,2639 250,2637 327,2637 404,2636 481,2636 558,2636 635,2636 712,2636 789,2636 866,2636 943,2636 1020,2636 1097,2636 1174,2636 1251,2636 1328,2636 1405,2636 1482,2636 1559,2637 1636,2637 1713,2637"/>
                <TextEquiv>
                    <Unicode>sunt corripientes &amp; correctores, qui nos de nostris excessibus &amp; erroribus ar</Unicode>
                </TextEquiv>
            </TextLine>
            <TextLine id="r1l47" custom="readingOrder {index:44;}">
                <Coords points="163,2714 1547,2714 1724,2702 1724,2659 163,2666"/>
                <Baseline points="173,2696 250,2694 327,2693 404,2693 481,2691 558,2691 635,2691 712,2690 789,2690 866,2690 944,2690 1021,2690 1098,2690 1175,2690 1252,2690 1329,2690 1406,2690 1483,2691 1560,2691 1637,2691 1715,2691"/>
                <TextEquiv>
                    <Unicode>guunt, puniunt &amp; emendant. Veritas enim est errantibus odiosa, quamdiu</Unicode>
                </TextEquiv>
            </TextLine>
            <TextLine id="r1l48" custom="readingOrder {index:45;}">
                <Coords points="158,2757 1729,2755 1633,2703 158,2717"/>
                <Baseline points="167,2748 244,2747 322,2747 399,2745 477,2745 555,2744 632,2744 710,2744 787,2744 865,2744 943,2744 1020,2744 1098,2744 1175,2744 1253,2744 1331,2744 1408,2745 1486,2745 1563,2747 1641,2747 1719,2747"/>
                <TextEquiv>
                    <Unicode>in erroribus perseuerant. Talis fuit Paulus erga Galatas, quibus dicit Gal. 4:</Unicode>
                </TextEquiv>
            </TextLine>
            <TextLine id="r1l49" custom="readingOrder {index:46;}">
                <Coords points="203,2814 1692,2801 1349,2751 203,2775"/>
                <Baseline points="213,2804 286,2802 360,2801 433,2801 507,2799 580,2799 654,2799 727,2798 801,2798 874,2798 948,2798 1021,2798 1095,2798 1168,2798 1242,2799 1315,2799 1389,2799 1462,2799 1536,2799 1609,2799 1683,2799"/>
                <TextEquiv>
                    <Unicode>ergo inimicus factus sum uobis, uerum dicens uobis: Isti inimici sunt ac</Unicode>
                </TextEquiv>
            </TextLine>
            <TextLine id="r1l50" custom="readingOrder {index:47;}">
                <Coords points="345,2866 1227,2878 1553,2860 1553,2825 345,2827"/>
                <Baseline points="354,2856 413,2855 473,2855 532,2855 592,2853 651,2853 711,2853 770,2853 830,2853 889,2853 949,2853 1008,2853 1068,2853 1127,2853 1187,2853 1246,2853 1306,2853 1365,2853 1425,2853 1484,2852 1544,2852"/>
                <TextEquiv>
                    <Unicode>ceptandi ad beneuolentiam, Matth. 5. Diligite inimicos ue</Unicode>
                </TextEquiv>
            </TextLine>
            <TextLine id="r1l51" custom="readingOrder {index:48;}">
                <Coords points="501,2916 1410,2914 1410,2877 1334,2863 969,2890 905,2865 501,2867"/>
                <Baseline points="512,2909 556,2909 600,2909 645,2909 689,2909 734,2909 778,2909 822,2909 867,2909 911,2909 956,2909 1000,2909 1044,2909 1089,2909 1133,2909 1178,2909 1222,2909 1266,2909 1311,2909 1355,2910 1400,2910"/>
                <TextEquiv>
                    <Unicode>stros, &amp; benefacite his, qui uos oderunt, hoc</Unicode>
                </TextEquiv>
            </TextLine>
            <TextLine id="r1l52" custom="readingOrder {index:49;}">
                <Coords points="731,2972 797,2983 963,2966 1159,2971 1177,2965 1177,2939 937,2930 919,2916 888,2934 871,2922 797,2933 783,2919 730,2933"/>
                <Baseline points="740,2966 765,2966 790,2966 815,2964 840,2964 865,2964 890,2964 915,2964 940,2963 966,2963 991,2963 1016,2963 1041,2963 1066,2963 1091,2963 1116,2963 1141,2963 1167,2961"/>
                <TextEquiv>
                    <Unicode>est, uitiosos mores ue</Unicode>
                </TextEquiv>
            </TextLine>
            <TextLine id="line_1573240179725_2275" custom="readingOrder {index:50;}">
                <Coords points="908,3024 1027,3024 1027,2996 1017,2996 1008,2986 986,2988 971,2984 963,2988 951,2984 934,2970 908,2972"/>
                <Baseline points="918,3017 951,3018 984,3018 1017,3018"/>
                <TextEquiv>
                    <Unicode>stros.</Unicode>
                </TextEquiv>
            </TextLine>
            <TextEquiv>
                <Unicode>&amp; omni fallacia fili Diaboli, inimici omnis iusticiae, non desinis subuertere
uias Domini rectas. Talis consiliator fuit ille Aman, qui subtilitatem nobi 
lissimi principis Assueri fraudulentis consilijs circumuenit, &amp; nobilis regis 
innocentiam ad nephariam crudelitatem induxit. Hest. 13. Hostis noster &amp;
inimicus pessimus iste est Aman. Isti igitur inimici sunt repudiandi per pru
dentiam, sicut idem Assuerus fecit. Aman quando iniquam sententiam ad
suggestionem &amp; consilium eius datam, de occidendo toto genere ludaeorum,
misericorditer retractauit. 
Tertij inimici nostri sunt detrahentes &amp; persecutores. Et istos uulgariter
uocamus hostes &amp; inimicos qui personas &amp; conditiones nostras laedunt, &amp;
tamen ipsi frequenter nobis proficiunt. Sicut enim docet Boëtius 4. de Con
 solatione prosa 6. Prouidentia diuina exinde saepe producit insigne miracu
lum, quod malos mali bonos faciunt. Nam dum mali quidam considerant se
iniqua quaedam a pessimis perpeti, noxiorum odio flagrantes ad uirtutis fru
gem redeunt, dum se eis dissimiles student esse quos oderant. Tales sunt ad
uersus religiosos &amp; sanctos uiros isti mundo dediti &amp; Diabolo, qui facta &amp;
uitam sanctorum laniant, iudicant &amp; deprauant, quorum infamatio timen
da non est: quia est a turpibus orta. Sicut enim dicit Gregorius super Exce
chielem: Peruersorum derogatio uitae nostrae approbatio est: quia iam o
stenditur iusticiae aliquid nos habere, si illis qui DEO non placent, incipi
mus displicere.
Non enim est derogatio, sed commendatio lucis, si eam odiunt &amp; fugiunt 
uespertiliones. Sancti uiri sunt lux mundi per lucidam famam, &amp; sinceram 
conscientiam, 1. Thessalon. 5. Vos filij lucis estis &amp; filij diei. Peccatores au
tem sunt sicut uespertiliones, amantes semper opera tenebrarum. Iterum non
est derogatio, sed commendatio odoris uitis, si eum serpentes fugiunt. Boni
uiri sunt bonus odor CHRISTI per bonam conuersationem suam, 2. Co
rinthiorum 2. Alijs quidem sumus odor mortis in mortem, alijs autem uitae
in uitam. Peccatores autem sunt serpentes pleni ueneno peccati. Tertio non
est derogatio, sed commendatio coloris, si caeci de illo mentiantur, &amp; iudicant 
falsum. Peccatores caeci sunt, Sophocles 1. Ambulant ut caeci: quia Domino
peccauerunt, &amp; Sapientiae 2. Excaecauit eos malicia eorum. Vnde &amp; iudicia
temeraria de sanctis sunt simpliciter contemnenda. Vnde cum quidam iu
uenis ociosus diceret Demostheni philosopho: Si homines me odirent sicut 
te, me ipsum perimerem. Et respondit: Et ego me perimerem, si me quemad 
modum te amarent. Quarto non est derogatio, sed commendatio medici, si
phreneticus maledicat. Serui DEI sunt medici animarum: Peccatores au
tem sicut phrenetici. Si igitur tales uiros sanctos diffamant, oportet eorum blas 
phemias deridere. Vnde legitur de Vespasiano lmperatore, quod cum esset 
auarus &amp; senex &amp; quidam improperando sibi diceret: Vulpem pellem posse 
mutare non animum: Respondit: Risum huiusmodi debemus hominibus, no
bis correctionem, poenam criminosis.
Quarti inimici quos habemus apparenter, sed tamen realiter sunt amici:
sunt corripientes &amp; correctores, qui nos de nostris excessibus &amp; erroribus ar
guunt, puniunt &amp; emendant. Veritas enim est errantibus odiosa, quamdiu
in erroribus perseuerant. Talis fuit Paulus erga Galatas, quibus dicit Gal. 4:
ergo inimicus factus sum uobis, uerum dicens uobis: Isti inimici sunt ac
ceptandi ad beneuolentiam, Matth. 5. Diligite inimicos ue
stros, &amp; benefacite his, qui uos oderunt, hoc
est, uitiosos mores ue
stros.</Unicode>
            </TextEquiv>
        </TextRegion>
    </Page>
</PcGts>
