2371 3609
181 212 1743 273 expeditas ad loquendum. Ad disertitudinem multum confert iocunditas
180 267 1743 340 & audacia. Et per oppositum obstat & impedit omnis timor. Et ideo
180 329 1743 386 postquam euaserunt Aegyptiorum timorem statim facti sunt diserti ad DEVM
176 380 1748 453 suum laudandum. Sed de cuius ordinatione fecerunt istum laudem. Certe haec
183 427 1744 508 & alia fecerunt de mandato Moysis. Et ideo subiungit: Direxit opera eorum,
185 493 1733 546 videlicet sapientia in manibus prophetae sancti, scilicet Moysis, Oseae 12. In mani
176 533 894 597 bus prophetarum assimilatus sum,
239 599 1743 656 Decantauerunt Domine nomen sanctum tuum.] Si filij Israel nomen Domini
176 655 1740 704 decantauerunt deuote, quia eos de seruitute Aegyptiaca liberauit, multo ma
186 709 1737 767 gis nos nomen Domini decantare debemus, & uenerari, qui nos a poena in
188 766 1735 831 ferni passione sua redemit. Ipsi enim laudare potuerunt nomen antiquum tre
181 816 1757 872 mendae potentiae: nos autem nomen nouum pietatis & clementiae in Psalm.
183 861 1747 925 Secundum nomen tuum DEVS, sic & laus tua in fines terrae. Hoc nomen
181 929 1736 989 est IESVS, de quo Matth. 1. Vocabis nomen eius IESVM: Ipse enim saluum
180 970 1746 1023 faciet populum suum a peccatis eorum: Solent enim multum amantes de per
174 1030 1736 1081 sonis amatis facere cantilenas, earum nomina exprimendo. Igitur de hoc no
182 1084 1757 1145 mine IESVidem faciamus iuxta illud Psalm. Laudabo nomen Domini cum
184 1145 961 1205 cantico, & magnificabo eum in laude.
235 1187 1758 1246 Est igitur notandum quod istud nomen est nomen honoris & excellentiae,
179 1251 1759 1314 nomen amoris & beneuolentiae, nomen ualoris & omnipotentiae. Primo est no
187 1301 1728 1350 men honoris & excellentiae, Phil. 2. Dedit illi nomen, quod est super omne no
183 1352 1734 1406 men: ut in nomine IESVomne genu flectatur, coelestium, terrestrium, & infer
177 1409 1747 1463 norum. Vnde secundum sacros canones, quando hoc nomen IESVS profertur in
185 1457 1737 1516 Ecclesia, omnis Christianus inclinari docetur cum capite: quanuis iam hoc quam
186 1520 1738 1572 multa alia spiritualia in quibus lucrum diuitiarum non consistit, a praelatis huius
177 1578 1725 1623 temporis negligantur. Istud nomen est nomen nouum, & nouiter fuit CHRISTO
188 1624 1739 1691 impositum in sua circuncisione. Vocatum est nomen eius IESVS quod uocatum est
186 1683 1740 1727 ab angelo, priusquam in utero conciperetur, Luc. 2. Solent enim homines nomi
182 1735 1757 1784 na nova assumere triplici ratione. Quidam ratione adeptae dignitatis, quidam ra
183 1788 1758 1835 tione celandae ueritatis, & quidam ratione practicae probitatis. Ratione adeptae
184 1843 1758 1894 dignitatis. Omnis persona quae creatur in Papam, eligit sibi nomen nouum, & no
187 1895 1741 1943 men tale quod uirtutum bonitatem & modestiam repraesentet: quasi dicat, qualiter
192 1950 1732 2009 cunque fuerim temporibus retroactis, rigidus uel iniustus, negligens uel seuerus,
182 2005 1740 2070 ero deinceps pietate modestus, & regulatus uirtute: Secundo ratione celandae
185 2062 1749 2109 ueritatis. Solent nonulli sibi assumere nomina nova, & maxime tales, qui intrant
188 2112 1746 2163 regnum in quo dominantur inimici eorum: Tunc solent tales statum suum celare, & se
195 2175 1746 2218 extraneo nomine nuncupare, ne eorum conditio alijs innotescat. Tertio ratione
194 2225 1735 2285 practicae probitatis: sicut Manilius Torquatus: iste enim fuit quidam Romanus &
188 2276 1740 2325 dicebatur Lucius Manilius, quem cum quidam Gallus ad singulare certamen prouoca
185 2326 1743 2377 uit, cum eo congressus ipsum occidit, & torquem auream, quam in collo gestabat au
188 2375 1744 2432 ferens sibi imposuit. A quo facto nomen Torquati tam sibi quam posteris coqui
182 2435 1740 2486 siuit. Et sic etiam propter auctam magnifice Romanam rempublicam Octa
181 2490 1744 2543 uianus dicebatur August. Propter istas tres rationes, decuit CHRISTVM Fi
185 2539 1749 2594 lium DEI noviter incarnatum sibi assumere nomen nouum. Creatus nanque fuit
185 2600 1741 2659 Apostolicus siue summus Pontifex, & caput Ecclesiae secundum humanitatem,
182 2644 1752 2701 Eph. 1. Ipsum dedit caput super omnem Ecclesiam, qui est corpus eius, ad Hebrae.: 3:
190 2704 1737 2756 Considerate Apostolum, & Pontificem nostrae confessionis IESVM. Et quia fuerat
189 2762 1737 2825 multum rigidus ante uoluit in suo nomine futurae clementiae significare modestiam.
180 2810 1740 2862 Secundo, quia ipse intrauit mundum istum corporaliter, in quo daemones qui sibi ini
188 2873 1750 2921 micabant grauiter, & ut plurimum dominabantur, uoluit se occultare ne ab eis
191 2920 1747 2977 deprehenderetur, ut latere possit, principes, & potestates tenebrarum harum. Ter
195 2977 1737 3028 tio ratione practicae probitatis quam fecit sanguine proprio redimendo ge
187 3030 1753 3094 nus humanum. Vnde statim effuso modico sanguine in circumcisione, qui
