2371 3609
608 244 2186 303 serta transierunt. Nam inter Aegyptum & mare rubrum habuerunt quatuor man
620 292 2190 361 siones in deserto, & de transitu maris rubri habuerunt deserta Sur, & Sin, & Ca
618 349 2185 414 des: sicut patet Nu. 33. Cum ergo uenissent in Cades prope terminos Amor
617 402 2185 467 raeorum, misit Moyses 12. exploratores, ut considerarent terram Promissionis:
625 459 2183 523 & redeuntes populum animarent ex fertilitate terrae: sicut patet Nume. 13. Isti
619 510 2191 578 nuncij reuersi post 40. dies, quibus terram Promissionis explorauerant, dis
619 582 2193 633 senserunt inter se. Nam decem ex eis dixerunt terram esse pessimam & pericu
616 623 2180 687 losam ad adquirendum, & quod ibi habitarent Gigantes quibus filij Israel com
623 684 2187 738 parati quasi locustae uidebantur. Asseruerunt etiam quod terra illa deuorat
620 727 2195 793 habitatores suos: hoc est, tantum laborem exigitut colatur, quod homines
619 807 2189 862 propter excessus laborum & modicitatem fructus consumuntur: uel secun
628 850 2194 902 dum Hebraeos exponitur sic. Terra infirma est, nec habere uiuaces homines
623 908 2185 968 potest. Soli duo de 12. uidelicet losue & Caleph commendauerunt terram se
613 958 2188 1014 cundum ueritatem, quam uiderant. Populus igitur maiorem partem secu
627 1018 2183 1072 tus, coepit murmurare contra Dominum, & cogitauerunt sibi ordinate Du
625 1057 2196 1119 ces, & uoluerunt reuerti in Aegyptum. Quamobrem Dominus offensus ad
619 1112 2187 1185 populum, iussit eos redire ad solitudinem, de qua uenerant, ut illi decem
624 1165 2196 1226 iuxta numerum 40. dierum, quibus terram Promissionis considerauerant 40
623 1221 2193 1286 annis in deserto uiuerent: & tandem ibi morerentur cum populo, qui eis as
624 1272 2184 1335 senserat. Et sic factum est quod omnes illi qui exierant de Aegypto uiri fortes
625 1329 2197 1390 & robusti mortui fuerunt, & filij eorum 40 annis elapsis terram Promissionis
626 1391 2194 1449 intrauerunt, omnibus illis qui exierant de Aegypto mortuis: exceptis losue fi
617 1436 2192 1497 lio Nun, & Caleph filio lephone. Transierunt ergo de Aegypto in Cades pro
626 1491 2192 1564 pe terminos terrae Promissionis duobus annis. Et iterum a loco illo reuersi in
631 1547 2193 1603 desertum consumpserunt 38 annos, & in fine 39. anni redierunt in Cades &
626 1600 2194 1659 sica 2, mansiones, quas leguntur fecisse ab Aegypto usque ad campestria Moab.
623 1655 2185 1714 luxta Iordanem tantum tribus annis complete fuerunt, uidelicet ab Aegypto
626 1724 2196 1775 usque ad montem Sinai, ubi per annum manserunt a Sinai usque ad Cades
631 1764 2189 1819 12, mansiones fecerunt infra annum secundum: Per 38 annos postea erraue
628 1829 2192 1883 runt in deserto. Et redierunt fere ad mare rubrum, quo tempore moriebatur
620 1875 2193 1941 populus successiue, & alij in loco eorum generabantur: & in fine 39. anni
613 1938 2185 1993 redierunt de finibus Sinai in Cades in 11. diebus in quibus.19. mansiones fe
621 1981 2182 2035 cerunt. Vide Magistrum in historijs: Numer. 19. 20. & 33. quia haec est o
623 2047 2179 2105 pinio sua. Et uidetur dicere quod fuerunt in deserto 40. annis post murmu
631 2103 2187 2159 rationem factam in reditu exploratorum. Alii dicunt quod non est intelligen
627 2149 2191 2197 dum quod fuerunt in deserto 40. annis, computando a tempore quo dixit eis
620 2198 2184 2252 Dominus iuxta numerum 40. dierum, quibus terram considerastis, 40. an
619 2250 2181 2307 nis recipietis iniquitates uestras. Cum enim hoc dictum fuit post duos annos
626 2309 2196 2361 ab egressione de Aegypto, fuissent 42: annis in deserto, quod non tenetur: sed
632 2361 2202 2429 postquam redeuntibus exploratoribus murmuraucrunt, consumpserunt 39
626 2416 2193 2468 annos errando in deserto, de Cadesbarne usque montem Horeb: & econ
631 2477 2189 2524 tra redeundo per montem Sinai in Cadesbarne 40. anno inchoato. De i
625 2525 2189 2578 sta peregrinatione loquens litera dicit: Iter fecerunt per deserta, pluraliter:
626 2585 2184 2643 quia per multa deserta transierunt: quae non inhabitabantur, supple ab homi
620 2632 2194 2684 nibus, sed a bestijs & feris, & ideo dicitur Deuteronom. uigesimosecun
633 2689 2193 2742 do: Locus hortoris & uastae solitudinis. Et in istis desertis fixerunt casas:
625 2739 2199 2792 id est, diuersas mansiones: quia quadraginta duas fecerunt, ut superius di
632 2794 2206 2847 ctum est. Casa secundum Isidorum decimoquinto Ethicorum, capite un
620 2862 2198 2917 decimo est agreste tabernaculum, palis & uirgultis, arundinibusque con
626 2909 2192 2960 textum, quibus possunt homines se tueri a ui frigoris, calorisque iniu
621 2964 2190 3013 ria. Sic igitur habuerunt longam & periculosam peregrinationem in de
620 3009 750 3062 serto.
662 3075 2201 3125 Secundo habuerunt ibidem magnam uictoriosam hostium debellationem.
