2371 3609
190 270 1741 335 qui sponte nostram mortalitatem suscepit, & sua nos passione curauit. Vnde
184 315 1728 386 Bernhardus in quodam sermone: O bone IESV quid tibi & morti. Nos de
185 373 1747 456 linquimus, & tu soluis, nos peccamus, & tu luis: Opus sine exemplo, gratia sine
188 437 786 486 merito, & charitas sine modo.
237 482 1738 549 Tertio sanguis causat cementum solidum: dicitur, quod antiqui volentes
179 536 1729 602 facere aedificia perpetua, cementum cum humano sanguine commiscuerunt.
185 588 1739 674 Vnde etiam deVortegirno rege Britanniae in historia Britonum dicitur: quod
184 656 1733 725 cum aedificaret turrim in monte Eterij uel monte niuis in Vyallia, quidquid
188 710 1729 783 cementarijuna die operabantur, tellus alio die absorbuit. Consulerunt ergo
181 761 1728 814 magistri dicto regi, quod iuuenem quendam inquiri faciat, qui patrem terre
176 821 1736 886 num non haberet, cuius sanguine lapides, & cementum aspersi praestarent so
183 859 1726 937 lidum fundamentum. Moraliter ante CHRISTI passionem sic erat in mun
177 924 1729 975 do, quod quidquid homines aedificauerunt quantumcunque bene aedifica
182 982 1725 1049 rent, moraliter uiuendo bene, totum in morte absorbebatur a terra: quia om
176 1038 1734 1088 nes in puteum inferni descenderunt, nec stare potuit aedificium meritorum:
175 1089 1741 1142 donec aspersi essent sanguine iuuenis, qui patrem non habebat in terris, ad
179 1132 1730 1196 Hebr. 12. Accessistis ad mediatorem novi Testamenti IESVM & sanguinis
178 1196 1728 1248 aspersionem, melius loquentem quam Abel. Isto igitur sanguine cementum
169 1247 1733 1289 Ecclesiae conglutinatur, & solidatur, ut DEO amore indissolubili inhaerea.
177 1312 1730 1368 mus, qui procul prius in regione dissimilitudinis distabamus, ad Ephesios 2.
182 1351 1740 1406 Nunc aut in CHRISTO IESV uos qui aliquando eratis longe facti, estis pro
188 1405 729 1478 pe in sanguine CHRISTI
249 1462 1737 1520 Tertio innuitur nostra redemptio fuisse amorosa, cum dicitur: Dedisti. Non
178 1524 1726 1571 enim propter nostra praecedentia merita uel futura, CHRISTVS nos rede
186 1575 1738 1626 mit, sed sola sua ineffabili charitate. Iuxta illud Apostoli ad Titum 2. Dedit
175 1629 1735 1682 semetipsum pro nobis, ut nos redimeret ab omni iniquitate. Et lohan. 3. Sic
185 1683 1733 1731 DEVS dilexit mundum, ut Filium suum unigenitum daret. De ista mirabi
185 1733 1745 1786 li deuotione deuote loquitur Augustinus in quodam sermone de natali Do
192 1800 1740 1858 mini. Homo, inquit, factus est hominis factor, ut suggeret ubera regens side
185 1856 1737 1906 ra, ut esuriret panis, sitiret fons, dormiret lux: ab itinere uia fatigaretur, fal
179 1895 1747 1948 sis testibus ueritas occultaretur, iudex uiuorum & mortuorum a iudice
181 1952 1726 2004 mortali iudicaretur, ab iniustis iusticia damnaretur, flagellis disciplina cede
181 2009 1727 2060 retur, spinis botrus coronaretur, uirtus infirmaretur, salus uulneraretur, uita
190 2068 418 2114 moreretur.
251 2113 1737 2173 Quarto fuit nostra redemptio gratiosa: quia non fuit facta pro amicis bo
185 2178 1735 2223 nis & iustis, sed pro inimicis peccatoribus, & iniustis. Vnde ultimo subinfer
176 2236 1747 2289 tut. Humanum languinem dedisti iniustis, 1. Peut. 3. CHRISTVS semel pro pee
178 2288 1728 2343 catis nostris mortuus est, iustus pro iniustis. Sed quod adhuc est gratiosius,
183 2345 1737 2388 non solum pro iniustis dabatur, sed quotidie datur iniustis in sacramento al
183 2398 1729 2449 taris: quia iniusti sunt, qui peccandi tanto beneficio sunt ingrati: unde Augu
187 2444 1733 2496 stinus in quodam sermone de die iudicij: Cur me grauiori criminum tuorum
181 2488 1737 2550 cruce, quam illa in qua quondam penderam affixisti: Grauior enim mihi est
182 2556 1736 2613 crux criminum tuorum in qua inuitus pendo, quam in illa in qua quondam
187 2609 1739 2662 mortem tuam occisurus, tui misertus uolens ascendi: Haec Augustinus. Qua
192 2659 1752 2727 propter beatus Bernhardus in quodam sermone loquens in persona Domini
188 2720 1748 2769 deuotae animae, sic dicit: O homo uide quid pro te patior: non est dolor super
209 2771 1716 2826 dolorem meum quo crucior, ad te clamo qui pro te morior: uidetur poenas
326 2827 1616 2882 quibus afficior: uide clauos quibus confodior: & cum sit dolor
472 2878 1459 2934 tantus exterior, interitus tamen est planctus gra
657 2923 1284 2992 uior, cum te iam ingratum ex
896 2981 1041 3047 perior.
