2371 3609
860 711 2170 768 NARRATO aquae beneficio notabilis datae miraculosae He
859 773 2175 838 braeis in deserto, & econtrario supplicio aquae conuersae in sangui
861 817 2177 876 nem illato Aegyptijs in Aegypto: Hic assignat tanti beneficij He
860 876 2178 932 braeis collati congruam rationem. Est aut quaedam talis congruen
860 934 2181 987 tia, quare eos non sustinuit propter defectum aquarum perimi in
625 987 2174 1043 deserto. Hebraei enim in Aegypto occisi fuerant, & mirabiliter diminuti per
619 1041 2181 1105 submersionem paruulorum. De qua habetur Exod. 1. Quidquid masculini
619 1093 2162 1150 sexus natum fuerit, in flumen proijcite. Igitur in recompensationem illius dam
617 1163 2170 1214 ni per aquas illati, congruum fuit quod per aquas remedium contra sitim per
614 1201 2171 1265 ciperent in deserto: ut sic ostenderetur iniusticia, Aegyptiorum siti occisorum,
623 1255 2182 1313 aquis conuersis in sanguinem: & innocentia Hebraeorum consecutorum de sua
617 1310 2166 1365 siti remedium, per aquas de petra profluentes, dicitur ergo sic: Qui cum minue
615 1364 2170 1421 rentur: qui: id est, Heoraei, cum minuerentur: id est, fierent pauciores, in traductia
608 1430 2181 1473 ne infantium occisorum: id est, in propalatione infantium ad mortem secundum
620 1473 2169 1526 legem statutam, qua ordinabatur quod omnes masculi traducerentur ad mor
614 1539 2173 1590 tem: Dedisti illis aquam abundantem insperate: id est, contra spem ipsorum, scili
619 1584 2166 1637 cet Moysi & Aaron. Vnde dixit Moyses populo Numer. 13. Audite rebelles
620 1633 2170 1688 & increduli. Num depetra hac poterimus uobis eijcere aquas: Et infra dixit
621 1687 2162 1747 Dominus ad Moysen & Aaron: Cur non credidistis mihi ut sanctificaretis me
621 1749 2168 1797 coram filijs Israel: Non introducetis hos populos in terram, quam dabo eis.
613 1800 2160 1864 Dedisti inquit eis aquam insperate: ostendens per sitim, quae tunc fuit in defetto com
617 1848 2158 1918 parata ad sitim quae fuit in Aegypto: quemadmodum tuos exaltares, eis mira
625 1906 2161 1959 culose potum tribuendo, & ministrando: & aduersarios eorum necares, siti in
607 1956 1073 2026 tolerabili flagellando.
668 2010 2159 2075 Circa istam clausulam: dedisti eis aquam abundantem. Notandum quod per a
628 2080 2162 2138 quam in Scriptura sacra plurima designantur. Significat interdum sapientiam sa
608 2121 2168 2192 lutarem, interdum astutiam secularem, interdum poenitentiam regularem: Sapientiam
608 2180 2167 2234 aut salutarem, quae est uerus DEI cultus, qui consistit in studio, & oratione: id
614 2235 2163 2282 est, in studio sacrae Theologiae, & orationibus deuotis, quod nobis per Sacram scri
620 2283 2167 2351 pturam relucet: & signanter propter tria, videlicet propter eius superficialem
614 2340 2158 2392 continuationem, propter naturalem humectationem, & propter eius figurae re
614 2398 2155 2463 praesentationem: Primo aqua sapientiam salutarem significat propter eius superfi
619 2459 2175 2516 cialem continuationem: aqua enim faciliter secundum ea quae sibi approximant se
608 2508 2169 2572 conformat. Vnde Ambros. in hexameron lib. 3. Aqua rigorem frigoris comutat,
602 2559 2166 2609 ut inter uaporantia ferueat, inter umbrosa frigescat, sole repercusia exaestuet, ni
607 2617 2163 2683 uibus irrigata glaciali humore concalescat. isto modo sapientia moralis, quae
600 2662 2172 2734 hominem docet conuersari sine querela in medio nationis prauae & peruersae,
608 2715 2171 2782 salua semper honestate uitae, & ueritate conscientiae: nouit se omnibus confor
602 2778 2118 2833 mare, 1. Cor. 9. Omnibus omnia factus sum, ut omnes lucrifacerem, unde Cato:
732 2825 1447 2894 constans & lenis vt res expostulat esto.
716 2890 1589 2936 Temporibus mores sapiens sine crimine mutat.
896 2932 1543 3001 Item Sallustius super Albertum:
712 2992 1571 3054 consulo, quisquis eris, qui pacis federa quaeris.
765 3045 1542 3111 consonus esto lupis cum quibus esse cupis.
