2371 3609
190 271 1760 330 dignus: super hoc uerbo, Hiero. Si necessitas uenerit, ut amor parentum siue
197 312 1749 385 filiorum amori DEI comparetur, & non possit utrunque seruari, odium in suos,
193 369 1754 430 & pietas in DEVM est seruanda. Potissima enim cautela Diaboli est homi
192 435 1753 496 nes ab amore religionis retrahere per amorem parentum. In cuius figuram
185 481 1753 536 sicut dicit, Hieronymus & Chrysost. cum Dominus esset occupatus in officio
193 538 1761 591 praedicandi, suggessit ei quidam, Matth. 12. Ecce mater tua, & fratres tui foris
192 591 1753 664 stant, quaerentes loqui tibi, insidias CHRISTO tendens, ut spirituali operi car
191 646 1745 707 nem & sanguinem anteferret. Super quem locum expressius loquens Chry
181 701 1753 765 sostomus dicit sic: Dum CHRISTVS persuaderet populo, quod esset Filius
188 755 1748 803 DEI, Diabolus procurauit aduentum matris, ut turbae uidentes parentes car
192 812 1746 871 nales, diuinitatis eius obscuraret naturam. Et ideo qui uult fugere a mundo,
184 864 1754 910 non debet hoc parentibus, nec amicis carnalibus indicare. Figuram huius ha
184 912 1750 971 bemus, Genes. 31. quod lacob dum uellet fugere in patriam suam, auunculum
181 969 1745 1026 suum & socerum noluit de fuga praemonere. Et ludi. 14. Samson leonem con
187 1019 1759 1080 scidit in frusta, & postea de ore leonis mel comedit, & neutrum patri uel matri
177 1080 1749 1135 uoluit indicare. Et ideo de ista materia Hieronymus in quadam Epistola ita
184 1129 1740 1186 scribit. Licet in collo paruulus dependeat nepos, licet sparso crine & scissis ue
171 1192 1753 1252 stibus, ubera, quibus te nutrierat mater ostendat, licet in limine iaceat pater,
175 1244 1753 1305 per calcatum perge patrem, per calcatam perge matrem, siccis oculis ad ue
186 1297 1748 1346 xillum crucis euolat: solum pietatis genus est in hac re te esse crudelem. Ter
179 1351 1753 1397 tio patrem istum debemus aeternis memorijs cogitare, ne simus, quamdiu ha
182 1402 1755 1453 bemus esse, ingrati illi, per quem DEVS dedit nobis esse, Ecclesiast. 23. Me
185 1456 1751 1508 mento patris tui & matris tuae. Sed de filijs ingratis communiter modo uide
178 1525 1752 1581 mus, quod quantumcunque chari fuerint patri uel matri, quantumcunque eis di
185 1567 1753 1617 uitias copiosas relinquant, post tres dies a sepultura peractos obliuioni per
187 1624 1753 1686 petuae recommendant, falsum quendam dolorem in habitu nigro, & uul
188 1679 1748 1739 tu luctuoso praetendunt, & cordis laeticiam quadam cooperiunt tristicia si
182 1729 1746 1784 mulata. Talis fuit Gellia, de qua narrat Martialis cocus primo libro Epigram
177 1793 346 1838 maton:
310 1848 1176 1904 Amissum non slet cum sola est Sellia patrem
364 1889 1099 1958 Si quis adest, iusse prosiliunt lachrymae.
307 1956 1127 2014 Non luceat quisquis laudari Sellia quaerit
365 1990 996 2053 ille dolet vere, qui sine teste dolet.
183 2053 1755 2106 Vult dicere quod ista Gellia quando erat sola in nullo doluit mortem patris, &
176 2111 1758 2162 quam cito perpendit quod aliquis eam uideret, statim uoluntarias lachrymas.
173 2162 1748 2217 fudit. Et sic dicit Poëta de Gellia: Nullus dolet ueraciter, qui uult de suo dolo
176 2217 1754 2270 re laudari. Sed, ille dolet uere qui sine teste dolet. Tertio quod habemus pa
175 2272 1743 2335 trem spiritualem per curam & conseruationem, cui debemus obedientiam,
182 2326 1754 2379 beneuolentiam, & honorem: & merito. Ipse enim pro nobis tenetur reddere
181 2379 1759 2434 rationem, tenetur nos instruere per informationem, tenetur nos fovere per
180 2433 1740 2488 compassionem. De talibus patribus potest exponi illud Genes. 47. Pasto
183 2490 1753 2543 res quium sumus, & nos & patres nostri. Iste pater debet esse sicut Helias ad
178 2543 1746 2598 quem Helisaeus dixit 4. Regum 2. Pater mi, pater mi, currus Israel, & auriga e
176 2595 1746 2651 ius: ut sit currus supportans suauiter debilitates infirmorum, & auriga pun
181 2662 1745 2716 gens uiriliter negligentias accidiosorum. Iste debet esse arca Domini, in qua
176 2714 1738 2772 fuerunt uirga, tabulae, & manna: Ita in praelato debet esse uirga correctionis
181 2760 1743 2815 seu castigationis, tabulae informationis, & manna consolationis. Vnde Au
176 2811 1746 2883 gustinus: Corripiat inquietos, consoletur pusillanimes, pius pater sit ad om
171 2882 1746 2927 nes. Iste debet habere non solum faciem leonis per austeritatem, sed faciem ho
176 2936 1747 2987 minis per mansuetudinem & pietatem. Sit columna non solum ignis per acti
182 2976 1746 3032 uitatem exustionis, sed etiam columna nubis per suauitatem protectionis. Vn
177 3025 1747 3087 de Bernhardus super canti. Discite uos praelati subditorum matres uos esse de
172 3085 1753 3143 bere, non dominos, studete magis amari quam metui. Et si interdum seueri
