2371 3609
200 238 1773 307 tis, dol dicit: Illos tanquam durus rex interrogans condemnasti, non similiter iustis
182 287 1757 347 faciens, aliter non appareret congruitas in sermone: & est sensus, quod aliter pu
192 353 1763 410 niuit iustos Hebraeos, aliter iniustos Aegyptios: quia illos ad correctionem, hos
186 401 1704 454 ad damnationem seu condemnationem, ut in lectione praecedenti dictum fuit.
408 1160 1746 1227 OSTQVAM Salomon, DEVM glorificando & magnificando,
414 1222 1746 1269 recitauit mirabilem afflictionem, quam Aegyptijs intulit, eos mul
403 1276 1753 1335 tipliciter flagellando: In hac parte ait de eorum culpa ostendendo,
399 1327 1755 1380 quod iuste puniti sunt secundum exigentiam culparum suarum. Et
179 1378 1752 1428 circa hoc duo siunt: Primo coiungitur culpae poena: Secundo ostenditur pro
174 1431 1759 1497 portio debita inter ea, ibi: Vt scirent. Circa primum duo facit: quia primo po
183 1490 1752 1545 nit libertatem peccandi in generali: secundo exprimit fatuitatem peccandi ma
188 1540 1287 1608 gis in speciali. Secunda pars ibi: Quod quidam errantes.
232 1596 1750 1652 Circa primum dicit sic: pro cogitationibus autem insensatis iniquitates illorum,
181 1649 1747 1708 qui d. Nulla ratione probabili, uel tentatione carnali peccauerunt peccato idola
181 1702 1756 1756 triae: sed omnino euanuerunt in cogitationibus, & obscuratum est cor eorum
179 1759 1754 1808 insipiens, Roman. 1. Sed qualiter in speciali consequenter enarrat sic: Quod
170 1811 1743 1876 quidam errantes colebant mutos serpentes quod: id est, quia: Quidam errauerunt.
177 1868 1746 1929 ut Aegyptij & Chananaei, qui ad suam damnationem idolatriam inuenerunt,
182 1921 1741 1974 errantes errore morum inexcusabili, Proverb. 14. Errant qui operantur malum.
176 1970 1737 2025 Colebant mutos serpentes: id est, Aesculapium sub specie serpentis, & bestias su
170 2032 1741 2095 peruacuas: id est, pictas uel sculptas: vel superuacuas: id est, inutiles, ad ulum hu
176 2085 1731 2152 manum, sicut serpentes & uermes: vel bestias superuacuas: id est, fictas imagi
167 2136 1738 2189 nes bestiarum: Colebant louem sub specie arietis, & Mercurium sub specie ca
173 2198 1750 2255 nis. Vel sicut dicit Magister in historijs, depingebatur lupiter capite arietino:
165 2241 1734 2297 Mercurius capite canino: & caeterae partes uel fuerunt humanae effigies, uel a
173 2300 1734 2353 liarum bestiarum. Item Isid. 8. Ethy. cap. ultimo dicit quod Mercurius pingebatur
167 2358 1741 2406 cum capite canino, & canis est animal sagacissimum, & Mercurius est DEVS
169 2406 1744 2461 eloquentiae. Habuit etiam in capite & pedibus alas, ad designandum ueloci
170 2462 1737 2523 tatem qua defertur uox per aëra. Et quia sic coluerunt idola bestiarum, merito
175 2503 1748 2570 & per bestias puniti fuerunt: unde subdit: Immisisti illis multitudinem animalium
170 2581 1733 2634 mutorum in vindictam, unde Raba. Dignum fuit, ut qui creaturam pro creatore.
169 2622 1734 2678 uenerabantur, poenam sustinerent a creatura, unde opem quaerebant. Vnde me
164 2681 1743 2750 rito subinfertur: quia, per quae quis peccat, per haec & torquetur. Exempla aut istam
165 2743 1738 2801 proportionem verificantia, habemus in Scriptura sacra multa ualde: Goliath
173 2786 1742 2852 gladio qui uoluit occidisse Dauid, occisus est 2. Regum.17. Aman suspensus est
166 2837 1731 2895 in patibulo, quod parauerat Mardocheo. Hester. 7. Diues epulo lingua cru
172 2908 1727 2957 ciatus est, in qua prius fuerat uoluptuose delectatus, Luc. 16. Excech. 35. Cum
168 2947 1731 3004 sanguinem oderis, sanguis te persequetur, Matth. 26. Omnis qui acceperit gla
173 3005 1728 3057 dium, gladio peribit, Apoc. 12. Qui in captiuitatem duxerit, in captiuitatem
169 3055 1724 3112 ibit, & qui gladio occiderit, oportet eum gladio occidi, Esa. 33. Vae qui prae
