2371 3609
601 265 2166 318 Esa. 1. Incensum abominatio est mihi. Septimo habet iste DEVS sacerdotes la
603 320 2175 384 boriosos, hi sunt uenatores, piscatores, pistores, & coci: caeterique subseruientes,
605 388 2179 443 quorum tota solicitudo est parare sacrificia DEO suo uentri. In Psalm. Moyses
599 431 2173 483 & Aaron in sacerdotibus eius. Moyses interpretatur assumptus de aquis, & si
603 496 2173 551 gnificat piscatores. Aaron qui uitulos & arietes iugulauit, macellarios desi
595 539 2170 601 gnat qui omnes continentur sub arte coquinaria, sicut frenefactiua sub milita
595 598 2168 656 ri. Octauo habet cantores luxuriosos, qui cantilenas uocibus effoeminatis, &
603 658 2172 716 gestu meretricio, cum musicis instrumentis decantant, Esa. 5. Vae qui consurgi
608 708 2170 756 tis mane ad ebrietatem sectandam, & potandum usque ad uesperam, ut uino
596 753 2176 811 aestuetis. Cithara & lyra & uinum in conuiuijs uestris, & opus Domini non
596 810 2160 862 respicitis. Nono habet iste DEVS suos lectores mendosos, & histriones iocu
603 860 2173 915 latores, & adulatores, & cantatrices, & rhythmorum factores: qui illo solo lucran
602 918 1988 971 tur sibi uictum, 2. Mach. 2. Omnibus legentibus utilitas conferatur.
813 2119 2174 2160 OSTQUAM ostensum est, quod diuina iusticia punit peccato
808 2182 2176 2238 res proportionabiliter secundum exigentiam peccatorum: quia
810 2226 2157 2289 per quae quis peccat, per haec & torquetur: In hac parte declaratur,
813 2301 2154 2345 quod diuina potentia non ad certum gradum puniendi est limita
595 2335 2165 2399 ta: unde multo aliter posset tam Aegyptios quam Chananaeos puniuisse si sibi
599 2388 2163 2458 placuisset. Et circa hoc tria siunt. Nam primo declaratur magnitudo diuinae
598 2454 2169 2512 potentiae: Secundo congruentia suae iusticiae: Et tertio subinfertur communis
592 2511 2156 2558 tatio utriusque: secunda pars ibi: Sed omnia in mensura: tertia ibi, multum enim vae
589 2550 2157 2606 lere. Circa primum duo declarantur: Nam primo ostenditur quod DEVS po
597 2606 2161 2673 terat idolatras Aegyptios aliter puniuisse mediante alia creatura. Secundo quod
586 2661 2156 2727 potuit eos aliter puniuisse immediate per seipsum sine ministerio alterius crea
595 2720 1346 2779 turae. Secunda pats ibi: Sed & sine his
638 2768 2166 2823 Circa primum probatur, quod DEVS potuit peccatores per ministerium
590 2823 2160 2874 alicuius creaturae dupliciter in genere punire: & occidere: quia uel per crea
595 2878 2163 2932 turas modo creatas: uel per nouas & inuisas creaturas. Hoc probatur sic: Quia
590 2932 2166 2999 potentia DEI est omnipotens, & per consequens potest quidquid pos
597 2990 2175 3037 sibile est fieri: ergo DEVS potuit & potest peccatores affligere, uel crean
595 3042 2179 3093 do nova genera bestiarum crudelium, qualium subseruientium ministerio
586 3086 2173 3151 occidantur peccatores: uel immittendo eis bestias horrendas iam creatas.
