2371 3609
201 272 1760 330 quae ad peccatorum destructionem sufficerent multipliciter. Quod autem ad
200 327 1761 376 utrumque sufficiat DEI potentia, probatur dupliciter: Cum quia aliter non esset omni
194 384 1765 438 potens: tum quia fecit, quod plus est creando orbem terrarum ex nihilo. Haec est
200 439 1761 489 sententia literae. Dicit ergo siciNon enim impossibilis erat omnipotens manus tua
205 489 1764 544 impotens: quae creauit orbem terrarum ex materia inuisa, ex materia scilicer intor
194 544 1745 594 mi secundum imaginationem aliquorum, tam philosophorum quam sancto
199 601 1762 652 rum: imo antea illam materiam creauit ex nihilo. Non ergo erat impotens illa
193 650 1744 713 manus immittere illis multitudinem vrsorum, qui crudeles sunt & voraces, 6
187 701 1762 775 Reg. 2. Egressi sunt duo ursi de saltu, & lacerauerunt quadragintaduos pue
190 760 1749 813 ros. Audaces leones, 4. Reg. 17. Immisit illis leones qui interficiebant illos. Aut
191 816 1747 863 noui generis ira plenas & ignotas bestias quasi uastias a uastando. Vtrumque isto
187 869 1756 921 rum solet homini timorem incutere, uidelicet extraneitas, & crudelitas. Quae
201 920 1758 985 quando bestia uisa crudelis apparet, & ignota quae quidem bestiae forent: ant
190 978 1761 1029 vaporem igneum spirantes: id est, extra flantes ad reprobos inflamandos. Sicut
195 1030 1760 1079 de Behemoth dicitur lob. 41. Sternutatio eius splendor ignis. Aut odorem sumi
181 1085 1746 1150 proferentes putridum & foetidum, quo possunt homines suffocari. Aut horren
182 1142 1747 1201 das ab oculis scintillas emittentes, quae solo uisu eos comburent uel intoxicatent,
184 1192 1749 1242 sicut basiliscus: quarum scilicec bestiarum non solum lesura poterat illos extermi
181 1255 1746 1316 nare: id est, extra terminos uitae ponere, quod est destruere: sed & aspectus per ti
183 1300 1752 1365 morem occidere. Prouenit autem timor non solum ex uisu alicuius terribilis, imon
190 1358 1741 1405 etiam ex imaginatione sola. Sicut fortis imaginatio casus facit quandoque ho
188 1409 1751 1459 minem cadere. Et ex istarum bestiarum septuplici descriptione, notantur se
186 1463 1752 1524 ptem genera peccatorum capitalium, quae quasi septem crudeles bestiae nos
189 1520 409 1570 inuadunt.
230 1569 1735 1623 Per ursum intelligitur gula: tum quia ursus est animal uorax, & in melle spr
186 1625 1727 1680 cialiter delectatur, tum quia foetum producit informem & turpem. Quia tra
185 1682 1733 1733 dunt naturales ursam massam carnis parere sine lineamentis & partibus orga
183 1730 1748 1785 nicis ordinate distinctis. Sic gulosi & voracitati dediti in delectabilius & dul
189 1794 1748 1849 cibus specialiter delectantur & quidquid operis faciunt carneum est, & ad car
189 1841 1746 1898 nis comodum ordinatur. Vnde nihil a talibus paritur, nisi carnalitas. Contra
182 1910 1553 1960 quos Apostolus ad Rom. 13. Carnis curam ne feceritis in desiderijs.
223 1951 1741 2002 Per leonem intelligitur superbia: quia leo plus caeteris animalibus diligit do
179 2016 1734 2063 minari. Vnde Ambros. in Hexameron de sextae diei opere: Leo naturae suae fe
173 2059 1746 2124 rocia superbit aliarum ferarum quasi rex consortia dedignatur: sed neque ulla
182 2111 1745 2167 ei fera sociare se audet. Cum eius uocis tantus sit terror naturaliter, ut eo ru
179 2164 1746 2234 giente caetera formident. Haec est regula omnis superbi: quia & alij sibi ue
173 2221 1748 2275 rentur accedere, & dedignatur se alijs lociare, propter quod contra superbiam
182 2277 1745 2330 dicitur signanter, Eccles. 4. Noli esse quasi leo in domo tua, subuertentes do
185 2329 481 2381 mesticos tuos.
230 2383 1764 2452 Tertio per bestiam ira plenam notatur iracundia: & haec figuratur per quod.
167 2430 1756 2489 dam animal quod apud Arist. uocatur Albane, 2. de animalibus ca. 2. Quod est ani
177 2493 1750 2552 mal quoddam magnitudine quasi cerui, quod contra consuetudinem omnium
170 2557 1735 2601 aliorum animalium habet fel in aure, simile felli hominis in colore: & est ama
169 2613 1750 2664 rum ualde, causatiuum uehementis irae ferocitatisque. Iracundi ergo homines
171 2666 1738 2717 uidentur habere fel in aure: quia quantumcunque se homo componat ad con
170 2707 1736 2770 uiuendum cum eis pacifice & honeste, & modeste loquatur & rationabiliter,
173 2758 1744 2816 semper uidetur eis quod fiat eis aliqualis iniuria. Vnde nihil perfecte pla
180 2824 1738 2879 cet eis, diu enim portant fel in aure: quia quidquid audiunt, in amaritudinem
175 2877 1737 2932 conuertunt: & fel illud est simile felli hominis: quia omne illud quod displi
176 2935 1749 2988 cet rationibus licet malis confutare & reprobare nituntur. Quorum cuilibet
176 2980 1743 3032 dici potest illud Actuum octauo: In felle enim amaritudinis & obligatione
173 3029 1738 3086 iniquitatis uideo te esse: Et de illis verificatur illud Deuteronom. trigesi
168 3084 1745 3143 mosecundo: Fel draconum uinum eorum, & uenenum aspidum insanabile
