2371 3609
597 244 2154 308 extrinseca. Sed istas tres excusationes irrationabiles tollit Spiritus sanctus
601 293 2151 376 per duas negatiuas. Primo duas primas simul per istam negatiuam. Non est e
594 354 2155 416 nim illis medicamentum exterminij. ] illis: id est, creaturis omnibus, quas DEVS
608 411 2151 483 posuit in mundo, non est refectio ad causandum peccatum. Tertiam uero ex
610 468 2154 522 cusationem tollit per secundam negationem, ibi: Nec inferorum regnum in ter
600 524 2169 577 ra. Contra duas primas ergo dicitur: Non est illis: id est, omnibus rebus, quas
610 578 2160 632 creauit DEVS: id est, quas posuit in mundum, medicamentum exterminij: haec
616 637 2166 684 est necessaria immutatio uel infectio ad causandum exterminium: id est, pec
613 675 2162 737 catum propter quod homo exterminatur: id est, incurrit exterminium aeternum
613 724 2161 791 uel exterminatur: id est, extra terminos Ecclesiae utriusque ponitur. Et est me
613 783 2167 844 taphoricus modus loquendi, quasi medicus diceret infirmo, ostendendo sibi
610 839 2161 899 aliquem cibum extraneum: comedas secure de isto, moderate tamen: quia ni
614 900 2170 955 hil periculi, nihil mali in eo est, nisi tu facias excessum. Et uult dicere quod hoc
615 961 2161 1008 nullo modo est imputandum bonitati rerum uel speciei uel formae, quod ho
616 996 2165 1058 mines in amore mundanorum contra amorem DEI finguntur: sed tantum,
607 1047 2163 1112 modo peruersitati hominum, qui male utuntur rebus bene creatis: & sic tolli
607 1120 2180 1171 tur prima excusatio. Vnde Augustinus de uera religione cap. 38. Nec aqua
609 1177 2184 1221 malum, nec animal quod in aëre uiuit NNam ista substantiae sunt.) sed malum
614 1212 2168 1274 est uoluntaria praecipitatio in aquam & suffocatio quam mersus patitur. Sty
613 1263 2172 1328 lus ferreus alia parte qua scribamus: alia qua deleamus fabricatus est in suo ge
618 1325 2166 1387 nere pulcher & ad usum nostrum accommodatus, & si quisquam ea parte scri
608 1380 2175 1441 beret qua deletur, & ea uelit delere qua scribitur, nullo modo stylum malum fe
619 1427 1774 1491 cerit, sed ipsum factum iure uituperaret. Haec Augustinus
676 1483 2165 1541 Secunda excusatio peccatorum, quae dicunt fragilitatem carnis ad peccandum im
618 1542 2171 1605 pellere: excluditur per illud idem. Non enim est illis medicamentum exterminij:
624 1592 2179 1650 hoc est, concupiscentia necessitans uel exterminans: sed excitans tantum quam homo
620 1646 2171 1716 peccando habere meruit, & de qua, si uelit, proficit si resistit. Vnde Greg. 9. Mo
625 1702 2166 1762 ral ca. 36. Superna dispesatio idcirco nos tota sibi intentione seruientes, carnem
625 1766 2176 1819 nostram permittit impugnationibus concuti, ne mens nostra audeat in superbiam
631 1821 2184 1877 praesumptione suae securitatis eleuari, ut dum pulsata trepidet, in solo autoris
629 1874 2178 1918 adiutorio pedem robustius spei figat. Item ibidem li. 9. cap. 3. dicit sic: Ad ima
631 1909 2175 1972 quippe trahit caro, ne extollatur spiritus: & ad summa trahit spiritus, ne pro
616 1971 2181 2037 sternatur caro: spiritus leuat, ne iaceamus in imis: caro aggrauat, ne extollamur
625 2038 2169 2082 ex summis: Et sic secundum Greg. quodam certo moderamine fitut carne de
626 2092 2181 2147 primente, sed non prosternente: homo desperationis lapsum caueat: & spiritu
620 2148 2189 2183 eleuante, & tamen tentationes sentiente superbiae casum euadat. Et sic dum
630 2185 2183 2245 spiritus sursum trahit, & caro retrahit subtilissimo interni iudicij moderamine,
626 2237 2177 2292 infra summa & supra infima in quodam medio anima liberatur. Et sic pater
626 2291 2181 2354 quod non est in homine medicamentum exterminij. Sapiens intra cap. 2. in
628 2361 2181 2415 quit: DEVS creauit hominem inexterminabilem, & ad imaginem similitudi
619 2400 1002 2454 nis suae fecit illum
714 2454 2182 2506 Tertia excusatio peccatorum est propter daemonum infestationes: sed excu
617 2514 2180 2557 satio ista excluditur per tertiam negatiuam, quae est ista: Nec inferorum regnum in ter
616 2573 2181 2629 ra. 1. regnum uel dominium: infernorum. i. demonum: non est in terra. 8. in hominibus ui
631 2615 2182 2670 uentibus in terra, et de terra existentibus Et ideo licet hominibus possint malum suggere
629 2672 2178 2725 & tentare, sed nullo modo uiolentare permittuntur hominem: & ideo dominium
624 2723 2181 2777 non habent in homine, nisi homo sponte per liberum arbitrium eis subdi velit. Vn
633 2781 2184 2832 de Bern. super Can. ser. 86. Impulsor hominis Diabolus est. Impulsor mundus:
620 2832 2187 2887 impulsor homo. Quis iste homo sit quaeris: quisque homo sui. Noli mirari us
635 2888 2179 2945 queadeo impulsor sibi est & suimet praecipitator, ut non sit quod in altero im
631 2942 2184 3016 pulsare formidas: si ipse ad te proprias contineas manus, manus tua consen
633 3004 818 3045 ius tuus.
681 3049 2191 3096 Nota super illud: Creauit DEVS vt essent omnia.] Quod consideratio crea
