2371 3609
698 222 2206 289 corpus corruptibile. Istos muros mensurare debet homo seu ratio, replican
686 282 2202 343 do quotidie uitae breuitatem, & mortis uicinitatem: sic tamen mensuret,
687 350 2196 403 quod habeat i44. cubitos. In centenario obedientia praeceptorum designa
686 393 2185 449 tur: decies enim decem faciunt centum. Nos ergo, si quinque sensus exterio
688 453 2190 511 res, & quinque interiores reducamus ad decem praecepta Decalogi, decem
687 511 2187 564 multiplicamus per decem, & ad centenarium obedientiae praeceptorum perue
687 568 2187 610 nimus: & sic in centum annis aedificamus arcam, qua saluamur a diluuio hus
685 608 2206 663 ius uitae, Genes. 6. Sed debet habere murus corporis nostri i44. cubitos: quia
686 667 2186 728 non solum oportet nos habere obedientiam praeceptorum, sed etiam poenis
687 728 2185 779 tentiam peccatorum: quia in multis offendimus omnes. Et si dixcrimus: quia
683 782 2195 838 peccatum non habemus, nosipsos seducimus. Haec autem poenitentia in
692 838 2202 889 numero quadragenario designatur. Prouenit autem ex ductu quaternarij in
698 879 2189 932 decem. Iste enim numerus est numcrus poenitentiae consecratus ab Ecclesia.
701 936 2200 989 Vnde in Quadragesima oes Christiani ieiunijs & operibus poenitentiae indulgent.
685 991 2189 1040 Et merito quadragenarius est numerus poenitentiae consecratus. Si enim oës
686 1042 2203 1107 partes aliquotas ipsius quadragenarij capiamus, facient praecise go. Vnde 4o
695 1107 2189 1162 est numerus superabundans. Verbi gratia: 1. 2. 4. 5. 8. 10. 20. non habet plures
682 1164 2189 1216 partes aliquotas, & istae complent. 50. Quinquagenarius uero est numerus gra
691 1206 2188 1256 tiae & remissionis, secundum quem computatur annus lubileus in lege Iudaeo
687 1259 2188 1312 rum. In signum ergo quod per sacramentum poenitentiae consequimur per
696 1315 2193 1364 fectam remissionem peccatorum, quadragenarius numerus, cuius partes a
686 1365 2202 1421 liquotae faciunt so. qui est numerus remissionis poenitentiae consecratur. Sic
686 1422 2184 1466 ergo mensurabimus murum nostrum, quod habeat i44. cubitos. Et ipse to
690 1482 2190 1540 talis numcrus compositus, est numerus humanae saluti deputatus. In cuius
691 1527 2190 1580 figuram lohan. uidit i44. millia signatos, Apocal. 7. Et i44. millia virgines
699 1585 2201 1642 agnum sequentes, Apocal. 14. Tertio si mensuremus futurae uitae iocunditas
695 1645 2196 1703 tem, recolligendo, quod beatitudinis futurae gaudia recipiemus pro momen
693 1695 2189 1744 tancis meritis in praesenti, non inueniemus imensuram pro mensura: quia
679 1748 2196 1805 praemiabimur ultra, sed inueniemus verificatum, quod scribitur Luc. 6. Men
693 1799 2199 1846 suram bonam, & confertam, & coagitatam, & supereffluentem dabunt in si
694 1864 2196 1921 num uestrum. Cum ergo sic disposucrimus nos in mensura, restat disponere
699 1909 1018 1957 nos in numero.
780 1963 2187 2018 Numcremus ergo primo, quot recepimus diuina munera, & inuenic
692 2016 2185 2072 mus infinita, quae numerari non possunt. Primo nos creauit ad suam similitus
698 2077 2202 2138 dinem, & pro nobis coelum & tcrram, & omnia mirabilia, quae coeli ambitu
704 2130 2203 2181 continentur, Genes. . Suspice coelum & numera stellas, si potes, lob. 9. Facit
692 2191 2197 2234 magna & inscrutabilia, & mirabilia, quorum non est numerus. Secundo nu
697 2237 2199 2288 meremus, quot commisimus deflenda crimina: & iterum inueniemus infi
711 2294 2193 2350 nita. In Psalm. Delicta quis intelligit. Iob. 2. Propter malitiam tuam plurimam,
704 2343 2193 2397 & infinitas iniquitates tuas. Et Ecclesiast. 1. Stultorum infinitus est numerus.
699 2394 2205 2461 Tcrtio inueniemus quot amisimus concessa tempora, & inueniemus infini
692 2460 2191 2519 ta. Ecclesiast. 7. Numerum dierum os. tempus dedit illi, s. ad beneoperandum,
699 2505 2205 2554 & ad poenitendum de peccatis. Sed lob 24. scribitur: Dedit illi locum poeni
699 2560 1470 2611 tentiae, & ipse abutitur eo in superbiam.
782 2614 2213 2670 Cum sic nos disposucrimus in mensura, & numero, ponamus etiam
704 2669 2202 2723 nos in ponderce. Primo ponderemus quantum debemus, praesertim propter
707 2717 2202 2778 beneficium incarnationis, ex quo natura nostra cum diuina natura commu
705 2778 2207 2832 nicationem coepit habere. Ecclesiast. 3. Pondus super se tollat, qui honestiori
698 2830 2211 2880 se communicat. Secundo ponderemus quod ingrati fuimus, & ingratitudi
705 2891 2216 2940 nis nostrae pondera deponamus, iuxta consilium Apostoli ad Hebraeos
691 2943 2206 2995 duodecimo capite: Deponamus omne pondus, & circumstans nos
701 2993 2124 3053 peccatum, per patientiam curamus ad propositum nobis certamen
