2371 3609
163 218 1647 295 Tertio ponderemus quidquid meruimus: quia totum siue bonum siue ma
158 280 1642 345 lum in iudicium adducetur. Esa. 29. Ponam iudicium in pondere, & iustitiam
158 334 1644 409 in mensura. Et sic disponamus nos in mensura, numero & pondere: Mensu
155 392 1647 445 remus ergo mundanae gloriae uanitatem & leuitatem, mensuremus prae
162 444 1650 507 sentis transitus breuitatem, mensuremus futurae uitae iocunditatem. Et cum
160 502 1638 560 mensuraucrimus, numeremus quot recipimus diuina muncra, numeremus
158 560 1642 614 quot commisimus horrenda crimina, numeremus quot omisimus conces
162 603 1642 675 sa tempora. Et cum sic numeraucrimus, ponderemus quantum debuimus,
149 664 1642 721 ponderemus, quantum ingrati fuimus, ponderemus quidquid meruimus.
158 717 1437 776 Et sic omnia nostra in mensura, numero & pondere disponamus.
390 1460 1656 1518 OSTQUAM ostensum est, quod DEVS gubernat uniuersam
395 1522 1651 1578 creaturam per potentiam, cui nihil potest resistere: Hic ostendit,
380 1587 1647 1647 quod eam administrat per beneuolentiam, cui nulla creatura po
376 1630 1652 1692 test satisfacerc. Et circa hoc duo facit: nam primo ostendit, quod
146 1681 1646 1741 DEVS omnem creaturam per beneuolentiam & amorem libere constituit,
158 1734 1653 1792 & crcauit a principio. Secundo, quod omnem crcaturam libere conseruat,
146 1785 1656 1838 & continuat in esse suo, pro suae uoluntatis arbitrio. Secunda pars ibi: Quos
153 1837 846 1908 modo autem aliquid permanere possit.
205 1889 1653 1949 Circa primum tria facit: Primo ostendit, quod misericordia DEI est genc
147 1952 1644 2004 ralis ad omnem creaturam uniuersaliter. Secundo, quod est mirabilis circa
155 2006 1650 2057 homines spccialiter. Tertio probat DEVM diligere quidquid produxit tepo
152 2061 1647 2112 taliter. Secunda pars ibi. Et dissimulas peccata. Et tertia ibi: Diligis enim omnia.
145 2113 1642 2178 Dicit ergo primo sic: Sed & misereris omnium, quoniam omnia potes: quasi
152 2168 1641 2219 dicat: Licet totus orbis terrarum sit tanquam momentum staterae ante te: uel
153 2219 1648 2275 sicut gutta roris antelucani: non tamen ideo despicis uel paruipendis crea
157 2277 1626 2329 turam tuam, sed foues, protegis, & conseruas: & ideo misereris omnium uni
154 2329 1632 2391 uer saliter: in Psalm. Miserationes eius super omnia opera eius. Et quare sic
148 2375 1647 2437 miscreris: Certe ideo: quoniam omnia potes. Non ex indigentia, quasi tu indi
158 2435 1651 2504 gcas auxilio uel consilio creaturae: non ex infirmitate, quasi non possis crea
143 2504 1653 2551 turam delere: Sed ideo: quoniam omnia potes nacuraliter. Marc. 14. Pater
151 2547 1649 2603 omnia possibilia sunt tibi. Et Ecclesiast. 2. Secundum magnitudinem illius,
146 2599 1637 2658 sic & misericordia ipsius cum ipso est. Et hoc est, quod dicitur intra 12. cap
158 2661 1644 2707 Ob hoc, quod Dominus es omnium, omnibus parcere facis. Et ideo tales
147 2717 1647 2770 domini & praelati sunt DEI specialiter imitatores, qui quanto fuerint poten
155 2761 1654 2816 tiores, tanto sunt clementiores. Sic Alexander Magnus deuictos populos
158 2815 1635 2884 plus clementia quam potentia sibi constrinxit. 32. Reg. 20. Reges Israelis cle
152 2879 1645 2934 mentes sunt. Et quamuis Domine miserationes tuae sunt super omnia opcra
158 2921 1659 2980 tua: tamen magis est admiranda circa omnes peccatores, quorum peccata
152 2983 1651 3043 dissimulas uindicare. Vnde subdit: Dissimulas peccata hominum propter peni
153 3030 1654 3090 tentiam: id est, sub dissimulatione, non fictionis, sed affectionis: peccata homi
