2371 3609
154 225 1661 275 tate surrexit. Cecidit Lucifer, sed de coelo altissimo, ideo surgcre nunquam
161 281 1672 341 potuit. Secundus excusans figurat auaros, qui iuga boum quinque dicit sc emis
165 335 1674 383 se. Per quinque, iuga boum intelliguntur quinque sensus exteriores corporis. Et
157 389 1678 433 dicuntur iuga: quia secundum August. cuiuslibet sensus instrumenta combi
161 443 1678 490 nantur: duo enim sunt oculi, duae aures, duae nares, duo instrumenta gustus, lin
158 492 1669 557 gua & palatum, duae manus, in quibus praecipue patet tactus. Sic ergo bo
173 555 1678 614 ues terram ucrsant, sic sensus auari circa terrena continue dclectantur: magis
159 611 1680 655 enim dclectantur cius oculi uidendo massam auri, quam in Ecclesia uidere cor
158 663 1677 723 pus CHRISTI. In ore ctiam dulcior est auri nominatio, quam uerbi DEI praedica
159 712 1683 760 tio: & fatue iste se excusauit: quia prius debuit iuga probasse, quam emisse. Ter
159 769 1678 830 tius luxuriosos designat, qui per uxorem intelligit voluptatem: non enim per
164 822 1678 870 coniugium coniugati excluduntur a coena, licet aliqualiter. Vnde ille dicitur uxo
158 873 1673 925 rem duxisse, qui tota affectione sc tradidit uoluptati: & talis ad coenam coelestem
160 926 1671 977 uenirc non potest nec debet, nec est dignus, nec potest ire: quia ipse est foeti
156 981 1680 1035 dus: non est dignus, quia est sordida ueste indutus: & ideo, quia tot sunt, qui so
151 1037 1675 1083 excusant, licet multi sunt uocati, pauci tamen sunt electi, Matth. 20. In cu
164 1084 1678 1142 ius signum Numcri M. legimus, quod de sedecim millibus hominum non
161 1145 1005 1195 cesserunt in partem Domini nisi 32. animae.
224 1196 1664 1249 Tertio uidendum est, quae sunt excusantium punitiones, & sunt tres. Sc
159 1263 1660 1318 gregatio a consortio bonorum, Luc. i4. Nemo uirorum illorum, qui uocati sunt.
161 1314 1668 1370 gustabunt coenam meam. Subsannatio & improperium peccatorum: quia in
163 1360 1674 1414 iudicio DEVS & angeli, & homines, & daemones subsannabunt, & deridebunt
154 1413 1678 1468 fatuos peccatores, qui diuinas uocationes neglexerunt. Prover. primo: Quia
167 1464 1672 1521 uocaui & renuistis, extendi manus meas, & non fuit qui aspiceret. Et infra
152 1523 1680 1575 Ego quoqu, in interitu uestro ridebo, & subsannabo, cum uobis, quod timeba
156 1572 1677 1630 tis, aduenerit. Cruciatio perpetua tormentorum. Efa. ult. Eligam illusiones eo
154 1628 1686 1683 rum, quae timebant, adducam eis: quia uocaul, & non erat qui responderet:
158 1686 1680 1743 Non sic de bonis & iustis, qui DEVM audiunt uocantem per obedientiam, &
161 1738 1674 1806 praeceptorum obseruantiam: hi in coelo ponentur, lucentes sicut stellae in per
166 1790 1675 1859 petuas aeternitates. Baruch. 3. Stellae vocatae sunt, & dixerunt: adsumus, & Iuxe
157 1847 1677 1899 runt ei cum iocunditate, qui fecit illas. Specialius autem uocat nos ostensio
158 1898 1677 1953 nibus exemplorum, promissionibus praemiorum, & percussionibus flagello
151 1956 1700 2021 rum. Primo nos uocat ostensionibus excmplorum, Quot enim nos per uiam
163 2020 1681 2077 poenitentiae praecesserunt, tot uocationes habemus: quot millia martyrum:
157 2065 1685 2117 quot millia virginum: quot millia confessorum, tot sunt millia vocantium,
167 2119 1677 2171 loh. 10. Proprias oues uocat nominatim, & adducit eas. At Apostolus ad Phi
160 2172 1677 2228 lip. 3. Ea, quae retro sunt, obliuiscens, & ad ea, quae priora sunt, extendens me
158 2223 1686 2285 ipsum, ad destinatum persequor, ad brauium supernae uocationis. Secundo
166 2278 1677 2335 nos uocat promissionibus praemiorum, sicut diues uocat pauperem, osten
161 2333 1678 2388 dendo sibi denarium. Prima Pet. 3. In hoc estis uocati, ut benedictionem hae
160 2396 1686 2448 reditate possideatis. Tertio uocat nos percussionibus flagellorum: quotiens
211 2462 1632 2498 enim infirmitatibus flagellamur, seu fatigamur, uel aduersitatibus tri
413 2499 1465 2549 bulamur, totiens a DEO uocamur. Et sicut Gregorius
518 2548 1329 2600 dicit: Mala, quae nos premunt, ad DEVM
746 2604 1077 2671 ire compellunt.
