<?xml version="1.0" encoding="UTF-8" standalone="yes"?>
<PcGts xmlns="http://schema.primaresearch.org/PAGE/gts/pagecontent/2013-07-15" xmlns:xsi="http://www.w3.org/2001/XMLSchema-instance" xsi:schemaLocation="http://schema.primaresearch.org/PAGE/gts/pagecontent/2013-07-15 http://schema.primaresearch.org/PAGE/gts/pagecontent/2013-07-15/pagecontent.xsd">
    <Metadata>
        <Creator>prov=University of Rostock/Institute of Mathematics/CITlab/Gundram Leifert/gundram.leifert@uni-rostock.de:name=holcotwisdom-m2(htr_id=17503)::::v=2.4.3
prov=University of Rostock/Institute of Mathematics/CITlab/Tobias Gruening/tobias.gruening@uni-rostock.de:name=de.uros.citlab.module.baseline2polygon.B2PSeamMultiOriented:v=2.4.3
prov=University of Rostock/Institute of Mathematics/CITlab/Tobias Gruening/tobias.gruening@uni-rostock.de:name=/net_tf/LA73_249_0mod360.pb:de.uros.citlab.segmentation.CITlab_LA_ML:v=?0.1
TRP</Creator>
        <Created>2019-01-18T08:25:08.032-05:00</Created>
        <LastChange>2019-12-09T21:51:05.997+01:00</LastChange>
        <TranskribusMetadata docId="116678" pageId="4355242" pageNr="524" tsid="20697474" status="IN_PROGRESS" userId="25065" imgUrl="https://files.transkribus.eu/Get?id=MEEHDYZVGCSUSOUPLLLKCTFA&amp;fileType=view" xmlUrl="https://files.transkribus.eu/Get?id=NZTTQPQNIBCDCNPVTCBQRLYH" imageId="2467465"/>
    </Metadata>
    <Page imageFilename="sap_Page_524.png" imageWidth="2371" imageHeight="3609">
        <ReadingOrder>
            <OrderedGroup id="ro_1575926566381" caption="Regions reading order">
                <RegionRefIndexed index="0" regionRef="TextRegion_1573853105099_1083"/>
            </OrderedGroup>
        </ReadingOrder>
        <TextRegion orientation="0.0" id="TextRegion_1573853105099_1083" custom="readingOrder {index:0;}">
            <Coords points="678,1102 2211,1102 2215,3068 694,3062"/>
            <TextLine id="line_1573853116771_1096" custom="readingOrder {index:0;}">
                <Coords points="1004,1153 2184,1153 2184,1119 2061,1078 1895,1119 1004,1097"/>
                <Baseline points="1013,1143 1038,1143 1064,1144 1090,1145 1116,1145 1142,1145 1167,1145 1193,1146 1219,1146 1245,1146 1271,1146 1296,1146 1322,1146 1348,1148 1374,1148 1400,1148 1425,1148 1451,1148 1477,1148 1503,1149 1529,1149 1557,1146 1587,1145 1618,1145 1649,1145 1680,1145 1711,1145 1742,1145 1772,1145 1803,1145 1834,1145 1865,1145 1896,1145 1927,1146 1958,1146 1988,1146 2019,1146 2050,1146 2081,1146 2112,1146 2143,1145 2174,1145"/>
                <TextEquiv>
                    <Unicode>ICVT superius dictum fuit, intentio Salomonis a medio ro</Unicode>
                </TextEquiv>
            </TextLine>
            <TextLine id="r1l36" custom="readingOrder {index:1;}">
                <Coords points="1001,1207 2183,1210 2183,1170 2051,1162 1001,1171"/>
                <Baseline points="1010,1200 1068,1200 1126,1202 1184,1202 1242,1202 1301,1202 1359,1202 1417,1202 1475,1202 1533,1202 1592,1202 1650,1202 1708,1202 1766,1202 1824,1202 1883,1202 1941,1202 1999,1202 2057,1202 2115,1202 2174,1202"/>
                <TextEquiv>
                    <Unicode>cap. usque ad finem libri est declarare, quomodo sapientia, quae</Unicode>
                </TextEquiv>
            </TextLine>
            <TextLine id="r1l38" custom="readingOrder {index:2;}">
                <Coords points="997,1258 1983,1278 2168,1263 2190,1227 997,1228"/>
                <Baseline points="1007,1253 1065,1254 1124,1254 1183,1254 1241,1256 1300,1256 1359,1256 1417,1256 1476,1256 1535,1256 1594,1256 1652,1256 1711,1256 1770,1256 1828,1254 1887,1254 1946,1254 2004,1254 2063,1254 2122,1254 2181,1254"/>
                <TextEquiv>
                    <Unicode>est uerus DEI cultus, mirabiliter gubernauit populum He</Unicode>
                </TextEquiv>
            </TextLine>
            <TextLine id="r1l40" custom="readingOrder {index:3;}">
                <Coords points="1006,1316 2180,1319 2193,1279 1005,1267"/>
                <Baseline points="1014,1308 1072,1308 1131,1310 1189,1310 1248,1310 1306,1310 1365,1311 1423,1311 1482,1311 1540,1311 1599,1310 1657,1310 1716,1310 1774,1310 1833,1310 1891,1310 1950,1310 2008,1308 2067,1308 2125,1308 2184,1308"/>
                <TextEquiv>
                    <Unicode>braeorum, ut per hoc omnes homines Hebraeorum historiam</Unicode>
                </TextEquiv>
            </TextLine>
            <TextLine id="r1l42" custom="readingOrder {index:4;}">
                <Coords points="1001,1373 1745,1394 2194,1365 2006,1320 1001,1341"/>
                <Baseline points="1011,1365 1069,1364 1128,1364 1186,1364 1245,1364 1304,1364 1362,1364 1421,1364 1480,1365 1538,1365 1597,1365 1656,1365 1714,1365 1773,1365 1832,1364 1890,1364 1949,1364 2008,1364 2066,1364 2125,1362 2184,1362"/>
                <TextEquiv>
                    <Unicode>audientes, ad uerum cultum unius DEI, qui est sapientia, anima</Unicode>
                </TextEquiv>
            </TextLine>
            <TextLine id="r1l45" custom="readingOrder {index:5;}">
                <Coords points="1001,1428 2185,1419 2139,1374 1001,1392"/>
                <Baseline points="1011,1419 1069,1419 1127,1418 1185,1418 1243,1418 1302,1418 1360,1418 1418,1418 1476,1418 1534,1418 1593,1418 1651,1418 1709,1419 1767,1419 1825,1419 1884,1419 1942,1419 2000,1419 2058,1419 2116,1419 2175,1418"/>
                <TextEquiv>
                    <Unicode>rentur. Fuit ista gubernatio mirabilis in tribus: In Aegyptio</Unicode>
                </TextEquiv>
            </TextLine>
            <TextLine id="r1l46" custom="readingOrder {index:6;}">
                <Coords points="683,1490 2184,1488 2183,1444 2032,1432 683,1454"/>
                <Baseline points="693,1479 767,1478 841,1476 915,1475 989,1473 1063,1473 1137,1472 1211,1472 1285,1472 1359,1472 1434,1472 1508,1472 1582,1473 1656,1473 1730,1473 1804,1473 1878,1473 1952,1473 2026,1473 2100,1472 2175,1472"/>
                <TextEquiv>
                    <Unicode>rum expugnatione, in Hebraeorum per desertum traductione, &amp; in Chananae.</Unicode>
                </TextEquiv>
            </TextLine>
            <TextLine id="r1l47" custom="readingOrder {index:7;}">
                <Coords points="679,1540 2055,1547 2191,1497 679,1508"/>
                <Baseline points="689,1535 763,1532 838,1530 912,1529 987,1527 1062,1527 1136,1526 1211,1526 1285,1526 1360,1526 1435,1526 1509,1527 1584,1527 1658,1527 1733,1527 1808,1527 1882,1527 1957,1527 2031,1527 2106,1527 2181,1526"/>
                <TextEquiv>
                    <Unicode>orum de terra Promissionis eicctione. Postquam igitur declarata est guber </Unicode>
                </TextEquiv>
            </TextLine>
            <TextLine id="r1l48" custom="readingOrder {index:8;}">
                <Coords points="674,1596 2127,1613 2186,1556 674,1564"/>
                <Baseline points="683,1589 757,1586 832,1584 907,1583 981,1581 1056,1581 1131,1580 1205,1580 1280,1580 1355,1580 1430,1581 1504,1581 1579,1581 1654,1583 1728,1583 1803,1583 1878,1583 1952,1583 2027,1582 2102,1581 2177,1580"/>
                <TextEquiv>
                    <Unicode>natio sapientiae circa populum Hebraeorum, quantum ad duo prima: In ista par</Unicode>
                </TextEquiv>
            </TextLine>
            <TextLine id="r1l49" custom="readingOrder {index:9;}">
                <Coords points="683,1653 2193,1638 2099,1593 683,1611"/>
                <Baseline points="693,1641 767,1640 842,1638 916,1637 991,1636 1065,1635 1140,1635 1214,1635 1289,1635 1363,1635 1438,1635 1513,1635 1587,1637 1662,1637 1736,1637 1811,1637 1885,1637 1960,1637 2034,1637 2109,1635 2184,1635"/>
                <TextEquiv>
                    <Unicode>te consequenter agitur de punitione gentium peruersarum, quae terram San</Unicode>
                </TextEquiv>
            </TextLine>
            <TextLine id="r1l50" custom="readingOrder {index:10;}">
                <Coords points="686,1706 2041,1713 2194,1705 2194,1654 686,1657"/>
                <Baseline points="695,1695 769,1694 843,1692 918,1691 992,1690 1067,1689 1141,1689 1216,1689 1290,1689 1365,1689 1439,1689 1513,1689 1588,1689 1662,1690 1737,1691 1811,1691 1886,1691 1960,1691 2035,1691 2109,1691 2184,1691"/>
                <TextEquiv>
                    <Unicode>ctam inhabitabant, ante filios Isracl. Inhabitabatur autem a septem gentibus,</Unicode>
                </TextEquiv>
            </TextLine>
            <TextLine id="r1l51" custom="readingOrder {index:11;}">
                <Coords points="685,1762 2027,1770 2192,1753 2192,1717 685,1722"/>
                <Baseline points="695,1751 769,1749 843,1748 918,1746 992,1745 1067,1745 1141,1745 1215,1743 1290,1743 1364,1743 1439,1745 1513,1745 1587,1745 1662,1745 1736,1745 1811,1746 1885,1746 1959,1746 2034,1746 2108,1745 2183,1745"/>
                <TextEquiv>
                    <Unicode>quas in aduentu filiorum Israel, &amp; in mora eorum non statim &amp; subito, sed paulatim </Unicode>
                </TextEquiv>
            </TextLine>
            <TextLine id="r1l52" custom="readingOrder {index:12;}">
                <Coords points="681,1813 2197,1808 2127,1753 681,1764"/>
                <Baseline points="690,1803 764,1802 839,1801 914,1800 989,1800 1064,1799 1139,1799 1213,1799 1288,1799 1363,1799 1438,1799 1513,1799 1588,1799 1663,1799 1737,1799 1812,1799 1887,1799 1962,1800 2037,1800 2112,1800 2187,1800"/>
                <TextEquiv>
                    <Unicode>Dominus deleuit, &amp; captiuauit, &amp; dnjo illius terrae priuauit, &amp; in eadem filios</Unicode>
                </TextEquiv>
            </TextLine>
            <TextLine id="r1l53" custom="readingOrder {index:13;}">
                <Coords points="687,1868 2186,1863 2186,1823 2103,1808 687,1817"/>
                <Baseline points="696,1857 770,1856 844,1856 918,1854 992,1854 1066,1853 1140,1853 1214,1853 1288,1853 1362,1853 1436,1853 1510,1853 1584,1853 1658,1853 1732,1853 1806,1854 1880,1854 1954,1854 2028,1854 2102,1854 2177,1853"/>
                <TextEquiv>
                    <Unicode>Israel miraculose plantauit. Et circa ista duo siunt. Nam primo agitur de Chana</Unicode>
                </TextEquiv>
            </TextLine>
            <TextLine id="r1l54" custom="readingOrder {index:14;}">
                <Coords points="683,1922 2195,1922 2195,1876 683,1884"/>
                <Baseline points="692,1913 766,1911 841,1908 916,1907 990,1907 1065,1905 1140,1905 1214,1905 1289,1905 1364,1905 1439,1905 1513,1907 1588,1907 1663,1908 1737,1908 1812,1908 1887,1910 1961,1910 2036,1910 2111,1908 2186,1908"/>
                <TextEquiv>
                    <Unicode>naeorum afflictione: Secundo de Hebreorum instructione, ibi: Tu aut dominator. Cu</Unicode>
                </TextEquiv>
            </TextLine>
            <TextLine id="r1l55" custom="readingOrder {index:15;}">
                <Coords points="683,1976 1998,1992 2197,1937 683,1942"/>
                <Baseline points="693,1968 767,1966 842,1964 917,1964 991,1962 1066,1962 1141,1961 1215,1961 1290,1961 1365,1961 1440,1961 1514,1961 1589,1962 1664,1962 1738,1962 1813,1962 1888,1962 1962,1964 2037,1964 2112,1964 2187,1962"/>
                <TextEquiv>
                    <Unicode>ca primum autem duo siunt: quia primo agit de modo afflictionis, qua gens Cha</Unicode>
                </TextEquiv>
            </TextLine>
            <TextLine id="r1l56" custom="readingOrder {index:16;}">
                <Coords points="686,2030 2196,2018 1943,1977 686,1992"/>
                <Baseline points="696,2021 770,2019 845,2018 919,2016 994,2016 1068,2016 1143,2015 1217,2015 1292,2015 1366,2015 1441,2015 1516,2015 1590,2016 1665,2016 1739,2016 1814,2016 1888,2016 1963,2016 2037,2016 2112,2015 2187,2015"/>
                <TextEquiv>
                    <Unicode>nanaeorum fuit flagellata: Secundo ostenditur, quod ad illum modum diuina poten</Unicode>
                </TextEquiv>
            </TextLine>
            <TextLine id="r1l57" custom="readingOrder {index:17;}">
                <Coords points="687,2084 2131,2093 2193,2035 687,2039"/>
                <Baseline points="696,2075 770,2073 844,2072 919,2070 993,2070 1068,2070 1142,2069 1216,2069 1291,2069 1365,2070 1440,2070 1514,2070 1588,2070 1663,2070 1737,2072 1812,2072 1886,2072 1960,2072 2035,2072 2109,2070 2184,2070"/>
                <TextEquiv>
                    <Unicode>tia non fuit necessario limitata. Secunda pars ibi: Non quia impotens. Circa pri</Unicode>
                </TextEquiv>
            </TextLine>
            <TextLine id="r1l58" custom="readingOrder {index:18;}">
                <Coords points="686,2137 1837,2147 2194,2136 2194,2091 686,2092"/>
                <Baseline points="695,2129 769,2127 843,2126 918,2124 992,2124 1067,2124 1141,2123 1216,2123 1290,2123 1365,2123 1439,2124 1513,2124 1588,2124 1662,2124 1737,2126 1811,2126 1886,2126 1960,2126 2035,2126 2109,2126 2184,2126"/>
                <TextEquiv>
                    <Unicode>mum duo siunt: quia primo ostenditur bonitas diuinae castigationis ad omnes</Unicode>
                </TextEquiv>
            </TextLine>
            <TextLine id="r1l59" custom="readingOrder {index:19;}">
                <Coords points="693,2202 2129,2205 2201,2188 2201,2142 693,2155"/>
                <Baseline points="702,2181 776,2180 851,2180 925,2178 1000,2178 1074,2178 1149,2178 1223,2178 1298,2178 1372,2178 1447,2178 1521,2180 1596,2180 1670,2180 1745,2180 1819,2181 1894,2181 1968,2181 2043,2181 2117,2181 2192,2180"/>
                <TextEquiv>
                    <Unicode>peccatores generaliter: Secundo ad Chananaeos specialiter. Secunda pars </Unicode>
                </TextEquiv>
            </TextLine>
            <TextLine id="r1l60" custom="readingOrder {index:20;}">
                <Coords points="691,2245 1016,2244 1048,2264 1070,2241 1134,2240 1134,2203 1062,2207 1028,2194 957,2212 909,2194 836,2208 794,2191 764,2214 745,2197 690,2202"/>
                <Baseline points="701,2237 727,2235 753,2235 780,2235 806,2235 833,2234 859,2234 886,2234 912,2234 938,2234 965,2234 991,2232 1018,2232 1044,2232 1071,2232 1097,2232 1124,2232"/>
                <TextEquiv>
                    <Unicode>ioi. Illos enim antiquos.</Unicode>
                </TextEquiv>
            </TextLine>
            <TextLine id="r1l61" custom="readingOrder {index:21;}">
                <Coords points="744,2297 2201,2298 2145,2242 744,2252"/>
                <Baseline points="753,2288 828,2288 904,2286 980,2286 1055,2286 1131,2286 1207,2286 1283,2286 1358,2286 1434,2288 1510,2288 1586,2288 1661,2289 1737,2289 1813,2289 1889,2289 1964,2289 2040,2289 2116,2289 2192,2288"/>
                <TextEquiv>
                    <Unicode>Circa primum in lectione hodierna duo siunt: quia primo agitur de diuina</Unicode>
                </TextEquiv>
            </TextLine>
            <TextLine id="r1l62" custom="readingOrder {index:22;}">
                <Coords points="692,2354 2202,2352 2202,2313 1896,2302 692,2303"/>
                <Baseline points="701,2345 775,2343 850,2342 924,2342 999,2340 1073,2340 1148,2340 1222,2340 1297,2340 1371,2342 1446,2342 1521,2342 1595,2343 1670,2343 1744,2344 1819,2345 1893,2345 1968,2345 2042,2345 2117,2345 2192,2343"/>
                <TextEquiv>
                    <Unicode>dulcedinc, quam influit mentibus iustorum: secundo de mira mansuctudinc, quam</Unicode>
                </TextEquiv>
            </TextLine>
            <TextLine id="r1l63" custom="readingOrder {index:23;}">
                <Coords points="691,2407 2095,2422 2207,2406 2207,2368 691,2373"/>
                <Baseline points="701,2397 775,2397 850,2396 925,2396 1000,2396 1075,2396 1150,2396 1224,2396 1299,2396 1374,2396 1449,2397 1524,2397 1599,2398 1674,2399 1748,2399 1823,2399 1898,2400 1973,2400 2048,2400 2123,2399 2198,2399"/>
                <TextEquiv>
                    <Unicode>ostendit in correptione malorum: secunda pars ibi: Ideoque hos, qui exerrant parti.</Unicode>
                </TextEquiv>
            </TextLine>
            <TextLine id="r1l64" custom="readingOrder {index:24;}">
                <Coords points="698,2461 2202,2461 2202,2412 698,2410"/>
                <Baseline points="707,2451 781,2451 855,2451 929,2450 1004,2450 1078,2450 1152,2450 1226,2450 1301,2450 1375,2451 1449,2451 1523,2451 1598,2451 1672,2453 1746,2453 1820,2453 1895,2453 1969,2453 2043,2454 2117,2453 2192,2453"/>
                <TextEquiv>
                    <Unicode>bus corripis, &amp; de quibus, &amp;c. Crca primu dicitur sic: o quam bonus &amp; suauis </Unicode>
                </TextEquiv>
            </TextLine>
            <TextLine id="r1l65" custom="readingOrder {index:25;}">
                <Coords points="689,2522 2214,2515 2215,2473 689,2476"/>
                <Baseline points="698,2505 773,2505 848,2504 924,2504 999,2504 1074,2504 1150,2504 1225,2504 1300,2504 1376,2504 1451,2504 1526,2505 1602,2505 1677,2506 1752,2507 1828,2507 1903,2507 1978,2507 2054,2508 2129,2508 2205,2507"/>
                <TextEquiv>
                    <Unicode>est, Domine, spiritus iuus in nobis. Vol diuinae bonitatis dulcedo comendatur ex </Unicode>
                </TextEquiv>
            </TextLine>
            <TextLine id="r1l66" custom="readingOrder {index:26;}">
                <Coords points="698,2571 2203,2573 2171,2515 699,2524"/>
                <Baseline points="707,2561 781,2559 855,2559 929,2558 1004,2558 1078,2558 1152,2558 1227,2559 1301,2559 1375,2559 1450,2560 1524,2561 1598,2561 1672,2562 1747,2562 1821,2562 1895,2562 1970,2562 2044,2562 2118,2561 2193,2561"/>
                <TextEquiv>
                    <Unicode>signo magnae admirationis. O, est nota grandis intentionis: quam, ex uocabulo </Unicode>
                </TextEquiv>
            </TextLine>
            <TextLine id="r1l67" custom="readingOrder {index:27;}">
                <Coords points="692,2622 2206,2625 2142,2575 692,2580"/>
                <Baseline points="701,2613 775,2613 850,2612 925,2612 1000,2612 1074,2613 1149,2613 1224,2613 1299,2613 1373,2613 1448,2615 1523,2615 1598,2615 1672,2615 1747,2616 1822,2616 1897,2616 1971,2616 2046,2616 2121,2615 2196,2615"/>
                <TextEquiv>
                    <Unicode>summae perfectionis: bonus, ex uerbo mirae delectationis: suauis, ex dulcedinc</Unicode>
                </TextEquiv>
            </TextLine>
            <TextLine id="r1l68" custom="readingOrder {index:28;}">
                <Coords points="690,2678 1886,2691 2217,2678 2217,2631 690,2642"/>
                <Baseline points="699,2669 774,2667 849,2667 925,2667 1000,2667 1076,2667 1151,2667 1227,2667 1302,2668 1378,2669 1453,2669 1528,2669 1604,2669 1679,2670 1755,2670 1830,2670 1906,2670 1981,2670 2057,2670 2132,2670 2208,2669"/>
                <TextEquiv>
                    <Unicode>degustationis, spiritus iuus. O, secundum Priscianum &amp; Papiam aliquando est nomen</Unicode>
                </TextEquiv>
            </TextLine>
            <TextLine id="r1l69" custom="readingOrder {index:29;}">
                <Coords points="696,2732 2201,2731 2135,2678 697,2679"/>
                <Baseline points="705,2720 779,2720 853,2720 928,2720 1002,2720 1076,2721 1151,2721 1225,2721 1299,2721 1374,2721 1448,2723 1522,2723 1597,2723 1671,2723 1745,2723 1820,2724 1894,2724 1968,2724 2043,2724 2117,2724 2192,2724"/>
                <TextEquiv>
                    <Unicode>literae: aliquando est intcriectio, aliquando est aduerbium. Si est interiectio: est in</Unicode>
                </TextEquiv>
            </TextLine>
            <TextLine id="r1l70" custom="readingOrder {index:30;}">
                <Coords points="698,2786 2210,2779 2065,2733 698,2741"/>
                <Baseline points="707,2775 781,2775 856,2775 931,2775 1005,2775 1080,2775 1155,2775 1229,2775 1304,2775 1379,2777 1454,2777 1528,2777 1603,2777 1678,2777 1752,2778 1827,2778 1902,2778 1976,2778 2051,2778 2126,2778 2201,2778"/>
                <TextEquiv>
                    <Unicode>tericctio quandoque dolentis, ut o in quanta miseria sumus: quandoque est interic</Unicode>
                </TextEquiv>
            </TextLine>
            <TextLine id="r1l71" custom="readingOrder {index:31;}">
                <Coords points="707,2839 2208,2843 2187,2792 707,2786"/>
                <Baseline points="717,2829 791,2829 865,2829 939,2829 1013,2829 1087,2829 1161,2829 1235,2829 1309,2829 1383,2829 1458,2831 1532,2831 1606,2831 1680,2832 1754,2832 1828,2832 1902,2832 1976,2832 2050,2832 2124,2832 2199,2832"/>
                <TextEquiv>
                    <Unicode>ctio admirantis, ut o rem mirabilem: quandoque similiter est aduerbium, &amp; diuersas</Unicode>
                </TextEquiv>
            </TextLine>
            <TextLine id="r1l72" custom="readingOrder {index:32;}">
                <Coords points="704,2894 2220,2889 2092,2840 704,2837"/>
                <Baseline points="714,2885 788,2885 863,2883 938,2883 1013,2883 1088,2883 1163,2883 1237,2883 1312,2883 1387,2883 1462,2883 1537,2885 1612,2885 1687,2885 1761,2886 1836,2886 1911,2886 1986,2886 2061,2888 2136,2888 2211,2888"/>
                <TextEquiv>
                    <Unicode>habet significationes. Est em aduerbium uocandi, ut o regina: admirandi, ut o qua</Unicode>
                </TextEquiv>
            </TextLine>
            <TextLine id="r1l73" custom="readingOrder {index:33;}">
                <Coords points="698,2946 2215,2951 2204,2898 698,2894"/>
                <Baseline points="707,2939 781,2937 856,2937 931,2937 1006,2937 1081,2937 1156,2937 1231,2937 1306,2939 1381,2939 1456,2939 1530,2939 1605,2939 1680,2939 1755,2940 1830,2940 1905,2940 1980,2940 2055,2940 2130,2940 2205,2942"/>
                <TextEquiv>
                    <Unicode>lis facies: indignandi, ut o tempora, o mores: optandi, ut o assis: exhortandi, ut o</Unicode>
                </TextEquiv>
            </TextLine>
            <TextLine id="r1l74" custom="readingOrder {index:34;}">
                <Coords points="707,3001 2208,3004 2174,2957 707,2950"/>
                <Baseline points="716,2994 790,2993 864,2993 938,2993 1012,2993 1086,2993 1160,2993 1235,2993 1309,2993 1383,2993 1457,2993 1531,2993 1605,2994 1679,2994 1754,2994 1828,2994 1902,2994 1976,2996 2050,2996 2124,2996 2199,2996"/>
                <TextEquiv>
                    <Unicode>fugite. Quando uero profertur cum suspiratione &amp; motu animi, sic est interie</Unicode>
                </TextEquiv>
            </TextLine>
            <TextLine id="r1l75" custom="readingOrder {index:35;}">
                <Coords points="701,3059 2209,3054 2090,3009 701,3004"/>
                <Baseline points="711,3050 785,3050 859,3050 934,3048 1008,3048 1083,3048 1157,3048 1231,3048 1306,3048 1380,3050 1455,3050 1529,3050 1603,3050 1678,3050 1752,3050 1827,3050 1901,3050 1975,3050 2050,3050 2124,3050 2199,3050"/>
                <TextEquiv>
                    <Unicode>ctio. Quando sequit accusatiuus, est aducrbium: ut o conditionem miscram. In pro</Unicode>
                </TextEquiv>
            </TextLine>
            <TextEquiv>
                <Unicode>ICVT superius dictum fuit, intentio Salomonis a medio ro
cap. usque ad finem libri est declarare, quomodo sapientia, quae
est uerus DEI cultus, mirabiliter gubernauit populum He
braeorum, ut per hoc omnes homines Hebraeorum historiam
audientes, ad uerum cultum unius DEI, qui est sapientia, anima
rentur. Fuit ista gubernatio mirabilis in tribus: In Aegyptio
rum expugnatione, in Hebraeorum per desertum traductione, &amp; in Chananae.
orum de terra Promissionis eicctione. Postquam igitur declarata est guber 
natio sapientiae circa populum Hebraeorum, quantum ad duo prima: In ista par
te consequenter agitur de punitione gentium peruersarum, quae terram San
ctam inhabitabant, ante filios Isracl. Inhabitabatur autem a septem gentibus,
quas in aduentu filiorum Israel, &amp; in mora eorum non statim &amp; subito, sed paulatim 
Dominus deleuit, &amp; captiuauit, &amp; dnjo illius terrae priuauit, &amp; in eadem filios
Israel miraculose plantauit. Et circa ista duo siunt. Nam primo agitur de Chana
naeorum afflictione: Secundo de Hebreorum instructione, ibi: Tu aut dominator. Cu
ca primum autem duo siunt: quia primo agit de modo afflictionis, qua gens Cha
nanaeorum fuit flagellata: Secundo ostenditur, quod ad illum modum diuina poten
tia non fuit necessario limitata. Secunda pars ibi: Non quia impotens. Circa pri
mum duo siunt: quia primo ostenditur bonitas diuinae castigationis ad omnes
peccatores generaliter: Secundo ad Chananaeos specialiter. Secunda pars 
ioi. Illos enim antiquos.
Circa primum in lectione hodierna duo siunt: quia primo agitur de diuina
dulcedinc, quam influit mentibus iustorum: secundo de mira mansuctudinc, quam
ostendit in correptione malorum: secunda pars ibi: Ideoque hos, qui exerrant parti.
bus corripis, &amp; de quibus, &amp;c. Crca primu dicitur sic: o quam bonus &amp; suauis 
est, Domine, spiritus iuus in nobis. Vol diuinae bonitatis dulcedo comendatur ex 
signo magnae admirationis. O, est nota grandis intentionis: quam, ex uocabulo 
summae perfectionis: bonus, ex uerbo mirae delectationis: suauis, ex dulcedinc
degustationis, spiritus iuus. O, secundum Priscianum &amp; Papiam aliquando est nomen
literae: aliquando est intcriectio, aliquando est aduerbium. Si est interiectio: est in
tericctio quandoque dolentis, ut o in quanta miseria sumus: quandoque est interic
ctio admirantis, ut o rem mirabilem: quandoque similiter est aduerbium, &amp; diuersas
habet significationes. Est em aduerbium uocandi, ut o regina: admirandi, ut o qua
lis facies: indignandi, ut o tempora, o mores: optandi, ut o assis: exhortandi, ut o
fugite. Quando uero profertur cum suspiratione &amp; motu animi, sic est interie
ctio. Quando sequit accusatiuus, est aducrbium: ut o conditionem miscram. In pro</Unicode>
            </TextEquiv>
        </TextRegion>
    </Page>
</PcGts>
