2371 3609
668 183 2190 288 dere uersus coelum, coelestia contemplando: & aliquando uersus terram, pro
660 294 1360 343 ximorum utilitatibus ministrando
719 340 2196 397 Dubitatio literalis. Vtrum gratia Spiritus sancti detur necessario hominis
663 397 2202 452 se quantum potest ad gratiam praeparanti. Et uidetur quod non. Quia cuicunque DEVA
672 454 2190 504 dat gratiam, gratis dat cam, & libere ex sola miscricordia. Igit quantumcunque dispo
674 511 2196 561 nat se homo, est in libera DEI uoluntate dare sibi gratiam, uel non dare. Ite homo
671 562 2191 622 comparatur ad DEVM sicut lutum ad figulum. Hiere. 18. Sicut lutum mn manu figuli,
668 621 2200 669 sic nos in manu Domini Israel. Sed lutum quantumcunque, sit bene praeparatum, non
673 672 2193 721 accipit formam a figulo ex necessitate. Igitur nce homo gratiam a DEO, quantum.
673 724 2189 792 cunque se praeparet. Ad oppositum est glossa super illud Rom. 5. Iustificati per fidem
674 780 2194 842 pace habeamus. Et est August. DEVS recipit confugientes ad se, aliter esset ini
675 843 2194 901 quitas in eo. Sed impossibile est, quod in DEO sit iniquitas: ergo impossibile
674 898 2196 942 est, quod non recipiat confugientes ad se. Ergo confugiens ad DEVM necessario
680 942 2187 996 sequitur gratiam. Praeterea, Apoc. 3. Ego sto ad ostium & pulso, si quis aperuerit
677 1000 2199 1054 mihi, intrabo ad cum, & coenabo * cum eo. Sed iste, qui disponit se faciendo ida
687 1060 2198 1118 quod in eo est, aperit sibi: ergo intrat necessario. Confirmatur. Quia isto aperis
686 1108 2186 1171 ente sibi, aut intrat, aut non intrat. Si non intrat: ergo frustra pulsat, quod impium
680 1160 2194 1214 est dicere. Si intrat: ergo datgratiam. Praeterea Anshel. de causa Diaboli. cap. 2. di
680 1215 2187 1265 citur: Quod illa est causa, quare DEVS Diabolo non dedit gratiam & perscueran
674 1268 2196 1317 tiam: quia ipse noluit accipere. Vnde non ideo non accepit Diabolus perseuo
674 1324 2196 1370 rantiam: quia DEVS non dedit: sed ideo DEVS non dedit: quia ipse non ac
674 1380 1838 1430 cepit. Quia quicunque se parat ut accipiat, necessario recipit.
735 1435 2187 1480 Ad dubitationem dicendum, quod quaedam est necessitas coactionis, & quae
683 1485 2188 1538 dam est necessitas infallibilitatis. Necessitas coactionis nullo modo cadit in
687 1542 2188 1588 DEO: necessitas uero infallibilitatis cadit in DEO ex promisso suo & pacto, si
682 1594 2187 1646 ue lege statuta: & haec non est necessitas absoluta, sed necessitas consequentiae.
691 1645 2192 1702 Vnde non stat cum lege statuta, quod uiator faciat, quod in se est disponendo se
680 1703 2202 1751 ad gratiam, quin habcat gratiam: posset tamen Deus mutare legem circa aliam perso
675 1759 2197 1805 nam, si uellet. Et talis quantumcumque se disponeret, non haberct: quia dispositio ho
678 1811 2196 1863 minis nullam causalitatem habet respectu gratiae de necessitate: sed tantum de
683 1861 2188 1918 cogruo: quia gratia excedit omnem operationem naturalem. Nec est possibile, quod
677 1908 2193 1966 homo mereatur per quodcunque opus naturale, morale, puta gratiam de condi
680 1974 2193 2031 gno. Ad rati ones in oppositum. Primam concedendo, quod dat misericordia ex
690 2027 2194 2081 & gratia sua pro tanto: quia tale legem miscricorditer statuit & obseruat: sed sta
683 2079 2184 2132 tuta lege, necessario dat gratiam necessitate consequentiae. Ad secundum, quam
680 2138 2198 2184 uis sumus sicut lutum per comparationem ad DEVM aliquo modo: non tamen si
674 2189 2195 2255 militudo tenet in omnibus, nec est pactum inter artifice & Iutum: & dato quod
678 2240 2197 2312 foret, artifex posset frangere pactum, pacti lege manente, quod non potest DEe
677 2297 2199 2349 VS pacto suo manente: nec lutum potest aliquid apud artificem promereri, nec de com
677 2349 2193 2407 digno, nec de cogruo. In hac tamen quaestione magis pie quam logioe est loquendum
