2371 3609
178 216 1734 283 Vbi notandum quod sicut dictum fuit in penultima lectione capituli praeceden
178 284 1738 348 tis quatuor sunt poenitentiae incitamenta, quatuor poenitentiae impedimenta,
188 342 1748 398 quatuor poenitentiae documenta, & quatuor emolimenta. De duobus primis
182 394 1740 443 quaternarijs dictum fuit ibidem, de duobus autem residuis hic est dicendum
205 437 1732 501 Quatuor ergo sunt documenta poenitentiae utiliter peragenda: uidelicet soli
186 500 1726 552 citudo praecogitationis, amaritudo compunctionis, plenitudo confessionis
173 550 1733 607 & fortitudo satisfactionis: Primo ergo ad hoc quod poenitentia de peccatis
182 615 1743 675 utiliter inchoetur, necessaria est praecogitationis solicitudo: Quis enim praepo
176 658 1744 709 situs uel baliuus, qui bona alicuius domini expendisset per mensem, praesume
182 719 1744 772 ret computum facere sine praemeditatione solicita: Peccator aut mulm bona
176 770 1747 824 recepit dispensanda: bona gratiae, bona naturae & fortunae: & omnia ista male
175 822 1743 871 consumpsit pro maiori parte. Quomodo igitur subito & ex improuiso ad com
168 878 1742 932 fessionis computum se audebit ingerere. Nota medicina purgatiua praesuppo
172 933 1740 982 nit praeparatiuam. Praeparatiua est contritio & praecogitatio, purgatiua est con
169 988 1733 1036 fessio, 1. Reg. 2. DEVS scientiarum Dominus est, & ipsi praeparant cogitatio
183 1041 1733 1092 nes. Et 1. Corin. 5. Expurgate uetus fermentum. Et ideo dixit signanter Exce
185 1099 1733 1163 chias, Esa. 38. Quid dicam aut quid respondebo tibi cum ipse fecerim: Tot ui
186 1148 1748 1201 delicet errores cogitando, loquendo, operando, & omittendo. Et respondit:
180 1201 1750 1258 Recogitabo tibi omnes annos meos in amaritudine animae meae. Sed huius
172 1262 1742 1311 contrarium comuniter sit: praesumunt enim nonulli in dimidia hora confessionem
168 1316 1748 1365 facere, pro qua uixit sufficeret septimana, si esset bene examinata: non interro
175 1367 1743 1433 gant, non examinant semetipsos de inanibus, & ideo non possunt integre poe
175 1425 1733 1487 nitere, Hiere. 8. Nullus est qui agat poenitentiam super peccato suo, dicens: Quid
177 1472 1758 1525 feci: Cuius oppositum fecit Psalm. dixit (inquam) Confitebor aduersum me
172 1529 1746 1580 iniusticiam meam Domino. Gloss. dixi: id est, prius deliberaui apud me, hoc sci
175 1577 1747 1645 licet, quod ego confitebor aduersum me: Multi confitentur iniquitatem suam, sed
176 1636 1744 1701 aduersus DEVM. Quando enim inueniuntur in peccatis, dicunt: Non feci hoc,
176 1701 1738 1753 aut non est hoc peccatum, sed DEVS uoluit. Alii dicunt Fatum mihi fecit, stel
179 1747 1743 1800 lae mihi fecerunt: & ita per circumitum nituntur uenire ad accusandum DEVM
170 1801 1748 1868 Stellas enim ipse fecit & ordinauit, & ita per eas uolunt ostendere quod DEVS
171 1853 1741 1908 fecit ut peccarent. Sed uere poenitens dicit: Ego peccaui: non fatum, non fortu
176 1906 1746 1965 na, non Diabolus me coëgit, sed ego persuadenti consensi. Haec Gloss. Vere
175 1960 1747 2023 igitur poenitentes praecogitant & deliberant quomodo possint semetipsos ac
171 2032 1737 2070 cusare: false poenitentes deliberant, quomodo possent DEVM accusare. Secun
175 2071 1747 2127 do debet poenitentia in se habere amaritudinem compunctionis, exemplo lob di
176 2132 1734 2180 centis: Loquar in amaritudine animae meae dicam DEO: noli me condemnare
167 2181 1745 2235 Mulier bene concipit foetum sine dolore naturaliter, sed nunquam fuit mulier
179 2242 1731 2303 quae peperit sine dolore, nisi una uirgo beata miraculose. Anima quando pec
179 2298 1731 2355 cat cocipit fcetum a Diabolo, & hoc sine dolore, imo cum delectatione pecca
171 2358 1743 2408 tum concipit: parit autem cum confitetur, & prodit in lucem peccatum suo con
176 2394 1756 2453 fessori: & hoc non potest esse sine dolore contritionis & poenitentiae, Ioh. 6. Mu
177 2450 1750 2506 lier cum parit, tristiciam habet. Sed mulier cum parit seu parturit dolet amaris
169 2503 1743 2563 sime: cum peperit gaudet & se sentit alleuiatam: Ita persona grauida peccato an
175 2567 1743 2618 te confessionem & tempore confessionis tristis est, & amara, sed confessione
170 2610 1740 2670 finita uidetur quasi liberata & laetificata. Vnde omnis homo post confessionem
175 2668 1743 2733 sentit se alleuiatum a pondere peccati praeexistente, Iudith 8. Quia patiens est
167 2717 1743 2780 Dominus poeniteamus, & eius indulgentiam fusis lachrymis postulemus. Et
175 2774 1743 2843 sicut nulla mulier quantumcunque nobilis & delicata sit, potest euadere, quin indi
184 2840 1754 2903 geat aliqua obstetrice, & quin ostendat se alicui obstetrici, uelit, nolit: Ita nulla
179 2890 1753 2952 persona est ingrauidata peccato, quin aliquo homine indigeat pro confessore
175 2945 1745 3005 suo. Iuxta illud Iac. 5. Confitemini alterutrum peccata uestra & orate. Et qui
176 3004 1752 3061 iustum dolorem uel amaritudinem nunc recusant, multo maiorem experientur
185 3048 1753 3106 dolorem quando suum peccatum coram toto mundo ostendent facientes pteni
