2371 3609
210 280 1746 351 dicens illud Deut. 34. Confortare & esto robustus, quasi diceret: Esto robu
203 328 1737 395 stus ad expugnandum, ad supportandum, ad alleuandum & tolerandum,
207 381 1746 448 Ad expugnandum errores & uitia: & supportandum honores & officia:
206 436 1738 503 Ad alleuandum dolores & supplicia: ad tolerandos terrores pro iusticia.
193 492 1741 570 Primo tenetur doctor catholicus realiter esse robustus ad expugnandum
200 553 1728 611 errores & uitia iuxta zelum sanctorum patrum, qui nos in Ecclesia praecesse
210 609 1725 665 runt, talis fuit Helias, sicut 4. Reg. patet, qui robustus dominator inter
206 664 1727 732 pretatur. Talis fuit Dauid sicut 2. Reg. patet, qui manu fortis interpreta
204 715 1749 765 tur. Talis fuit Boos, de quo Ruth. 4: qui similiter interpretatur robustus. Ta
203 757 1750 819 lis fuit Oza qui arcam declinantem manu voluit erexisse, 2. Reg. 6. qui simi
200 813 1734 884 liter interpretatur robustus. Et multi alii de quibus verificatur illud ludi. 2:
196 874 1732 949 Omnes robustissimi pugnatores. Secundo tenetur esse robustus ad sup
195 935 1729 988 portandum honores & officia, ut sit quasi columna ad supportandum ec
194 990 1732 1043 clesiam militantem. In cuius figuram Salomon in porticu templi DEI duas
194 1049 1729 1108 columnas collocauit, quarum unam uocauit lachim, quod est firmitas, &
200 1091 1732 1165 alteram Boos, quod sonat robur uel in robore, 3. Reg. v. Porticus tem
194 1151 1731 1207 pli DEI id est, coeli est Ecclesia militans, cuius gloria creatur & crescit si
200 1206 1726 1255 eius honores & onera deferantur sapientibus & robustis iuxta illud Pro
207 1250 1737 1313 uerb. 11, mulier gratiosa: id est, militans Ecclesia inuenit gloriam & robu
200 1301 1735 1382 sti habebunt diuitias: quia sicut scribitur Proverb. 24. Vir sapiens fortis &
194 1364 1728 1416 uir doctus robustus & ualidus. Tertio tenetur doctor catholicus esse ro
188 1412 1718 1473 bustus ad alleuandum dolores & supplicia, quae interdum iniuste innocen
194 1473 1722 1546 tibus inferuntur: iuxta illud Esa. 35. Confortate manus dissolutas & genua
194 1521 1716 1580 debilia roborate: ut sibi merito dici possit illud lob. 4. Ecce docuisti pluri
192 1585 1721 1649 mos & manus lassas roborasti: uacillantes confirmauerunt sermones tui, &
188 1638 1716 1688 genua debilia confortasti. Quarto tenetur theologus esse robustus ad to
193 1692 1717 1750 ierandum terrores pro iusticia & veritate sanae doctrinae: quia secundum
193 1734 1729 1800 Gregorium 26, moral cap. 29. exponens illud lob. 36. pro robustis populi
191 1795 1719 1850 ascendant. Robusti sunt illi qui pro ueritate quam detinent, despici non ti
194 1854 1726 1919 mescunt: robusti sunt illi qui ad uincendum huiusmodi desideria conuale
193 1900 1711 1962 scunt: sed pro robustis populi tunc ascendunt si per negligentiam agitur, ut
193 1964 1723 2007 doctorum & fortium loca indocti ac debiles sortiantur: haec Greg. De tali
187 2007 1719 2063 bus nanque verificatur illud Hiere. lib. 51. Deuoratum est robur eorum, fa
204 2061 1730 2127 cti sunt quasi mulieres: Non sic uiri theologi, quibus pro ueritate defenden
188 2129 1730 2189 da districte dicitur, losua 10. Nolite timere, nec paueatis, confortamini &
191 2178 1712 2243 estote robusti. Quartum & ultimum quod Sacram scripturam extollit, est
198 2230 1713 2287 emolimentum proprietatis, quo ad finem consequentem, quod notatur cum
193 2285 1714 2342 dicitur: mea & meum: cum enim sit scientiarum domina, sicut superius est
191 2338 1713 2400 probatum, iuste sibi conuenit pronominibus istis uti: lpsa enim est quae sin
197 2390 1712 2463 gulariter dicit Proverb. 8. Meum est consilium, & mea est aequitas: mea est
200 2449 1711 2503 prudentia, mea est fortitudo: ubi quatuor sibi appropriat uirtutes insignes.
188 2505 1708 2553 Consilium discernendo, aequitatem exaequendo, prudentiam in praecauen
188 2554 1716 2608 dis, & fortitudinem in sustinendis. Vt autem perstudium Sacrae scripturae has
192 2613 1708 2668 uirtutes diuinitus consequamur: dicam iam in fine lectionis illud, quod
195 2660 1698 2733 scribit Cassiodorus lib. suo lnstitutionum diuinarum literarum cap. ult. Prae
186 2711 1705 2789 sta Domine legentibus profectum, legem tuam quaerentibus remissionem
187 2770 1712 2842 omnium peccatorum, ut qui desiderio magno ad lumen scripturarum
183 2830 1702 2882 tuarum peruenire cupimus, nullis peccatis caligantibus obscuremur, & tra
187 2877 1711 2931 he nos ad te uirtute omnipotentiae tuae, & non relinquas sua voluntate ua
195 2944 1588 3009 gari, quos precioso sanguine redemisti. Quod nobis concedat, &c
