2371 3609
165 274 1751 332 tiones: Integritatem, taciturnitatem, & diuturnitatem. Quae quidem conditio
178 322 1731 384 nes per tres literas huius dictionis homo notantur. H, enim non est litera, sed
170 373 1735 424 aspirationis nota secundum Priscianum. Per primum enim, O, significatur in
176 431 1727 479 tegritas poenitentiae. Integrum enim est quod plenum est, & circularis linea per
171 478 1723 536 fectissima & plenissima est: & circulus inter figuras superficiales perfectissi
178 548 1731 600 ma est. Quia non est possibile, ut aliquid addatur in linea circulari omnino, se
183 601 1744 657 cundum Aristot. 2. de coelo & mundo. Poenitentia ergo debet esse perfecta, ut
183 646 1740 696 omnis pars puniatur, sicut quaelibet peccauit. Lingua pro uaniloquio oratio
175 696 1738 767 nibus, pedes peregrinationibus, uenter ieiunijs. Per secundam literam quae est
174 750 1737 804 M,designatur taciturnitas, quae ad poenitentiam requiritur, ne fiat cum pom
163 817 1728 875 pa & ostentatione. Et bene M, designat taciturnitatem: quia illa sola inter lite
179 860 1748 920 ras proferri potest labijs clausis, & labijs ipsis imprimitur. Tertia litera est O,
175 914 1778 972 & significat diuturnitatem, siue finalem perseuerantiam, quae in alphabeto Grae n
177 980 1737 1036 co uitima est litera. Poenitentia autem si perfecta est, usque ad finem esse debet:
176 1026 1779 1076 & talis hominem reformat de bestiali natura, non tamen sine aspirationis nota: n
170 1085 1779 1139 quia nisi Spiritus sancti gratia per suam benignitatem hominem mollificet, sa no
179 1134 1752 1185 lubrem poenitentiam non attentat, Roman. 2. Ignoras quoniam benignitas
175 1191 862 1255 DEI ad poenitentiam te adducit.
240 1241 1736 1296 Quartum emolimentum poenitentiae est quod per eam daemones confuta
178 1293 1748 1357 mus. Vehementer enim confunduntur, quando eorum prodimus consilium,
185 1359 1744 1422 quando eorum euadimus carcerem: & a suis principibus grauius affliguntur,
182 1417 1743 1471 sicut custos carceris pro euasione latronum punitur. Valde ergo agitantur in
181 1467 1737 1523 uidia, quando uident nos prius esse eis similes, deformatos per peccatum: ite
178 1510 1749 1567 rum per sacramentum poenitentiae restitutos, quod nullo modo eis conceditur.
185 1558 1746 1618 Vnde de hominibus singulariter dixit Petrus 2. Pet. 3. Non tardat Dominus
187 1622 1753 1688 promissionem, sed patienter agit propter nos, nolens aliquem perire, sed ad poenitentiam
181 1673 1714 1730 reuerti. Poenitemini ergo & confitemini, ut deleant peccata uestra Act. cap. 3.
447 2637 1750 2699 OSTQVAM declarata est diuina pietas in punitione malorum:
448 2697 1749 2747 in ista parte concluditur eius aequitas in gubernatione uniuerso
452 2759 1747 2805 rum. Et circa hoc duo siunt: quia primo praemittitur conclusio: se
442 2807 1765 2855 cundo subditur conclusionis probatio: secunda pars ibi: Ipsum
424 2870 578 2926 queque
243 2906 1769 2976 Conclusio quae praemittit est ista. Quod cum Dominus siue DEUS sit iustus,
197 2968 1758 3022 iuste omnia disponit. Ista conclusio probatur sic. Omnis homo habens usum
186 3025 1768 3089 liberi arbitrij, uel est peccator, uel iustus: Si est peccator, tu eum corripis, admo
194 3072 1769 3140 nes, & alloqueris, sicut superius dictum fuit, & si uelit correctionem recipere,
