2371 3609
167 247 1728 303 tur nobis hominibus, DEVM recte colentibus, materia magnae spei. Et circa
179 297 1728 368 hoc duo facit: Nam primo ostendit, quod ex modo diuinae punitionis circa ma
169 354 1727 412 los, in bonos oriri debet spes, respectu gratiae, obtinendae in uia. Secundo quod
182 417 1729 477 ex eadem oriri debet spes gloriae, conferendae in patria. Secunda pars ibi: Cum
178 458 385 525 ergo nobis.
237 512 1729 576 Quantum ad primum, ratio sic deducitur. Constat DEVM non esse minus
167 578 1726 642 clementem, & benignum in remittendo culpas, & facinora electis suis & prae
170 627 1728 680 destinatis, quam fuerit peruersis & reprobatis: sed in puniendo reprobos tan
171 683 1727 742 tam ostendit clementiam, quod eos paulatim dispersit & deleuit, ut semper su
169 736 1725 797 perstites tempus haberent poenitentiae: moti & attracti per poenas praedecesso
163 799 1728 857 rum, quos pro sua malicia uidebant destrui successiue, quasi DEVS ipse deside
163 844 1724 899 rasset eorum salutem, quantum in ipso fuit. Ergo non minus erit clemens fi
165 893 1725 952 lijs suis, si deliquerint, & ueniam postea petant: ergo ex hoc quod considera
161 955 1729 1002 mus modum punitionis malorum, quae sit cum mora & expectatione diutur
162 1005 1728 1070 na, inuitante eos ad poenitentiam, & quodammodo ueniam offerente, merito
158 1059 1726 1116 possumus animari ad sperandum DEI clementiam, si nostram maliciam re
163 1113 1735 1163 linquamus. Haec est sententia rationis, quam facit Spiritus sanctus in litera huius
164 1165 1729 1223 lectionis: dicit ergo sic: Si inimicos seruorum tuorum: id est, Cananaeos inimicos He
152 1220 1728 1275 braeorum tibi seruientium, & te colentium, & adorantium, debitos morti pro
153 1274 1721 1338 pter peccata & Aagitia infidelitatis, cum tanta cruciasti attentione: id est, cum
159 1329 1719 1381 diligenti expectatione: & liberasti quosdam, scilicet dimittendo superstites a
151 1381 1725 1436 us occiis & deietis, dans tempus & locum per quae possent mutari a malicia, per
159 1437 1723 1493 penitentiam. Cum quanta diligentia iudicas filios tuos puniendo in praesenti ne
148 1493 1720 1556 peteant aeternaliter. Filios, inquam, tuos, quorum parentibus iuramenta & con
146 1547 1722 1615 uentiones dedisti bonarum promissionum, uidelicet de terra Cananaeorum pos
154 1598 335 1652 sidenda
206 1654 1723 1711 Ad literam: Quia dicit hic in litera DEUM iuramenta fecisse, uidenda sunt
155 1706 1725 1764 hic tria circa materiam iuramenti: Primo de iuramenti licentia: Secundo de iu
149 1766 1210 1814 ramenti frequentia: Tertio de iuramenti innocentia.
199 1820 1728 1869 Circa primum de iuramenti licentia est sciendum, quod fuerunt quidam hae
147 1871 1729 1925 retici qui asseruerunt omne iuramentum esse illicitum, quocunque posito, ita
154 1928 1710 1984 quod nullam ueritatem liceret omnino asserere cum iuramento, & habuit hec
144 1975 1721 2031 haeresis motiua ex Scriptura sacra. Primo ex illo uerbo Saluatoris Matth. 5. E
148 2047 1718 2098 go dico uobis non iurare omnino. Item Iac. 5. Ante omnia fratres mei nolite
143 2089 1715 2142 iurare. Item Matth. 5. Sit autem sermo uester, est, est, non, non: quod autem
136 2159 1712 2195 abundantius est a malo est. Item Augustinus in quodam sermone: Falsa in
139 2200 1703 2263 quit iuratio exitiosa est, uera iuratio periculosa, nulla iuratio est secura: ergo ab
138 2256 1710 2304 omni iuramento est abstinendum. Item Ecclesiast. 23. Omnis iurans & DEVM
139 2317 1711 2378 nominans in toto a peccato non purgabitur: ergo illicitum est iurare. Sed hae
133 2371 1729 2425 resis ista faciliter redarguitur a sanctis multipliciter. Primo DEVS ipse inue
141 2426 1727 2478 nitur iurasse, sicut hic dicitur & in Psalm. Iurauit Dominus, & non poenitebit a
140 2472 1701 2523 eum. Item Hebr. 6. Abrahae nanque promittens DEVS, quoniam neminem
140 2521 1704 2576 habuit, per quem iuraret maiorem: iurauit per semetipsum, &c. Item Aposto
133 2574 1699 2630 lus inuenitur iurasse Rom. 1. Testis est mihi DEVS cui seruio in spiritu meo.
135 2635 1702 2687 & 2. Corinth.1. Testem inuoco DEUM in animam meam. Item Deuteron.
140 2683 1707 2738 6. Dominum DEVM tuum timebis, & per nomen eius iurabis. Item Matth.
146 2752 1698 2813 5. Reddens Domino iuramenta tua. Item omnis natio & omnis secta utitur
137 2789 1711 2848 iureiurando. Et secundum philosophum uox omnium, est uox naturae. Et
136 2844 1699 2901 ideo dicendum quod iuramentum est licitum, & non est malum secundum se:
131 2898 1705 2957 sicut ista haeresis asserebat. Vbi sciendum est quod iuramentum ordinatur ad
124 2950 1704 3008 confirmationem, uel probationem illius, quod homo dicit. In scibilibus au
127 3019 1709 3074 tem potest fieri probatio, per rationem necessariam ex aliquibus nocioribus:
