2371 3609
647 235 2179 302 ad flagella tua. Et cum de nobis iudicatur: id est, exercetur iudicium siue iuste,
645 295 2177 349 siue iniustem, siue ab hominibus, siue a DEO, speremus misericordiam tuam. lob. 13.
646 349 2190 403 Et si occidat me, in ipso sperabo: misericordiam uidelicet ab omni poena liberan.
649 418 2191 460 tem, quae ab omnibus immisericordibus abstrahetur. Iuxta illud Iac. 2. Iudi
650 461 2192 513 cium sine misericordia fiet illi, qui non facit misericordiam. Secundo ostendit
646 524 2194 579 quale iudicium exercet DEVS, puniendo peccatores obstinatos, & specialiter
653 567 2187 620 illos Cananaeos, quos expulit a facie Hebraeorum. Illi enim tales fuerunt ido
655 620 2193 673 latrae, quod coluerunt imagines animalium, sicut superius dictum fuit. Et ideo
647 682 2187 747 merito DEVS illos per animalia uilia voluit exterminare, propter quod sic
656 726 2184 782 suosugit. Vnde & illis qui in vita sua insensate, & iniuste vixerunt. Insensate quo
645 790 2183 851 ad DEVM, & iniuste tam contra DEVM quam contra proximum: uel insensa
656 838 2190 890 te, quo ad se ipsos: & iniuste contia DEVM & proximos. Per hec quae colueruns
651 891 2203 942 deaisti summa tormenta: quando per uespas & muscas, & uilissima animalia eos
654 943 2190 1000 interemisti. Et quod hoc fuit conuenienter factum, hoc sic probatur. Illi enim
645 1000 2200 1064 non ex surreptione, nec modico tempore errauerunt colendo talia animalia,
643 1047 2199 1100 sed diu, & uixerunt more infantium, & ideo conueniens fuit, quod extermma
650 1108 2190 1160 rentur iudicio singulari, & derisibili sicut infantes, uel fatui a bestijs, quas prius
656 1169 2191 1225 coluerant. Vnde dicit sic: Et enim isti Cananaei in erroris via: id est, in idolatria,
647 1215 2195 1265 diutius, non per modicum tempus, errauerunt errore negligentiae: quia nolue.
646 1259 2196 1321 tunt eum corrigere, nec ad uerum DEVM conuerti: deos estimantes bec, quae in
651 1321 2187 1382 animalibus sunt superuacua: id est, inutilia & nociua, cuiusmodi sunt dracones,
660 1370 2190 1427 serpentes, & talpae. Vel secundum aliam literam. Deos estimantes, quae in mani
662 1422 2197 1486 bus sunt superuacua: id est, ab operibus humanis, quae per manus siunt homi
655 1488 2201 1549 num, sunt superuacua & inutilia: sicut carpentarius extremitates lignorum, &
653 1539 2189 1591 truncos tunc dimittit, quando sibi seruire non possunt. Et de talibus uenit scul
665 1594 2196 1660 ptor, & pingit imagines. Esa. 44. Artifex lignarius sumpsit ex lignis saltus, &
656 1646 2208 1710 calefactus est, & succendit, & coxit panes: de reliquo aut operatus est DEVM,
661 1689 2209 1759 & adorauit. Fecit sculptile sibi, & incuruatus est ante illud. Medium eius com
655 1743 2202 1821 bussit igni, & de medio eius carnes coxit, &c. Et infra. Reliquum autem eius
650 1809 2200 1870 DEVM fecit, & sculptile sibi. Curuatur ante illud, & adorat illud, & obsecrat
659 1855 2209 1918 illud dicens: Libera me, quia DEVS meus es tu. Talia ergo coluerunt isti Ca
658 1917 2207 1975 nanaei, infantium insensatorum more viuentes. Pueri enim insensati faciunt sibi
649 1972 2198 2027 puppas, & imagines puerorum, & Iudunt cum eis. Et ideo merito tu DEVS
653 2028 2203 2088 dedisti eis iudicium in derisum, tanquam pueris insensatis. Quia latis derisibi
651 2062 2199 2132 les uidebantur, cum per cyniphes, muscas, & ranas, ursos, & leones extermi
659 2118 873 2171 nabantur.
715 2168 2204 2258 Circa illam clausulam: Speremus misericordiam.] Notandum est quod spem
653 2234 2197 2298 nostram tribus temporibus praecipue recolligere debemus: uidelicet immi
663 2290 2194 2361 nente tempestate temporalis tribulationis, accedente necessitate corporalis
653 2340 2194 2403 dissolutionis: & superueniente perplexitate criminalis desperationis. Primo
651 2387 2199 2467 sperare debemus diuinam misericordiam, nobis facillime affuturam, imminen
654 2448 2197 2528 te tempestate temporalis tribulationis. In Psalm. Quoniam in me sperauit, li
643 2492 2201 2578 berabo eum, protegam eum, quoniam cognouit nomen meum. Exemplum
656 2560 2204 2629 ad hoc habemus in uita sancti Martini. Qui cum inter Alpes incidisset in latro
651 2612 2199 2676 nes, & unus eorum eum ferire minaretur, alius ictum ferientis continuit. Et
650 2666 2196 2742 cum postea latrones quaererent ab eo, an timeret: dixit se nunquam magis se
644 2724 2197 2782 curum fuisse. Quia sciebat misericordem DEVM maxime in tentationibus as
649 2757 2190 2837 futurum. Summa cautela militum antiquorum fuit, omnia quae uidebantur ad
644 2824 2196 2883 uersa & terribilia, & bonae spei contraria, ad confidentiam interpretari: sicut nar
652 2876 2195 2947 rat Sextus lulius stratagematon lib. 1. cap. 1. Vnde cum Scipio Aphricanus ex
650 2915 2200 3008 Italia in Aphricam exercitum traduxisset, & ipse de naui deberet descendere,
643 2985 2203 3063 cecidit ad terram. Considerans ergo milites attonitos de casu, ipsum lapsum ma
