2371 3609
424 1376 1744 1440 OSTQVAM Spiritus sanctus declarauit uitam & modum,
442 1440 1754 1494 per quem gentiles philosophi poterant deuenisse ad ueram DEI
430 1483 1744 1535 cognitionem: Hic ostendit quod de eorum negligentia in hac par
430 1539 1746 1590 te nullam habuerunt excusationem. Et circa hoc tria facit: quia pri
422 1590 1750 1643 mo ponit eiusdem excusationis allegationem: Secundo illius alle
186 1655 1746 1716 gationis probationem: Tertio eiusdem rationis confutationem. Secunda pars
187 1707 1437 1767 ibi. Et enim cum in operibus. Tertia pars ibi: Iterum tamen nec his
236 1751 1744 1807 Allegatio ad excusandum gentiles philosophos posset esse talis. Videri ete
182 1814 1749 1864 nim posset quod eis minor esset querela quam praedicta praetendunt pro tan
187 1866 1750 1927 to: quia ipsi fecerunt quod in eis fuit. Quaesierunt DEVM studijs & ingenijs,
188 1924 1749 1981 disputationibus & doctrinis uolebant eum inuenisse: unde si non inuenerunt,
181 1972 1746 2028 non uidetur culpa eorum. Confirmatio istius allegationis est, quod ipsi con
181 2039 1736 2089 tinue in operibus DEI scilicet creaturis discutiendis conuersabantur, studen
186 2088 1740 2147 tes circa naturam rerum creatarum. Et ad DEVM cognoscendum multiplici
181 2146 1747 2199 ter inquisierunt, inueniendo, disputando, & docendo, & concluserunt euidenter,
181 2195 1734 2246 quod omnia sensibilia quae uidentur, bona sunt, & usui humano multum necessa.
184 2252 1743 2309 na. Igitur uidetur quod si potuissent ulterius ascendisse ad DEVM cognoscen
180 2307 1751 2364 dum, hoc multo libentius attentassent. Sed confutatio istius allegationis cum
180 2350 1751 2415 sua probatione est talis: Si isti fuerunt ita studiosi & ingeniosi, quod potuerunt sibi
176 2423 1751 2469 adquirere aestimationem, & aliqualem cognitionem de toto mundo, sicut de moti
175 2458 1756 2516 bus Solis, & Lunae, de uiribus arborum, lapidum, & herbarum, quod est difficilimum:
186 2517 1747 2600 quomodo non facilius horum omnium Dominum & causam poterant inuenire: prae
186 2562 1749 2635 ertim cum ipse se deuote uiuentibus sponte iugerat. Sap. 6. Praeoccupat aut qui se
183 2632 1748 2687 concupiscunt, ut illis se prior ostendat. Dicit ergo sic a principio lectionis pro li
181 2674 1758 2743 tera. Sed tamen adhuc in his gentibus, uidelicet colentibus corpora coelestia &
181 2747 1746 2798 elementa, minor est querela, uel minor quam de colentibus idola de quibus postea
175 2792 1758 2844 statim dicetur. Vel minor querela est: hoc est, uidetur quam lectio ultima praeten
194 2837 1755 2898 debat. Et hi enim, enim, pro quia: quia hi fortassis errant. In hoc quod dicit for
178 2894 1753 2961 tassis, innuit excusationis insufficientiam: DEVM quaerentes & sic facientes quod
187 2949 1749 3006 in eis fuit, & volentes inuenire, sed non ualentes. Huius rationis confirmatio uidet
185 3005 1760 3068 esse iuud, quod sequitur. Et enim cum in operibus illius conuersentur & inquirunt &
179 3055 1766 3120 sic continue versentur per studium, & inquisitionem in operibus illius: id est, DEI
