2371 3609
638 242 2196 296 excogitauit. Quia isti qui seruiebant idolis, & uixerunt per oblationes & sacri
638 284 2202 337 ficia eis facta, zelauerunt omnino quod idola forent pulchra: & artifex sapien
635 339 1226 406 tia sua fabricauit, non diuina.
710 392 2196 445 Et quia nauis adinuentio dicitur esse de diuina prouidentia. Possit aliquis
646 447 2192 500 dubitare, an DEVS sine nauis adiutorio possit homines in mari saluare. Et
637 499 2202 556 ideo primo dicitur quod sic: Secundo declaratur nauis comoditas magna: Secun
646 553 2190 610 da pars ibi: Sed vt non esset vacua. Quantum ad primum dicit sic: Tu autem pa
641 620 2200 674 ter gubernas, supple omnia prouidentia. Iuxta illud 6. huius. In omni proui
638 662 2194 715 dentia occurret ilis: quoniam dedisti in mari viam, scilicet in mari tubto. Exo
642 730 2200 772 di decimoquarto. Et inter fluctus semitam firmissimam. Inter Auctus lordanis
636 771 2190 827 fluuius. Iosuae 3. Omnis populus per arentem alueum transibat, ostendens
638 828 2198 898 quoniam potens es ex omnibus sanare: id est, ex omnibus periculis saluare, &
643 880 2201 934 in omnibus locis, uel elementis hominem liberare: sicut ab igne saluauit A
637 934 2193 988 braham secundum Hebraeos, Genes. decimoquinto. Ego eduxi te de Hur:
644 993 2192 1044 id est, de igne Chaldaeorum. Et tres pueros missos in fornacem ignis ardentis.
640 1043 2194 1098 Dan. 3. In aëre saluauit latronem pendentem, Luc. 23. In aqua maris lonam. Ionae
652 1110 2198 1152 2. In terra Laxarum. Iohan. 11. Etiam si sine rate aliquis adeat mare confidens in
637 1150 2189 1206 DEO debet sperare de salute: sicut patuit in Petro, Matth. 14. Descendens Pe
635 1209 2186 1269 trus de nauicula ambulauit super aquas: Ratis secundum Isi. 1. Ethy. ca. 1. fuit pri
646 1249 2195 1315 mum & antiquissimum nauigij genus ex rudibus tignis & asseribus confe
641 1311 2189 1365 ctum, ad cuius similitudinem naues factae sunt. Ratem uero moderni Gram
632 1363 1520 1424 matici dicunt esse latus nauis. Vnde versus:
773 1428 1633 1488 prora prior pars est, nauis altera, tertia puppis
769 1473 1644 1552 Dic latus esse ratem, uentrem dic esse carinam.
650 1529 2194 1583 Et secundum hoc in litera est cupeuebyn, ut ponatur pars pro tota naui. Vltimo
638 1584 2190 1650 extollitur & praefertur nauis commoditas: quiaelicet DEVS possit immediate
644 1641 2178 1706 per se hominem gubernare in mari, tamen uoluit homini dare prudentiam na
650 1707 2190 1746 uifactiuam: vt non essent vacua sapientiae tuae opera: id est, infructuosa & inutilia:
637 1762 2195 1816 propter hoc etiam exiguo ligno credunt homines animas suas: i&est, uitam suam
649 1801 2192 1854 temporalem, & transeuntes mare per ratem liberati sunt: id est, per nauem. Cir
656 1859 2194 1909 ca iam particulam: propter hoc etiam exiguo ligno credunt homines animas suas.
643 1911 2195 1963 Notandum quod CHRISTVS dici potest moraliter loquendo, modicum lignum
641 1964 2196 2031 propter mentis humilitatem, lignum propter fructus fertilitatem. De cuius mo
638 2018 2194 2072 dicitate scribitur ad Heb. 2. Eum qui modico minus ab angelis minoratus est
656 2066 2193 2128 uidemus IESVM, &c. De cuius ligni fertilitate dicitur in Psal. Et erit tanquam
632 2127 2194 2184 lignum, quod plantatum est secus decursus aquarum, quod fructum suum dabit in
643 2183 2197 2234 tempore suo. Istud lignum plantatum fuit in terra, in benedicta incarnatione. Hoc
626 2233 2186 2290 est in Virgine gloriosa, de qua dicitur in Psal. Benedixisti Domine terram tuam,
647 2289 2176 2344 Ista terra est bona, quae bene culta reddit fructum tricesimum, sexagesimum
648 2342 2180 2395 uel centesimum. Sed ista est multum melior & magis benedicta, quae sine la
641 2392 2187 2452 bore uel cultura producit optimum fructum, & infinitae bonitatis. Talis fuit
654 2452 2191 2508 Virgo benedicta, quae sine naturae subsidio genuit CHRISTVM mundo. Et
632 2517 2186 2579 ideo bene dicitur: Benedixisti Domine terram tuam: nam specialiter, singu
640 2557 2188 2610 lariter, & apropriate fuit benedicta. Et sicut lignum plantatum in terra soli
640 2615 2190 2670 dat terram, ex omni parte & per radices suas colligit, & constringit ne defluat:
634 2665 2184 2719 Ita CHRISTVS plantatus in Virgine benedicta matre sua eam solidauit uir
635 2717 2187 2779 tutibus, & gratijs sic astrinxit, quod nunquam defluere potuit per peccatum
638 2772 1038 2824 mortale uel ueniale.
703 2824 2185 2888 Fuit enim sanctificata in utero ita, quod mundata a peccato originali, &
644 2884 2190 2942 in ea fomes ligatus, sic quod nunquam eam ad peccandum impegit. Et haec
631 2936 2190 2996 fuit prima sanctificatio in utero matris suae. Et ista sanctificatio fuit eius uera
625 3003 2175 3036 conceptio. Nam quam cito Virgo beata habuit esse in utero, tam cito fuit san
631 3051 2181 3120 cta: non enim potuit esse sancta antequam esset uera: ergo conceptio beatae Virgi
