2371 3609
660 212 2214 276 Spiritus sancti duodecim Apostolos misit in mundum, Luc. 6. Elegit duode
655 281 2231 332 cim, quos & Apostolos nominauit, quibus dixit lohan.15. Ego uos elegi de
661 336 2168 387 mundo, & posui uos, ut eatis & fructum afferatis, & fructus uester maneat.
852 1676 2202 1731 OSITA comparatione inter idolum & nauigium, prosequitur
866 1727 2199 1781 Spiritus sanctus de commendatione nauis uel arcae diuinitus ordi
867 1784 2196 1833 natae. Et circa hoc duo facit. Nam primo ostendit quod nauis me
855 1839 2197 1893 retur humanam benedictionem: Secundo quod idolum meretur
641 1896 1884 1945 humanam maledictionem: secunda pars ibi: Per manus autem.
697 1949 2196 1996 Circa primum duo facit: quia primo ponitur ipsius arcae Noë debitae salua
655 1997 2194 2053 tionis officium: Secundo ex hoc infertur, quod ei debetur merito benedictio
648 2060 2197 2121 nis beneficium: secunda pars ibi: Benedictum est lignum. Dicitur igitur: Sed & ab ini
656 2111 2199 2158 tio: id est, parum post mundi exordium: quia in principio secundae aetatis secu
650 2162 2183 2216 si sub Noeë, cum perirent superbi Gigantes, in quo notatur perditionis peccato.
640 2218 2202 2271 rum causa & ratio. Erant enim superbi, terreni, carnales, & luxuriosi. Esa. 26.
652 2267 2193 2327 Terram Gigantum detrahas in ruinam. Spes orbis terrarum: id est, seminarium
644 2329 2194 2391 generis humani, Noe uidelicet, filij eius, uxor eius, & uxores filiorum eius, ad
643 2378 2197 2436 ratem: id est, arcam refugiens, remisit seculo semen natiuitatis: id est, seminarium
650 2447 2187 2512 propagationis, quod mundo fuit fere subtractum, cum non staret nisi in octo per
643 2491 2187 2544 sonis, quae scilicet ratis uel arca manu tua: id est, potentia, gubernata erat. Et ideo
649 2545 2193 2598 merito debet illud lignum ab hominibus benedici. Vnde subdit: Benedictum
643 2609 2190 2667 enim lignum per quod sit iusticia. Benedictum: id est, benedictione dignum, lig
640 2654 2190 2701 num, inquam: id est, arca per quod sit iusticia: id est, salus & conseruatio iusto
644 2711 2202 2761 rum, pereuntibus malis. Vnde dixit Dominus ad Noë, Genes. 7. Te enim uidi
643 2762 2183 2815 iustum coram me in ceneratione hac. Sicut autem illud lignum quod est arca
643 2818 2195 2865 dignum fuit benedictione. Ita lignum quod est idolum, est dignum maledi
644 2868 2196 2922 ctione propter duo. Tum ratione facientis, qui peccauit fabricando: quia DEVS
644 2933 2185 2987 prohibuit fabricari, Deutero. 27. Maledictus homo qui facit sculptile & con
638 2980 2192 3027 flatile: Tum ratione rei factae quae indigne cognominatur DEVS, in praeiudi
632 3031 2193 3082 cium maiestatis aeternae: id est, diuinae. Dicit ergo construendo textum sic: saa
