2371 3609
195 241 1751 298 lum autem, quod sit per manus, maledictum est, & ipsum scilicet idolum, & qui fe
190 316 1745 370 cit illud. Et subdit rationem dicens: quia male quidem operatus est, id quod sicuit.
198 359 1748 407 illud autem cum esset fragile. DEVS cognominatus est. Vnde sequitur: Similiter
186 413 1720 464 autem odio sunt DEO impius, & impietas eius: id est, idolatra & idolum suum,
248 464 1746 517 Vbi notandum, quod idolum accipitur tripliciter in processu isto. Vno modo pro
181 515 1753 572 materia figurata, lignea, uel lapidea, uel metallina, & sic uerum est que idolum est.
186 580 1750 631 aliquid: secundo modo accipitur pro Diabolo praesidente tali idoio, & sic etiam
197 629 1734 680 est aliquid. Tertio modo accipitur idolum quasi pro quodam composito ex de
186 686 1746 737 mone & materia figurata, sicut homo componitur ex corpore & anima. Et sic
194 734 1740 787 loquitur Apostolus 1 Cor.18. Scimus quod nihil est idolum in mundo: Se
189 792 1747 841 cundo modo accipitur idolum communiter in litera, cum subinfertur. Etenim
186 852 1735 912 quod factum est: id est, Diabolus, qui dicitur idolum secundo modo, & praesi
194 900 1748 949 det illi, quod factum est: id est, materiae figuratae cum illo qui fecit, tormenta pa
188 951 540 1004 tietur in inferno.
270 1006 1754 1061 Circa iuam clausulam, uidelicet, Benedictum lignum per quod sit iusticia.]
194 1056 1755 1130 Notandum est quod in ligno crucis multiplex iusticia facta fuit: Primo quia
188 1114 1742 1171 homo rependit quod abstulerat: Diabolus deuincitur per illud in quo uicerat.
198 1167 1736 1221 Primo ergo homo rependit quod abstulerat. Iustum est enim, quo secundum for
195 1225 1743 1274 mam & quantitatem delicti fiat emendatio, cum restitutione ablati. Homo au
197 1280 1737 1329 tem fructum uetitum acceperat ab arbore, & homo CHRISTVS fructum ui
195 1334 1735 1387 tae restituit arbori. Homo delectatus est in omni suo sensu illicite, & homo
198 1390 1754 1438 CHRISTVS punitus est in omni suo sensu iniuste. Poenam enim habuit quo
182 1441 1753 1492 ad tactum in flagellatione, crucifixione, & coronatione. Quo ad uisum consi
195 1498 1734 1546 derando matrem lachrymantem, & discipulum quem diligebat, & Iudaeos in
185 1551 1725 1603 sultantes. Quo ad auditum. Audiuit enim opprobria & blasphemias. Si Filius
181 1603 1727 1658 DEI es, descende nunc de cruce, & multa alia. Quo ad gustum: Gustauit enin
188 1664 1728 1728 acetum cum felle mixtum. Quo ad olfactum: Odoratus est sputorum foetore
193 1712 1743 1766 Esa. 50. Faciem meam non auerti ab increpantibus, & conspuentibus in me
194 1765 1734 1822 De ista iusticia dicitur Roman. 5. Sicut per unius delictum in omnes homines
188 1832 1740 1875 condemnatio uenit: ita per unius iusticiam in omnes homines iustificatio ui
193 1877 1743 1928 tae. Secundo iustum fuit, ut sicut Diabolus hominem in ligno deceperat, & ui
186 1937 1489 1996 cerat: per lignum falleretur & uinceretur, secundum illud Ouidij:
308 1995 1063 2053 lustus vterque fuit, nec est lex equior vlla
376 2037 1066 2106 quam necis artificem arteperire sua.
182 2094 1753 2151 In Psalm. Iustus Dominus in omnibus uijs suis. Ergo benedictum lignum cru
183 2149 624 2217 cis per quod sit iusticia.
236 2205 1737 2255 De hac iusticia loquitur Magister sententiarum lib. 3. dist. 20. reddens ratio
183 2254 1755 2313 nem, quare CHRISTVS uoluit nos sic liberare, non potentia, sed iusticia. Ideo
189 2308 1753 2374 (inquit) potentia uincere noluit: quia Diabolus uitio peruersitatis suae amator
187 2375 1753 2422 est potentiae, & desertor oppugnatorque iusticiae. In quo illi homines eum ma
182 2432 1730 2488 gis imitantur, qui neglecta uel etiam perosa iusticia, potentiae magis student,
182 2482 1734 2536 eiusque adeptione laetantur, uel cupiditate inflammantur. Ideo placuit DEO
182 2531 1736 2584 ut non potentia, sed iusticia uincens, hominem erueret, in quo homo imitari
177 2594 1737 2645 eum disceret. Igitur benedictum lignum per quod fit iusticia. Lignum nanque
174 2640 1731 2689 crucis benedictione dignum est. Ipsum enim est pons, per quem CHRISTVS
176 2692 1734 2747 transiuit, lectus in quo CHRISTVS dormiuit, scala per quam CHRISTVS
182 2740 1754 2800 ascendit, libra in qua redemptio nostra pependit. Primo ergo ipsa crux est pons,
185 2795 1753 2868 per quem CHRISTUS transiuit fluuium mundanae uanitatis, & super quem
183 2863 1753 2907 calcare debemus pedibus affectionis, ut nos supportet a fluctibus inundan
178 2906 1726 2962 tibus peccatorum. Et sicut quilibet contemnens pontem periclitatur, & sub
171 2965 1737 3020 mergitur: ita quilibet qui non supportatur a cruce, nec ei innititur, saluari
170 3031 1743 3077 non potest, 1Corinth.1. Verbum enim crucis pereuntibus quidem stulticia
174 3064 1749 3129 est, his autem qui salui siunt: id est, nobis uirtus DEI est. Vnde de cruce po
