2371 3609
211 236 1752 297 tatem fidei illius. Ponebatur ergo CHRISTVS quasi in uno appendiculo li
207 280 1752 350 brae, & homo peccator in alio, & inuentum est quod sicut CHRISTVS suffi
206 347 1751 411 cientissime ponderosum realiter descendit ad medium, quod est simplicite
211 397 1752 456 deorsum: quando anima coniuncta Deitati descendit ad infernum, qui est cir
207 457 1752 514 ca centrum mundi. Et quanto ipse descendit, tanto hominem peccatorem ex
203 508 1752 573 altauit: uidelicet usque ad coelum: & sic verificabatur illud Excech. 17. Humilia
212 557 1159 610 ui lignum sublime, & exaltaui lignum humile
439 1790 1739 1861 OSTQVAM reprobata est idolatrarum fatuitas propter idoli
431 1855 1746 1915 inutilitate: In ista parte praedicit culpae eorum irremissibilitatem.
431 1899 1743 1984 Et circa hoc tria facit. Primo praedicit eorum iustam punitionem:
426 1965 1737 2031 secundo allegat poenae rationem: & tertio ponit rationis proba
430 2017 1740 2089 tionem: secunda pars ibi: Quoniam creaturae DEI, &c. tertia pars
184 2073 1743 2131 ibi: Initium fornicationis. Dicit ergo primo sic: propter hoc, uidelicet idolatrae
188 2124 1744 2192 sunt odibiles DEO. Ideo & idolis nationum: id est, daemonibus praesidentibus
187 2180 1743 2238 idolis apud diuersas nationes, non erit respectus misericordiae, Abacuc primo:
187 2231 1737 2286 Mundi sunt oculi tui ne uideas malum, & respicere ad iniquitatem non pote
195 2286 1741 2341 ris. Et ratio huius subditur: quia per abusum hominum & instigationem dae
188 2351 1738 2411 monum, creaturae DEI quae factae sunt & ordinatae fuerunt ad honorem DEI,
182 2397 1744 2463 & profectum hominum conuerse sunt in odium DEI: ut DEVS propter illas in
188 2455 1740 2508 odium habeatur, & homines decipiantur, & perdantur: & hoc est quod dicit:
195 2516 1736 2570 quoniam creature in odium DEI factae sunt, non quod creatura in idolo odia
191 2558 1739 2610 tur a DEO (qui nihil odit eorum quae fecit) sed quia per suggestionem Dia
178 2613 1729 2669 boli factum est idolum in odium DEI: id est, ut DEVS odiatur, dum honor si
182 2667 1744 2723 bi debitus subtrahitur, & idolo impenditur. Et in tentationem animae: id est, ani
177 2721 1735 2776 mabus hominum, & in muscipulam, scilicet deceptionis, pedibus insipientium
241 2775 1737 2831 Et haec est causa, quare idolis nationum non est respectus. Et quod haec cau
182 2827 1742 2881 sasit uera, probatur: Quia initium fornicationis anime recedentis a DEO, est ex
177 2899 1741 2954 quisitio idolorum, & adinuentio illorum corruptio vitae est: vite uidelicet creature
182 2939 1732 2988 rationalis, quae ad cultum DEI ueri est ordinata naturaliter. Fornicatio secun
181 2990 1751 3063 dum Papiam dicitur a fornix fornicis, qui est arcus uel curuatura in pariete uel aedifi
177 3038 1751 3112 cio: quia in talibus locis meretrices prostituebantur. Est enim fornicatio amor a le d
