2371 3609
609 186 2211 274 id est, post mortem, tanquam DEVM colere copit exhibendo sibi latriam: id
605 267 1249 330 est, cultum debitum soli DEO.,
664 322 2203 383 Nota quod quasi aliquando ponitur pro similitudine, sicut 2. Corinth.6.
621 377 2195 445 cap. Quasi tristes, semper autem gaudentes. Aliquando autem pro ueritate.
617 427 2203 491 Sicut lohannis primo: Cuius gloriam uidimus, quasi unigeniti a Patre, ple
617 489 2195 552 num gratia & veritate. Et constituit inter seruos suos sacra: id est, dies solennes:
609 539 2199 597 & sacrificia: id est, oblationes. Consequenter agit de peruersa continuatione.
617 577 2210 655 lnualuit autem iste error per antiquam consuetundinem, & tyrannorum coër
610 660 1208 735 uemnmum.
605 701 2199 772 scente iniqua consuetudine: quamuis proprie loquendo secundum luristas
608 754 2206 824 consuetudo non potest esse iniqua: quia iniqua assuefactio corruptela est,
604 807 2206 869 non consuetudo: large tamen loquendo consuetudo dicitur usitatio quae
616 862 2206 923 cunque bona uel mala, & sic iniqua consuetudine inualescente, hic error, de
605 920 2198 989 colendis idolis tanquam lex custoditus est, & tyrannorum imperio colebantur
597 973 826 1047 sigmenta
666 1010 2217 1086 Iuxta illam clausulam: MAcerbo enim luctu dolens pater, &c. Notandum est.
610 1079 2196 1141 quod circum modum lugendi amicos decedentes, multipliciter se habent ho
611 1135 2193 1194 mines his diebus. Lugent enim quidam amicos suos defunctos fallaciter, si
610 1187 2196 1250 mulatiue, & cum fictione. Quidam pertinaciter, & excessiue, & sine consola
614 1245 2189 1303 tione. Quidam sagaciter, & charitatiue, & ex pia deuotione. Primo modo
602 1295 2204 1358 lugent interdum filij mortem parentum, in quorum bonis succedunt. Vxo
615 1352 2208 1411 res maritos, a quorum societate libenter recedunt. Legatarij testatores qui eis
609 1405 2207 1463 bona legando, recedunt. Hi omnes nigris uestiuntur, extrinsecus & facies
604 1461 2209 1518 suas exterminant, & tamen in mente satis gaudent. Sicut forte ludas luxit
610 1516 2207 1575 mortem uxoris suae, quae sua dicebatur. De quo Genesis 38. dicitur quod
603 1561 2193 1637 post luctum consolatione suscepta, ascendit ad tonsores ouium suarum, & di
604 1628 2201 1697 uertit ad Thamar, quam putauit meretricem. Sic etiam planxit patrem suum
615 1675 1352 1735 Gellia de qua Epigrammaton lib. 1.
742 1739 1607 1801 Amissum non slet cum sola est Sellia patrem
782 1783 1538 1844 Si quis adest iussa prosiliunt lachryme.
718 1843 1560 1905 Non iugeat quisquis laudari Sellia quaerit.
784 1894 1428 1952 ille dolet vere, qui sine teste dolet.
597 1937 2210 2011 Isti figurantur per mulierem Thecuitem, cui dixit loab secundo Regum deci
612 2010 2205 2065 moquarto: Lugere te simula, & induere ueste lugubri, & non ungarisloleo, ut
597 2056 1761 2119 sis quasi mulier plurimo iam tempore lugens mortuum.
652 2105 2192 2182 Secundo modo lugent immoderati, qui sio lugent mortem amicorum, quasi
609 2163 2195 2241 totaliter perenniter interirent, quorum fatuitas ex decem rationibus declara
615 2221 1794 2284 tur: quae in duobus uersibus continentur seu includuntur:
723 2275 1608 2344 dec bis quinque tibi, qui mortem plangis amici
723 2329 1646 2384 Mensuram statuant, & guudia leta reducant.
728 2378 1709 2443 Vult DEVS, & suus est, lex, liberat, omnia noscens
726 2438 1680 2501 Nec xvalet, immo nocet, obstabit. surget, amabit.
603 2466 2197 2559 Prima ergo ratio ad ostendendam fatuitatem pertinaciter lugentium mortem
596 2551 2194 2612 amicorum accipitur ex consideratione diuinae uoluntatis, cui nullo modo de
597 2595 2207 2679 bemus esse contrarij. Vnde Seneca ad Lucillum: Placeat homini quidquid
603 2653 2201 2727 DEO placet, ob hoc ipsum quod DEO placet. Diuina enim voluntas pri
604 2715 2206 2783 ma, & summa est causa omnium, quae siunt. Cuius alia causa quaerenda non
605 2761 2203 2826 est, secundum Magistrum Sententiarum libro primo, distinctione quadragesi
603 2820 2197 2889 Aumauruiuumumumammnam
595 2866 2204 2932 sidera primo hanc rationem: quia DEVS vult. Vnde Augustinus de uera re
597 2917 2195 2991 ligione cap. 43. Qui perfecte DEVM diligit non affligitur morte cuiusquam:
604 2983 2194 3042 quoniam qui toto animo DEVM diligit: nouit nec sibi perire, quod DEO
593 3038 2210 3102 non perit. DEVS autem Dominus est uiuorum & mortuorum. Secunda
