2371 3609
637 218 2204 283 rum ad malos corrigendum. Naum 1. Sicut spinae inuicem complectuntur,
641 274 2200 332 sic conuiuium eorum pariter potantium, De ista pace dicit Psalm. Zelaui su
635 329 2196 390 per iniquos, pacem iniquorum uidens: Gloss. 1. inuidi eis, & male tuli pa
640 383 2199 447 cem peccatorum. Tertia est pax curialium praelatorum, & haec nihil aliud est,
644 437 2205 491 quam quaedam negligentia scelerosae impunitatis, quando enim praelatus ui
650 493 2209 546 det peccata notoria subditorum, & ea dissimulat scire, talis praelatus uocatur
654 559 2200 614 pacificus. Notandum quod humectatio locorum circa aures, quae uocantur
649 601 2196 652 tempora de lacte mulieris, inducit somnum. Sic consimiliter quando praela
650 656 2215 710 tus habet uerba remissionis & dulcedinis ad manifeste malos, inducit eos ad
650 710 2207 757 dormiendum in peccato suo. Vnde uerba praelatorum & prophetarum anti
651 764 2207 821 quitus uocabantur onera, Malach. 1. Onus uerbi DEI ad Israel. Et in Esa. O
649 819 2208 878 nus Damasci, onus Aegypti, onus Tyri, & sic de alijs. Debent enim uerba prae
649 870 2208 921 lati esse onerosa contra pertinaces & rebelles, sed solatiosa ad deuotos & hu
655 922 2209 994 miles. Sed distinguendum uidetur de remissione & rigore in praelatis: quia si
656 976 2213 1028 loquamur de eorum personali iniuria, uel de derogatione honoris eorum, in
661 1044 2215 1107 ueniuntur acutissimi & rigidissimi, nihil remittunt. Si uero agatur de iniuria
656 1088 2213 1137 illatao DEO, uel de honoris diuini diminutione, ibi sunt remississimi, nec cu
650 1144 2213 1191 rant omnino. Contra tales loquitur Chrysost. super Matth. Episcopus si debi
657 1200 2216 1246 tum honoris non acceperit a presbytero, aut presbyter a diacono, aut diaco
650 1256 2216 1318 nus a lectore, irascitur & turbatur: Si autem uiderit Episcopus presbyterum,
662 1300 2217 1362 aut presbytet diaconum, aut diaconus lectorem circa obsequium Ecclesiae
650 1361 2205 1416 non permanentem, aut alias peccantem in DEVM, non irascitur, neque cu
650 1421 2215 1472 rat. Quia omnes quidem de honore suo solliciti sunt, de honore autem DEI
658 1477 2216 1537 nullus. Haec Chrysostomus. Quamuis enim esse pacificum & patientem in
662 1527 2212 1589 proprijs iniurijs sit laudabile: esse tamen patientem in DEI iniurijs est, sum
649 1583 2215 1647 me uituperabile in praelato. In cuius figuram CHRISTVS: sicut legimus
659 1619 2222 1702 Matthaei 4 quando Diabolus sibi dixit: Si Filius DEI es, dic ut lapides isti
659 1687 2222 1736 panes fiant, patienter sustinuit, & per autoritatem Sacrae scripturae eum con
653 1734 2228 1808 futauit. Iterum secundo, quando sibi similiter dixit: Si Filius DEI es, mitte te
662 1791 2219 1849 deorsum. Quia istae duae tentationes non fuerunt directae nisi contra huma
655 1851 2220 1918 nitatem. Sed in tertia tentatione, quando dixit: Haec omnia tibi dabo, si cadens
666 1902 2221 1969 adoraueris me: repulit miserum cum indignatione dicens: Vade Satana, non
659 1954 2214 2022 tentabis Dominum DEVM tuum. Deuter. 6. Super quem locum dicit Chry
659 2001 2215 2084 sost. Exemplo CHRISTI discamus iniurias nostras aequanimiter sustinere,
654 2062 2225 2137 DEI autem iniurias, neque usque ad auditum sufferre. Quoniam in proprijs iniu
654 2123 2218 2189 rijs esse quandoque patientem laudabile est: Iniurias uero DEI dissimulare, nimis
656 2167 2227 2237 impium est. Et de ista mala pace negligentiae, praelatis dicit Saluator Matth. 10.
655 2215 2168 2290 Non ueni pacem mittere, sed gladium: id est, acutam correctionem uitiorum.
