2371 3609
410 885 1718 955 OSTQVAM enumerata sunt uitia, & morum corruptiones, quae
409 949 1651 994 ex idolatria procreantur: In ista parte explicatur causalitas illa
412 1001 1725 1058 ostenditur specialiter, quomodo ex idolatria deriuantur falsitas &
410 1047 1726 1105 iniusticia. Et circa hoc tria fiunt. Quia primo agitur de malorum
404 1104 1719 1166 perpetratione: Secundo de malorum punitione: Tertio de iura
157 1154 1725 1207 menti naturalis conditione. Secunda pars ibi: Vtraque, &c. Tertia ibi: Non e
156 1208 472 1266 nim iurantium,
214 1263 1717 1321 Circa primum in detestationem idolorum, replicat generalitatem maliciae
165 1319 1719 1368 idolatriae. Et dicit: Infandorum enim idolorum cultura omnis mali causa est & ini
156 1376 1718 1423 tium. Et sic idola dicuntur infanda: quia non sunt famine: id est, sermone di
157 1439 1716 1492 gna. Hec ergo cultura est causa omnis mali initium & finis, in suis cultoribus: Nam
154 1487 1746 1545 propter idola colenda ordinantur peccata, sicut propter finem. Qualium aut
161 1537 1745 1592 malorum sit idolatria initium & finis, manifestat cum subdit: Aut enim dum
152 1590 1730 1641 latantur insaniunt, sicut in festis & ludis, quos dijs suis faciebant, in quibus se
159 1655 1724 1708 per libidinem more bestiarum foedabant. Aut certe vaticinantur falsa, sicut
166 1709 1722 1765 prophetae Achabs de quibus dicitur 3. Reg. 22. Ecce dedit Dominus spiritum
159 1747 1723 1804 mendacij in ore omnium prophetarum tuorum, aut viuunt iniuste, proximis
157 1818 1708 1859 nocendo: Aut periurant cito: id est, de facili, & pro leui causa falsa scienter iu
167 1860 1715 1916 rant. Habent enim ad hoc audaciam pro tanto. Sciunt enim quod idolum non
151 1923 1713 1973 potest se uindicare, nec eos punire pro periurio facto per idolum: & ideo faci
154 1967 1715 2020 slius periurant, & confidentius. Et hoc est quod dicit: Dum enim considunt in
152 2019 1721 2075 idolis, quae sunt sine anima: id est, sine intellectu & voluntate: Male iurantes no
166 2089 1728 2139 cere se: id est, sibi, non sperant: id est, non metuunt ex hoc puniri, quod iurant
167 2128 1712 2184 falsum per idolum. Narrata multiplici eorum culpa: sequitur de eorum poe
158 2195 1718 2250 na. Poena autem est, quod pro utroque damnabuntur. Vnde subdit: Vtraque
165 2236 1713 2297 ergo illis eueniet digne: id est, pro utroque dignem punientur: uidelicet de eo,
154 2289 1717 2363 quod male senserunt de DEO, attendentes idolis, & iniuste iurauerunt in idolo, com
160 2350 1718 2412 temnentes iusticiam. Et sic dupliciter peccauerunt. Tum quia iurauerunt fal
160 2404 1727 2455 sum: Tum quia iurauerunt per falsum, quod est idolum. Et tertio subinfertur
158 2463 1722 2515 de natura iuramenti, & dicit sic: Non enim iuramentum est virtus: id est, iurare
158 2503 1714 2563 non est uirtus: nec est uirtus, nec per se appetendum, sed peccantium pena. Pro
152 2557 1743 2630 pter incredulitatem enim hominum oportet iurare, Matth. 5. Sit sermo uester,
164 2627 1706 2677 est, est: non, non. Quod autem his abundantius est, a malo est: scilicet a poena
157 2671 1719 2732 uel a culpa illius, cui iuratur, uel qui iurat. Et haec pena perambulat semper: id
164 2736 1724 2786 est, crescit, in iustorum: id est, iusticiae uel iustarum rerum praeuaricationem. Iuxta
156 2773 1745 2835 illam clausulam: periurant cito. Circa periurium est notandum, quod periurus c
159 2830 1716 2888 est multipliciter detestandus, & specialiter propter tria. Est enim periurus pro
164 2883 1710 2941 ditiosus per infidelitatem, quo ad DEVM: Iniuriosus per falsitatem quo ad pro
150 2947 1726 3001 ximum: & perniciosus per iniquitatem, quoad seipsum. Primo igitur periu
155 2997 1731 3058 rus est proditiosus per infidelitatem quo ad DEVM. Proditio foret magna, si
