2371 3609
858 937 2187 996 DOEORVM factura postquam multipliciter reprobata est: In
869 979 2177 1037 hac parte signanter reprobatur idolorum factorum cultura. Et cir
862 1045 2176 1101 ca hoc duo facit. Primo enim arguit eorum culpam mortalem: se
864 1086 2188 1152 cundo concludit eorum poenam perpetuam. secunda pars ibi: Ei
869 1154 2171 1209 fugerunt. Circa primum quatuor facit: primo redarguit idola fragilia
638 1195 2178 1256 de materia lutea: secundo colentes animalia: tertio ostendit que idolatrae sunt suis
628 1267 2018 1304 idolis magis nobiles: quarto quod eorum idola sunt penitus inutilia.
696 1304 2184 1371 Circa primum dicit que miser figulus colens idolum fictile melior est idolo quod
625 1374 2185 1424 colit, cuius ratio est: quia ipse viuit, illud autem nunquam. Circa secundum dicit que
638 1426 2184 1479 miseri idolatrae colunt animalia: id est, imagines animalium, de quo satis dictum
637 1467 2175 1532 est supra in cap. 13. Circa tertium probatque miseri idolatrae sunt suis idolis, quae
640 1531 2176 1575 colunt magis nobiles: quia ipse sentire possunt, illa autem nom. Vnde dicit: In
623 1576 2179 1643 sensata enim: id est, idola carentia sensu, comparata his, scilicet suis cultoribus il
623 1641 2182 1690 lis sunt deteriora. Circa quartum dicit, quo nullum ex his animalibus: id est, idolis
632 1697 2174 1747 animalium potest conspicere bona aspectu interiori uel exteriori, nec per conse
638 1747 2170 1807 quens bona cultoribus suis dare. Et ideo subinfertur merito idolatrarum poe
640 1803 2178 1846 na in genere, uidelicet quod sunt indigni laude & benedictione DEI: unde
640 1846 2165 1898 subdit: Effugerunt DEI laudem & benedictionem eius. Et potest legi duplici
637 1911 2183 1961 ter, uel quia fecerunt se indignos DEI laude & benedictione actiua, uel sunt
641 1948 2182 2012 indigni, ut a DEO laudentur & benedicantur. Sed contra dicta uidetur esse,
641 2011 2185 2075 quod dicit Aristoteles 1. Ethic. Optimorum (inquit) non est laus, sed aliquod
643 2076 2176 2113 maius laude. DEVS igitur optimus est: ergo sibi non debetur laus. Dicendum
640 2113 2175 2177 quod DEVM dupliciter honoramus. Primo modo secundum essentiam suam,
650 2169 2189 2235 quae est incomprehensibilis, & infinita, & sic sibi debetur honor latriae, non
632 2234 2184 2274 aut laus: quia laus proprie loquendo non debetur alicui nisi ad incitandum eum
642 2276 2178 2330 ad maius bonum. Sed cum ipse sit optimus & ultimus finis noster, & foelicitas
638 2332 2178 2384 nostra uera, & suprema, completiua, & ultimata. Foelicitas aut secundum philo
635 2385 2181 2436 sophum non est de numero laudabilium, sed honorabilium. Laus igitur cum non de
641 2438 2180 2489 betur fini, sed illi, quod est expediens ad finem: non uidetur conuenite DEO
641 2500 2185 2545 ut sic, & sic loquitur, Psalm. secundum translationem Hieron. Psal. 6. Tibi si
639 2543 2191 2595 let laus DEVS in Sion. Nec mirum: quia maior est omni laude. Eccl. 43. Alio
639 2599 2195 2651 modo honoramus DEVM secundum effectus suos circa nos, & sic possumus
637 2650 2194 2705 sibi laudem attribuere: quia effectus sui ad nostram utilitatem ordinantur, &
640 2705 1918 2778 sic loquitur Psal. frequenter: Laudate Dominum omnes gentes.
699 2759 2181 2817 Circa DEI benedictionem est notandum, quod quatuor dispositiones reperiun
638 2819 2180 2866 tur in Sacra scriptura, quae homini diuinam benedictionem impetrant, & ad
637 2874 2180 2922 quirunt: uidelicet reuerentia deuotionis ad parentes, & Seneficia comunicatio
634 2922 2182 2971 nis ad indigentes, innocentia conuersationis ad conuenientes, & resistentia cor
623 2980 2180 3026 reptionis ad insolentes. Prima ergo dispositio uirtuosa, qui hominem DEI benedi
631 3033 2196 3087 ctione dignificat, est reuerentia deuotionis ad parentes, Eccl. 3. Honora patrem
