2371 3609
581 245 2145 298 tanquam non fuerimus: id est, nec corpus uiuet, nec anima: & ita homo moren
581 310 2157 357 do perit totaliter. Circa probationem istius minoris duo facit. Primo pro
587 355 2150 413 bat quod homo totaliter peribit secundum rem. Secundo probat quod se
588 396 2154 468 cundum nomen, ibi: Et nomen nostrum. Circa primum duo facit: quia primo
584 456 2158 530 persuadetur haec opinio naturaliter & philosophice. Secundo exemplariter
586 516 2148 574 & rethorice, ibi: Transiet. Circa primum duo facit: Primo probathoc ex
580 574 2154 625 hominis productione. Secundo ex hominis resolutione, ibi: Extinctus,
604 623 2151 685 Circa primum duo facit. Primo probathoc ex parte termini a quo. Secun
595 682 2161 738 do ex parte termini ad quem, productionis humanae, ibi: Quoniam fumus,
602 723 2154 787 Est ergo prima ratio talis. Productio & corruptio sunt mutationes oppositae,
591 777 2165 835 & inter terminos oppositos: sed productio nostra est ex nihilo, sicut a termino
595 832 2161 892 a quo & ad esse sicut ad terminum ad quem. Ergo corruptio est ad nihil, si
592 901 2156 957 cut terminum ad quem, & ab esse sicut a termino a quo. Dicit ergo: Quia ex
589 940 2151 1002 nihilo nati sumus. Ideo consequens est & liquet: quia stat ibi consecutiue quasi in
596 995 2158 1058 nuerent istam consequentiam: Ex nihilo nati sumus: Ergo post haec erimus quasi non
589 1051 2153 1125 fuerimus: sed ista ratio nihil ualet: quia productio animae est ex nihilo: sed
591 1110 2163 1176 pductio corporis ex aliquo est, scilicet ex semine uiri & mulieris. Anima uero
599 1160 2149 1225 corrumpi non potest: sed si corrumperetur, corrumperet in nihil: corpus uero
597 1213 2157 1270 corrumpitur in illa ex quibus generatur uel componitur: & i deo haec est falsa. Pro
598 1265 2160 1337 ductio hominis est ex nihilo: quia corpus a parentibus propagatur & anima a
601 1322 2147 1376 DEO creatur & infunditur. Et ideo in corruptione hominis corpus resoluitur,
594 1375 2158 1433 & anima separata uiuit. Consequenter, ibi: Quoniam fumus. Ponit secun
596 1429 2164 1496 dam rationem ad istam falsam opinionem, & sumitur ista ex parte termini ad
599 1498 2157 1547 quem. In productione hominis terminus ad quem est homo uiuens. In isto au
599 1552 2165 1607 tem termino quatuor sunt in quibus uidetur uita perpendi, uidelicet respiratio
603 1595 2159 1648 & inspiratio, sensus, calor & motus. Vnde anima nihil aliud est nisi aliquod i
595 1647 2161 1701 storum secundum eos: sed quodlibet istorum annihilatur: Ergo & anima. Quan
597 1695 2161 1757 tum ad primum dicit: Quoniam fumus, & flatus est in naribus nostris: id est, in
605 1769 2157 1824 corpore nostro, & ponitur pars pro toto: quia ibi patet sensibiliter egressio spi
597 1811 2159 1864 ritus de corpore. Quantum ad secundum uidelicet quantum ad sensum dicit.
596 1865 2158 1918 Et sermo. Sermo enim non est sine imaginatione, nec imaginatio sine sensibus.
598 1917 2152 1971 Sicut patet 2. de Anima: sed constat quod sensus perit corpore mortuo. Quan
581 1977 2167 2024 tum ad tertium dicit: Scintilla: id est, calor naturalis: quia calor similiter perit.
614 2026 2164 2085 Quantum ad motum dicit, ad commouendum oor nostrum: id est, calorem qui
595 2093 2159 2149 est in corpore nostro ad ministrandum motum in corpore nostro, qui motus
602 2132 2158 2187 deriuatur a corde. Sicut docet Aristot. in de motu cordis: & sic tangit quatu
601 2190 2161 2242 or falsas opiniones de anima, quas reprobat Arist. 1. de Anima. Prima fuit He
595 2243 2163 2296 racliti, qui posuit animam esse uaporem, quem impii uocant fumum, uel flatum.
592 2298 2148 2350 Secunda fuit Diogenis, qui posuit animam esse aërem, quem aërem impiij uo
603 2352 2157 2405 cant sermonem: quia sermo est uox significatiua articulata, & uox est aer per
595 2409 2157 2456 cussus secundum Priscianum. Tertia fuit quorundam antiquorum, quod a
597 2462 2167 2528 nima est ignis, quem impii uocant scintillam. Quarta fuit Melissi Italici, quod
596 2515 2166 2566 anima est quoddam motiuum corporis, & illa tangitur cum dicitur: Ad commo
595 2571 2155 2635 uendum cor nostrum. Consequenter, bi: Quia extinctus cinis, propant quod
591 2620 2157 2677 homo totaliter moritur ex hominis resolutione. Et quia inter positiones quae
596 2677 2166 2740 ponunt animam esse de natura alicuius elementi, illae sunt probabiliores, quae
605 2731 2161 2793 ponunt eam esse de natura ignis uel aëris. De natura enim terrae nullus sim
599 2785 2161 2841 pliciter poit, propter eius grossiciem, nec de natura aquae nisi ualde grossi phi
588 2842 2162 2889 losophi. Sicut dicit Aristoteles primo de Anima: Et ideo tantum duas opinio
585 2892 2161 2947 nes exequitur. Et arguitur primo sic, secundum primam opinionem. Sicut
587 2949 2159 3002 enim quando ignis extinguitur, nihil remanet nisi cinis extinctus: ita quando
590 3003 2154 3054 anima moritur, nihil remanet nisi extinctus cinis. Et sicut cinis totaliter ex
583 3056 2161 3109 tinctus non accenditur iterum: ita nec corpus nostrum iterum accenditur per
