2371 3609
176 246 1733 307 Aegaeo omnium Cycladum clarissima. Hae adueniendi tempora habent. Nam
185 307 1732 361 aestate depulsa maria transmeant, Ortygometra dicitur quae gregem ducit. Cum
177 363 1735 409 autem terrae appropinquat, accipiter uidens eam rapit: & propterea cura est uni
185 420 1730 469 uersis ducem solicitare externi generis, per quam caueant extrema pericula:
187 464 1733 537 Cibos gratissimos habent, semina uenenorum: quam ob causam eas ueteres ue
174 509 1724 576 sci interdixerunt, solum enim hoc animal sicut homo caducum patitur morbum
176 572 1731 632 Haec lsido. Vbi patet secundum eum, quo coturnix & ortygometra non sunt idem:
178 641 1735 701 quia solum illa dicitur ortygometra, quae ducit exercitum, & non alia: quamuis aut
182 696 1736 750 dicat Isi. accipiens a Solino, quio solum hoc animal morbum patitur caducum, non
176 746 1739 788 tamen creditur hoc esse uerum. Vulgus enim dicit, quod autor libri, qui incipit, tri
184 796 1735 861 plex est, esse scribit, quod illum quidem morbum patiuntur passeres. Scribit etiam
182 849 1743 903 Solinus de mirabilibus Mundi de coturnicibus, quio quando mare transire uolunt
184 905 1728 970 austro flante, nunquam exeunt. Nam uim flatus tumidioris metuunt, plurimumque
172 956 1747 1008 se aquilonaribus credunt, ut corpora pinguia, & ideo tarda facilius prouehat.
177 1010 1744 1064 Fortior ac uehementior spiritus, cum maria transeunt, impetus differunt, &
176 1066 1737 1130 metu spacij longioris uires suas tarditate nutriunt: ubi uero terram conspiciunt,
182 1121 1725 1171 cateruatim coëunt. Deinde coglobatae uehementius properant, quae festina
181 1180 1729 1229 tio plerunque exitium parat nauigantibus. Accidit enim noctibus ut uela inci
182 1230 1743 1279 dant, & praeponderatis funibus in alueos mergant. Haec Solinus. Isto ergo
179 1282 1743 1334 auium genere pauit Dominus filios Israel in deserto, cum paterentur concu
182 1339 1735 1402 piscentiam carnium, quales comederant in Aegypto, ut uidelicet per illas car
182 1393 1742 1446 nes auerterentur a concupiscentia quam habebant, & hoc est, quod dicitur in
169 1447 1734 1499 litera: vt illi quidem: id est, filij Israel concupiscentes escam carnium, scilicet de Ae
165 1511 1756 1559 gypto auerterentur, & a necessaria concupiscentia: hoc est, uiolenta (necessarium
183 1556 1735 1606 enim uno modo dicitur uiolentum secundum Aristot. 5. Metam. cap. de ne
180 1607 1735 1663 cessario)fuit autem concupiscentia eorum uiolenta: quia oriebatur ex consue
174 1662 1737 1725 tudine uescendi carnibus in Aegypto. Consuetudo autem assimilatur naturae,
181 1732 1736 1783 7. Ethi. Consuetudo est altera natura. Vt ergo auerterentur a necessaria concu
181 1771 1742 1836 piscentia, propter ea, quae illis ostensa & missa sunt: id est, propter animalia, quae
181 1832 1734 1879 illis missa fuerunt per diuinam prouidentiam: id est, coturnices: ideo eis diui
183 1891 1742 1939 nitus datae fuerunt, quod & factum pro tunc saltem fuit, ut a concupiscentia
176 1945 1741 1994 auerterentur. unde subdit: Hi autem: id est, filij Israel in breui inopes facti: id est,
182 1982 1745 2042 indigentes cibo novam gustauerunt escam, de qua dictum est. Et est notandum
175 2051 1746 2097 quod consuetudo maximam habet uiolentiam inclinandi uoluntatem ad se:
178 2093 1737 2150 & ideo sicut optimum est assuefieri ad bonas consuetudines & uirtuosas: ita
178 2150 1738 2219 periculosum & pessimum est assuefieri ad uitia. unde narrat Valerius libro 7.
177 2217 1736 2256 cap. 2. in fine: Quod Cretenses cum acerbissima execratione uti uolunt aduer
180 2256 1724 2313 sus eos, quos uehementer odiunt: optant, ut mala consuetudine delectentur
180 2314 1732 2370 modestoque uoluntatis genere efficacissimum genus ultionis euentum repe
183 2369 1727 2439 riunt. Haec ille. Vult dicere, quod ipsi uidentur moleste maledicere, quando di
188 2418 1734 2475 cunt homini mala consuetudine delecteris: & tamen imprecantur ei maximum
184 2471 1743 2546 genus mali. De malicia uero peruersae consuetudinis loquitur. Augustinus 8.
178 2524 1736 2585 confess. cap. 5. de semetipso dicens, quod difficilis fuit ad conuertendum ad fi
172 2592 1739 2643 dem, unde dicit sic: Ligatus eram non ferro alieno, sed mea ferrea uoluntate,
178 2633 1744 2693 uelle meum tenebat inimicus, & inde mihi catenam fecerat & constrinxerat
182 2688 1741 2748 me: quippe ex uoluntate peruersa facta est libido, & dum seruiui libidini, fa
181 2741 1744 2802 cta est consuetudo: & dum consuetudini non restiti, facta est necessitas. Haec
170 2812 1014 2857 Augustinus. Vnde etiam metrice dicitur:
304 2856 1092 2923 Qui non assuescit virtuti dum iuuenescit.
301 2910 1102 2977 A vitijs nescit discedere, quando senescit.
181 2947 1758 3019 In cuius figuram Saluator faciliter suscitauit puellam in domo, & iuuenem de
182 3021 1757 3086 latum in porta. Sed Laxarum quadriduanum in momento cum gemitu, la
175 3083 1741 3138 chrymis & clamore, loh. 11. Quam Historiam exponens August. super Mat
