2371 3609
189 254 1748 311 loëlis. Huiusmodi uolatilis tria sunt nomina, successiue secundum aetatem. Nam
185 311 1726 364 foetus locustae antequam habeat alas, uocatur bruchus, cum incipit uolare, uo
197 376 1736 434 catur acelabus: cum plene uolat, uocatur locusta. De locusta loquens Basilius
184 420 1728 471 in hexameron, dicit: Locusta dicitur quasi loco stare faciens: quia cum iter ar
185 484 1735 541 ripienti occurrit, malum est & sinistrum, sicut bufo dextrum praetendit. Vel di
182 531 1730 580 citur locusta: quia nunc saltum dat, nunc loco stat, uel quia per modicum tempus
191 580 1717 636 stat in uno loco. Chrysost. super Matth. sic ait: Locustae sunt uolatilia munda
195 637 1711 710 quidem, sed parua, & non satis in altum volantia, quae manducauit lohanne
186 691 1720 744 in deserto. Arnolphus etiam quidam expositor sic ait: Minimum genus locusta
194 747 1732 797 rum in deserto ludeae, quo pastus est lohanes usque hodie apparet: & habet cor
180 802 1732 862 pusculum in modum digiti manus, membris exilibus, & breuibus, in herbis
178 854 1736 905 faciliter capitur. Haec ille. Talibus ergo locustis & muscis exterminabantur Ae
175 907 1740 973 gyptij in contemptum & derisionem, & non per leones uel ursos, uel fortia a
177 970 1648 1019 nimalia: quia digni erant, proptet eorum idolatriam, a talibus exterminari.
230 1019 1757 1068 Circa illam clausulam, signum habentes salutis, notandum, quo DEUS huma
183 1072 1757 1133 no generi multa signa ostendit beneuolentiae, reminiscentiae, prouidentiae, &
183 1131 1758 1192 patientiae: Signa beneuolentiae sunt omnes creaturae factae & creatae ad seruien
195 1176 1758 1233 dum homini. Est enim signum quod unum offert sensui, & aliud intellectui:
182 1231 1747 1285 & ideo omnis creatura sensibilis seipsam offert sensui, & DEVM repraesentat
182 1286 1741 1338 intellectui boni uiatoris. Nemo potest haec signa facere, quae tu facis nisi fue
182 1342 1757 1393 rit DEVS cum eo, loh. 3. Signa reminiscentiae sunt Tduo sacramenta Ecclesiae,
187 1395 1758 1458 per quae reducimur ad memoriam passionis Dominicae, Hebrae. 2. Salus nostra
185 1458 1757 1517 firmata est contestante DEO signis, & portentis, & uarijs uirtutibus, & Spiritus
175 1509 1734 1557 sancti distributionibus. Signa prouidentiae dabit ante suum aduentum, ne omnino
182 1559 1737 1610 ueniat peccatoribus improuisus, & hoc est signum magnae curialitatis diuinae.
182 1612 1741 1672 Nullus enim qui aliquid facit, quod uellet occultari, approbataduentum ho
176 1669 1739 1727 minis improuisum: sed peccator quilibet facit quod uellet, si posset occultari,
175 1722 1735 1770 & ideo DeUS mundo pleno peccatis uenturus, praemittit signa quaedam nota
176 1774 1737 1831 bilia, per quae homines contra ipsius aduentum sibi prouideant & disponant. De
176 1828 1757 1883 istis signis dicitur Luc. 21. cap. Erunt signa in Sole, & Luna, & Stellis. Dicit
188 1881 1758 1934 Vegetius de re militari lib. 3. cap. 5. Tria (inquit) genera constat esse signorum
175 1939 1758 2006 pro negociis belli: videlicet uocalia, semiuocalia, & muta. Vocalia dicuntur:
193 1993 1734 2057 quae humana uoce proferuntur, sicut duces praeordinant aliquod certum uer
182 2046 1747 2102 bum, quo in conflictu utuntur, sicut DEVS nobiscum, uel triumphus lmpera
176 2102 1743 2163 toris, uel aliquod consimile. Signa semiuocalia sunt, quae siunt per tubam, cornu,
187 2168 1733 2219 uel buccinam. Signa muta sunt uexilla, aquila, dracones: & circa ista signa pone
188 2209 1739 2264 batur medietas * donatiui omnium militum euntium ad bellum, propter duas ra
183 2261 1740 2319 tiones. Vna fuit ratio, ne si ea habuissent in custodia propria, in friuolis expen
186 2316 1743 2379 derent: unde ad utilitatem eorum prouisum fuit, quod sufficienter sustentaban
181 2369 1750 2428 tur de annona comuni. Alia ratio fuit, ut per hoc animosius & fortius seque
181 2423 1742 2481 rentur signa sua, & ea nullo modo relinquerem, ex quo peculium suum castren
169 2476 1736 2536 se ibidem scirent consistere, sed potius ea defenderent quantum possent. Ista
179 2546 1736 2599 tria signorum genera faciet CHRISTVS in aduentu suo secundo. Nam signa
178 2600 1749 2650 uocalia erunt in illa disceptatione, sicut dicitur, Matth. 25. Esuriui & non dedi
176 2638 1747 2698 stis mihi manducare, &c. Signa semiuocalia: quia tuba praecedet, & de istis si
175 2707 1746 2762 mul dicit Apostolus 1. Thess. 4. Dominus in iussu & in uoce archangeli, & in
175 2756 1740 2814 tuba DEI descendet de coelo. Signa vero muta erunt instrumenta passionis
183 2809 1752 2869 CHRISTI, & ipsum corpus Dominicum, uulneribus insignitum, Dan. 6. Ipse
178 2871 1753 2924 est Saluator & liberator, faciens signa & prodigia in coelo & in terra. Signa pa
259 2911 1682 2967 tientiae dat nobis, diu expectando nos ad ueniam, ut redeamus ad gra
451 2967 1500 3019 tiam, Ephes. 4. Nolite contristare Spiritum sanctum
614 3015 1321 3086 DEI, in quo signati estis in die re
851 3069 1121 3140 demptionis
