2371 3609
172 266 1748 327 facit hominem caderem corporaliter: spiritualiter autem & mortaliter ad omnia
184 307 1741 388 genera peccatorum, cum sit ingressus, & ianua omnium uitiorum. Istam infir
180 368 1749 433 mitatem patiebatur diues epulo, Luc. 16. qui induebatur purpura & bysso, &
185 434 1749 505 epulabatur quotidie splendide. Loth etiam inebriatus utranque filiam cognouit.
179 474 1740 535 Gene.19. Quia haec est infirmitas, quae nunquam sola uenit, hanc sanat sermo
172 539 1752 594 diuinus, persuadens abstinentiam rationabilem. Eccles. 31. Sanitas est mentis
178 584 1778 643 & corporis sobrius potus. Septima infirmitas est luxuria, & comparatur leprae:
182 649 1750 703 eo quod generatur ex calore corrupto & deordinato. Et istam infirmitatem pa
184 703 1751 759 tiebatur Salomon, qui habuit uxores reginas quasi septingentas, & concubi
180 748 1747 808 nas trecentas: & cum iam senex esset, deprauatum est cor eius per mulieres,
177 800 1752 869 3. Reg. 11. Haec est infirmitas contagiosa, & abominabilis. Vna nanque persona
182 866 1750 921 talis centum potest inficere: & hanc sanat sermo DEI persuadens homini ho
179 920 1745 975 nestam societatem, & poenitentiae seueritatem, & deuotae orationis instantiam.
177 962 1752 1023 Haec enim omnia ad curam huius infirmitatis exiguntur. In cuius figura, Ma
184 1031 1754 1078 ria lepra percussa, per septem dies fuit exclusa a castris, & non nisi ad orationem
187 1071 1750 1132 Moysi sanata. Numeri 12. dicente Moyse ad Dominum: DEVS obsecro, sana
176 1122 1749 1180 eam. Sic ergo sermo DEI sanat omnia. In cuius figura dicitur Luc. 9. quod
185 1187 1745 1247 CHRISTVS conuocatis duodecim discipulis, misit eos praedicare regnum
180 1237 691 1308 DEI, & sanare infirmos.
423 1995 1754 2049 OSTQVAM Spiritus sanctus declarauit diuersitatem inter pu
414 2043 1756 2108 nitiones duas, quarum una est, quod exterminauit Aegyptios, &
427 2115 1762 2160 altera quod puniuit Hebraeos: quia deelarauit quomodo mira
415 2149 1762 2221 culose prouidit Hebraeis de remedio, quo sanarentur in deser
195 2213 1754 2274 to, uidelicet de serpente aeneo: In ista parte istorum miraculorum omnium
187 2254 1758 2328 DEO attribuit autoritatem. Et circa hoc tria facit. Nam primo DEO attribuit
198 2308 1761 2381 puniendi omnimodam potestatem: Secundo attribuit homini delinquendi
181 2361 1758 2438 spontaneam fatuitatem: Tertio ab homine excludit impune euadendi liberam
187 2441 1714 2491 tacultatem. secunda pars ibi: Homo autem occidit. tertia ibi: Sed tuam manum,
248 2486 1753 2542 Circa primum duo facit. Vnum est, quod DEUS habet potestatem vitae & mor
191 2523 1762 2598 tis: quia in ipso est potestas uitam auferendi, conseruandi, & afferendi. Secun
184 2581 1755 2652 dum est, quod ipse potest homines deducere per afflictiones intrinsecas vsq ad
187 2635 1758 2725 portas mortis, & reducere iterum: id est, ad uitam, & salutem reparare. Ergo in ipso
188 2685 1753 2764 est omnipotentia puniendi. Portae mortis sunt graues infirmitates, & tribula
188 2758 1764 2823 tiones, per quas homines moriuntur. Ad egrediendum per portas debemus nos
182 2798 1755 2871 semper parare. Vnde Seneca epist. 56. Venientem mortem nemo hilaris accipit,
186 2866 1762 2928 nisi qui se ad illam diu composuit. Hassus, ait, tam stultum esse qui mortem ti
182 2906 1759 2980 meat quam qui senectutem. Nam quemadmodum senectus adolescentiam sequi
187 2961 1758 3035 tur: ita mors senectutem: uiuere nesciuit, qui mori non uult, uita cum acceptione
194 3031 1758 3088 mortis data est. Ad hanc itur, quam ideo timere dementis est: quia certa expe
187 3068 1754 3140 ctantur, dubia metuuntur: quis quaeri potest in ea conditione se esse, in qua ne
