2371 3609
616 232 2182 290 micis nostris, & sic nobis delectabile uidebitur poenitere. De ista uindicta lo
618 298 2184 364 quitur beatus Augustinus de Vera & falsa poenitentia, cap. 8. Et habetur in
624 353 2176 419 Canone de poenit. dist. 3. ubi dicitur: Item poenitentia est quaedam dolentis
617 409 2181 453 uindicta, puniens in se, quod dolet commisisse: & infra: Continue dolen
619 459 2181 507 dum est de peccato, quod declarat ipsa deuotionis uirtus. Poenitere enim
619 506 2175 563 est ipsam poenitentiam tenere, ut semper poeniteat in se ulciscendo, quod com
617 570 2185 621 misit in peccando. Et istud allegat Magister senten. lib. 4. dis. 14. De ista eadem
618 612 2188 670 uindicta loquitur Apostolus 2. Corinth. 7. Secundum DEVM tristari, opera
615 673 931 724 tur uindictam.
667 720 2184 777 Secunda uindicta de qua est intentio in Scriptura, est uindicta maleuolen
626 778 2185 832 tiae mundialis, quando homo passus iniuriam, neque potest remittere proxi
624 843 2186 893 mo, nec ultionem DEO committere: sed ipsemet omnino uult semetipsum
625 887 2184 945 uindicare: & istud est iniustum secundum iura tam humana quam diuina, &
621 935 2184 1003 ratio est: quia nullus est bonus iudex durante offensa. Similiter nullus potest
634 992 2182 1053 esse iudex suijpsius. Vnde Tullius in oratione pro x Viatore: Nemo fere est,
628 1053 2190 1107 qui sui periculi iudex, non sibi se aequiorem, quam reo praebeat. Hinc CHRI
640 1112 2194 1168 STVS Iacobum & Iohannem increpauit dure satis, Luc. 9. quando ignem de
625 1163 2187 1209 coelo petiuisse uolebant in ultionem iniuriae: quia Samaritani CHRISTVM
628 1211 2195 1263 recipere nolebant. In quo nobis datur intelligi, quod non semper in eos qui
620 1262 2192 1314 peccant exercenda est uindicta, sicut notatur 23 q. 4.: quod autem uindicta
630 1312 2195 1371 Ratio autem quare in iniuria nemo bene iudicat, patet per exemplum, quan
620 1370 2185 1419 do nubes interponuntur inter solem & oculum nostrum, ex motu siue tremo
626 1438 2194 1490 re causato in nube media, apparet nobis Sol tremere, dicunt simplices Solem
627 1476 2191 1534 trepidare: & causa huius deceptionis est tremor in medio, per quod uisus sit.
636 1535 2188 1587 lsto modo moraliter quando homo considerat iniuriam, sibi illatam duran
638 1586 2194 1642 te offensa siue rancore, & in sensualitate considerat iustitiam suam per me
635 1640 2193 1707 dium nebulosum, tunc necessario errat in iudicando. Haec ergo uindicta est
638 1707 2190 1748 nobis interdicta sub poena grauissima: uidelicet, quod si non remiserimus
646 1757 2189 1812 proximo, remissionem non consequamur. Vnde Matth. 18. Serue (nequam)
637 1798 2191 1859 omne debitum dimisi tibi, quoniam rogasti me: Sic Pater meus coelestis fa
625 1873 2197 1912 ciet uobis, si non remiseritis unusquisque fratri suo de cordibus uestris. Vnde
635 1918 2185 1979 remittere iniuriam, & non petere uindictam, magnum genus eleemosynae est.
624 1967 2195 2031 De qua dicit Caesarius admonitione 2. Qui captiuos redimere, & pauperes
642 2030 2182 2072 pascere, & uestire non praeualet contra nullum hominem odium in corde re
634 2074 2189 2127 seruet, & inimicis suis non solum malum pro malo non reddat, sed etiam eos
636 2137 2199 2181 diligat, & pro eis orare non desinat, certus de promissione, & de misericordia
633 2181 2192 2235 Domini, ut libera conscientia ante tribunal DEI dicere poterit: Da Domi
635 2243 2193 2305 ne, quia dedi: dimitte, quia dimisi. Haec ille. Quam perfecte autem CHRI
632 2288 2192 2342 STVS iniuriam sibi factam dimisit, notat Bernhardus super Can. sermon. 89.
637 2344 2185 2397 Tam liberaliter (inquit) Dominus dimittit iniuriam, ut illam nec damnet ul
640 2399 2203 2452 ciscendo, nec confundat improperando, nec minus diligat imputando. Et
644 2462 2196 2519 pondera illa tria: quia pauci sunt etiam qui uindictam remittunt, qui duo resi
641 2508 2197 2561 dua habere possunt. Propter hoc signanter dicitur Eccles. 28. Qui uindictam
638 2561 2197 2615 uult a DEO, inueniet uindictam, & peccata illius seruans seruabit. Et infra:
627 2611 2205 2671 Homo homini seruat iram, & a DEO quaerit medelam, in hominem similem
633 2668 2206 2719 sibi non facit misericordiam, & pro peccatis suis deprecabitur. Tertia est uin
638 2724 2196 2780 dicta iudicialis quae nobis praedicitur, sicut continue praeuidenda, unde Gre
631 2786 2200 2842 gorius homel. 39. Praesentis temporis agenda est laetitia, ut nunquam amari
632 2833 2206 2887 tudo sequentis iudicij recedat a memoria. Et Hugo libro suo de Animal. lib. 1.
640 2881 2211 2934 Quis putas memor erit, quae tristitia, cum separabuntur impij a consortio san
632 2940 2208 2997 ctorum, & a uisione DEI: & traditi sunt in potestate daemonum, & ibunt cum
637 2995 2212 3062 ipsis in ignem aeternum: ibique semper erunt sine fine, in luctu & gemitu, ubi erit
616 3049 2212 3102 stridor dentium intolerabilis, foetor incomparabilis, timor horribilis: mors cor
