<?xml version="1.0" encoding="UTF-8" standalone="yes"?>
<PcGts xmlns="http://schema.primaresearch.org/PAGE/gts/pagecontent/2013-07-15" xmlns:xsi="http://www.w3.org/2001/XMLSchema-instance" xsi:schemaLocation="http://schema.primaresearch.org/PAGE/gts/pagecontent/2013-07-15 http://schema.primaresearch.org/PAGE/gts/pagecontent/2013-07-15/pagecontent.xsd">
    <Metadata>
        <Creator>prov=University of Rostock/Institute of Mathematics/CITlab|PLANET AI GmbH/Gundram Leifert/gundram.leifert@planet-ai.de:name=holcotwisdom-m2(htr_id=17503)::::v=2.6.0
prov=University of Rostock/Institute of Mathematics/CITlab|PLANET AI GmbH/Tobias Gruening/tobias.gruening@planet-ai.de:name=de.uros.citlab.module.baseline2polygon.B2PSeamMultiOriented:v=2.6.0
prov=University of Rostock/Institute of Mathematics/CITlab/Tobias Gruening/tobias.gruening@uni-rostock.de:name=/net_tf/LA73_249_0mod360.pb:de.uros.citlab.segmentation.CITlab_LA_ML:v=?0.1
TRP</Creator>
        <Created>2019-01-18T08:25:16.745-05:00</Created>
        <LastChange>2019-12-20T17:13:19.803+01:00</LastChange>
        <TranskribusMetadata docId="116678" pageId="4355595" pageNr="631" tsid="21294029" status="IN_PROGRESS" userId="25065" imgUrl="https://files.transkribus.eu/Get?id=UNGPEBQAJQZOPIBWUSUUMYRW&amp;fileType=view" xmlUrl="https://files.transkribus.eu/Get?id=ULILPRAULBCLBCGCRRKHDSTQ" imageId="2467572"/>
    </Metadata>
    <Page imageFilename="sap_Page_631.png" imageWidth="2371" imageHeight="3609">
        <ReadingOrder>
            <OrderedGroup id="ro_1576885713598" caption="Regions reading order">
                <RegionRefIndexed index="0" regionRef="TextRegion_1575083143469_1119"/>
            </OrderedGroup>
        </ReadingOrder>
        <TextRegion orientation="0.0" id="TextRegion_1575083143469_1119" custom="readingOrder {index:0;}">
            <Coords points="197,288 1767,288 1767,3136 197,3136"/>
            <TextLine id="r1l3" custom="readingOrder {index:0;}">
                <Coords points="201,346 1770,338 1770,293 1692,289 201,287"/>
                <Baseline points="210,321 287,321 365,321 442,321 520,322 597,323 675,323 752,323 830,324 907,324 985,324 1063,326 1140,326 1218,326 1295,326 1373,327 1450,327 1528,327 1605,327 1683,327 1761,327"/>
                <TextEquiv>
                    <Unicode>poris &amp; animae sine spe ueniae, &amp; misericordiae: ubi nec qui torquet, nec qui tor</Unicode>
                </TextEquiv>
            </TextLine>
            <TextLine id="r1l4" custom="readingOrder {index:1;}">
                <Coords points="199,406 1776,390 1776,351 1525,337 200,346"/>
                <Baseline points="209,377 286,377 364,377 442,377 520,377 598,378 676,378 754,378 832,378 910,380 988,380 1065,380 1143,380 1221,381 1299,381 1377,381 1455,381 1533,381 1611,381 1689,381 1767,381"/>
                <TextEquiv>
                    <Unicode>quetur, aliquando moritur: sed sic morientur ut semper uiuant, &amp; sic uiuent, ut </Unicode>
                </TextEquiv>
            </TextLine>
            <TextLine id="r1l5" custom="readingOrder {index:2;}">
                <Coords points="201,439 1440,459 1750,447 1764,408 201,387"/>
                <Baseline points="210,428 287,429 364,429 441,429 518,431 596,431 673,431 750,432 827,432 904,432 982,434 1059,434 1136,434 1213,434 1290,435 1368,435 1445,435 1522,435 1599,435 1676,435 1754,435"/>
                <TextEquiv>
                    <Unicode>semper moriantur. Haec illae. Proverb. 6. Zelus &amp; ira uiri non parcet in die uin</Unicode>
                </TextEquiv>
            </TextLine>
            <TextLine id="r1l6" custom="readingOrder {index:3;}">
                <Coords points="194,492 1757,495 1712,450 194,451"/>
                <Baseline points="204,482 281,482 358,483 435,483 512,485 590,485 667,485 744,486 821,486 898,486 976,488 1053,488 1130,488 1207,488 1284,489 1362,489 1439,489 1516,489 1593,489 1670,491 1748,491"/>
                <TextEquiv>
                    <Unicode>dictae, nec adquiescet cuiusquam precibus, nec suscipiet pro redemptione do</Unicode>
                </TextEquiv>
            </TextLine>
            <TextLine id="r1l7" custom="readingOrder {index:4;}">
                <Coords points="190,549 1198,552 1198,513 1155,499 190,510"/>
                <Baseline points="200,537 249,537 298,539 348,540 397,540 447,540 496,542 545,542 595,542 644,542 694,542 743,542 792,542 842,542 891,542 941,542 990,542 1039,543 1089,543 1138,543 1188,545"/>
                <TextEquiv>
                    <Unicode>na plurima. Et tunc erit vindex orbis terrarum, &amp;c</Unicode>
                </TextEquiv>
            </TextLine>
            <TextLine id="r1l28" custom="readingOrder {index:5;}">
                <Coords points="409,1336 1758,1342 1758,1303 1637,1291 410,1283"/>
                <Baseline points="419,1326 485,1326 551,1326 618,1326 684,1326 751,1326 817,1326 884,1326 950,1326 1017,1326 1083,1326 1149,1326 1216,1326 1282,1326 1349,1326 1415,1326 1482,1328 1548,1328 1615,1329 1681,1331 1748,1332"/>
                <TextEquiv>
                    <Unicode>ECLARATA miserabili flagellatione Aegyptiorum per ignem </Unicode>
                </TextEquiv>
            </TextLine>
            <TextLine id="r1l29" custom="readingOrder {index:6;}">
                <Coords points="414,1390 1751,1395 1720,1342 414,1340"/>
                <Baseline points="423,1382 492,1382 561,1382 631,1382 700,1382 770,1382 839,1382 908,1382 978,1382 1047,1382 1117,1382 1186,1382 1256,1382 1325,1382 1394,1383 1464,1383 1533,1383 1603,1385 1672,1385 1742,1386"/>
                <TextEquiv>
                    <Unicode>&amp; grandinem: In ista parte agit de mirabili uariatione ipsorum fla</Unicode>
                </TextEquiv>
            </TextLine>
            <TextLine id="r1l30" custom="readingOrder {index:7;}">
                <Coords points="420,1467 1765,1450 1765,1413 1611,1393 420,1406"/>
                <Baseline points="429,1436 495,1436 561,1436 627,1436 694,1436 760,1436 826,1436 893,1436 959,1436 1025,1436 1092,1436 1158,1436 1224,1437 1290,1437 1357,1437 1423,1437 1489,1439 1556,1439 1622,1439 1688,1440 1755,1442"/>
                <TextEquiv>
                    <Unicode>gellorum. Ignis autem non uniformiter, sed multum difformiter</Unicode>
                </TextEquiv>
            </TextLine>
            <TextLine id="line_1575083172718_1177" custom="readingOrder {index:8;}">
                <Coords points="400,1499 1735,1503 1753,1462 400,1452"/>
                <Baseline points="409,1488 411,1488 485,1488 559,1488 633,1488 707,1488 781,1488 855,1490 929,1490 1003,1490 1077,1490 1151,1491 1225,1491 1299,1491 1373,1493 1447,1493 1521,1493 1595,1493 1669,1493 1743,1493"/>
                <TextEquiv>
                    <Unicode>iuxta diuinam uoluntatem se habuit, in agendo malorum afflictio</Unicode>
                </TextEquiv>
            </TextLine>
            <TextLine id="r1l32" custom="readingOrder {index:9;}">
                <Coords points="196,1559 1758,1553 1632,1498 196,1516"/>
                <Baseline points="206,1547 283,1546 360,1545 437,1545 514,1544 591,1544 668,1544 745,1544 822,1544 899,1544 977,1544 1054,1544 1131,1544 1208,1545 1285,1545 1362,1545 1439,1545 1516,1545 1593,1547 1670,1547 1748,1547"/>
                <TextEquiv>
                    <Unicode>nem. Nam quodam tempore uidebatur suam naturam comburendi &amp; laeden </Unicode>
                </TextEquiv>
            </TextLine>
            <TextLine id="r1l33" custom="readingOrder {index:10;}">
                <Coords points="201,1610 1758,1608 1598,1559 201,1563"/>
                <Baseline points="210,1602 291,1601 372,1599 453,1599 534,1599 615,1598 696,1598 777,1598 858,1598 939,1598 1020,1598 1101,1598 1182,1599 1263,1599 1344,1599 1425,1601 1506,1601 1587,1601 1668,1601 1749,1602"/>
                <TextEquiv>
                    <Unicode>di continere etiam a rebus, quae de facili combustibiles uidebantur, &amp; extite</Unicode>
                </TextEquiv>
            </TextLine>
            <TextLine id="r1l34" custom="readingOrder {index:11;}">
                <Coords points="203,1664 1753,1666 1753,1613 203,1627"/>
                <Baseline points="213,1655 289,1654 366,1653 442,1653 519,1653 595,1652 672,1652 748,1652 825,1652 901,1652 978,1652 1054,1652 1131,1653 1207,1653 1284,1653 1360,1653 1437,1653 1513,1653 1590,1655 1666,1655 1743,1655"/>
                <TextEquiv>
                    <Unicode>runt. Nam iumenta &amp; homines repertos in agro combussit: lumentis uero</Unicode>
                </TextEquiv>
            </TextLine>
            <TextLine id="r1l35" custom="readingOrder {index:12;}">
                <Coords points="195,1719 1752,1715 1592,1670 195,1676"/>
                <Baseline points="204,1709 285,1709 366,1707 447,1707 528,1707 609,1707 690,1706 771,1706 852,1706 933,1706 1014,1706 1095,1706 1176,1706 1257,1707 1338,1707 1419,1707 1500,1709 1581,1709 1662,1710 1743,1712"/>
                <TextEquiv>
                    <Unicode>domi detentis pepercit, sicut dicitur Exod. 9. ut homines quibus ignis peper</Unicode>
                </TextEquiv>
            </TextLine>
            <TextLine id="r1l36" custom="readingOrder {index:13;}">
                <Coords points="190,1773 1763,1774 1763,1731 190,1736"/>
                <Baseline points="200,1764 277,1763 355,1762 432,1761 510,1761 588,1760 665,1760 743,1760 820,1760 898,1760 976,1760 1053,1760 1131,1760 1208,1761 1286,1761 1364,1761 1441,1761 1519,1761 1596,1761 1674,1761 1752,1761"/>
                <TextEquiv>
                    <Unicode>cit, possent uidere, quod illi iuste patiebantur, qui in agris remanserunt contra</Unicode>
                </TextEquiv>
            </TextLine>
            <TextLine id="r1l37" custom="readingOrder {index:14;}">
                <Coords points="203,1828 1741,1828 1762,1777 203,1789"/>
                <Baseline points="212,1820 289,1818 366,1817 443,1815 520,1815 597,1815 674,1814 751,1814 828,1814 905,1814 982,1814 1059,1814 1136,1814 1213,1814 1290,1815 1367,1815 1444,1815 1521,1815 1598,1815 1675,1815 1752,1815"/>
                <TextEquiv>
                    <Unicode>monitionem Domini cum animalibus. Alio uero tempore circa iustorum as</Unicode>
                </TextEquiv>
            </TextLine>
            <TextLine id="r1l38" custom="readingOrder {index:15;}">
                <Coords points="188,1888 1747,1884 1747,1832 188,1834"/>
                <Baseline points="197,1874 274,1872 351,1872 428,1871 505,1871 582,1870 659,1869 736,1869 813,1869 890,1868 967,1868 1044,1868 1121,1868 1198,1868 1275,1868 1352,1869 1429,1869 1506,1869 1583,1871 1660,1871 1737,1872"/>
                <TextEquiv>
                    <Unicode>flictionem ignis supra uirtutem suam exardebat in aqua: id est, in locis humi</Unicode>
                </TextEquiv>
            </TextLine>
            <TextLine id="r1l39" custom="readingOrder {index:16;}">
                <Coords points="197,1937 1756,1931 1678,1882 197,1894"/>
                <Baseline points="206,1928 283,1926 360,1925 437,1925 514,1923 591,1923 668,1923 745,1922 822,1922 899,1922 976,1922 1053,1922 1130,1923 1207,1923 1284,1923 1361,1923 1438,1925 1515,1925 1592,1925 1669,1925 1746,1926"/>
                <TextEquiv>
                    <Unicode>dis Sodomae &amp; Gomorrae, ubi humido non obstante, ignis omnia consum</Unicode>
                </TextEquiv>
            </TextLine>
            <TextLine id="r1l40" custom="readingOrder {index:17;}">
                <Coords points="196,2007 1753,1983 1626,1934 196,1953"/>
                <Baseline points="206,1982 282,1980 359,1979 436,1979 513,1977 590,1977 667,1977 743,1976 820,1976 897,1976 974,1976 1051,1976 1128,1976 1205,1976 1281,1977 1358,1977 1435,1977 1512,1977 1589,1979 1666,1979 1743,1980"/>
                <TextEquiv>
                    <Unicode>plit. Gene.19. Vt iniquam terrae nationem exterminaret. Sic ergo diuersis tem</Unicode>
                </TextEquiv>
            </TextLine>
            <TextLine id="r1l41" custom="readingOrder {index:18;}">
                <Coords points="190,2058 1521,2054 1737,2044 1759,1991 190,2007"/>
                <Baseline points="200,2036 277,2036 354,2034 432,2034 509,2033 587,2033 664,2033 742,2033 819,2032 897,2031 974,2031 1051,2031 1129,2031 1206,2031 1284,2031 1361,2032 1439,2033 1516,2033 1594,2033 1671,2033 1749,2034"/>
                <TextEquiv>
                    <Unicode>poribus diuersimode egit ignis, ut manifestum esset omnibus, quod non es </Unicode>
                </TextEquiv>
            </TextLine>
            <TextLine id="r1l42" custom="readingOrder {index:19;}">
                <Coords points="196,2101 1530,2111 1751,2099 1751,2064 195,2056"/>
                <Baseline points="206,2090 282,2088 359,2088 436,2088 512,2087 589,2087 666,2087 742,2085 819,2085 896,2085 973,2085 1049,2085 1126,2085 1203,2085 1279,2085 1356,2085 1433,2085 1509,2087 1586,2087 1663,2087 1740,2088"/>
                <TextEquiv>
                    <Unicode>set operatio naturae, sed uindicta diuinae iustitiae. Dicit ergo sic: Quodam vero</Unicode>
                </TextEquiv>
            </TextLine>
            <TextLine id="r1l43" custom="readingOrder {index:20;}">
                <Coords points="200,2153 1753,2147 1546,2100 200,2112"/>
                <Baseline points="209,2144 285,2142 362,2142 439,2141 515,2141 592,2141 669,2139 745,2139 822,2139 899,2139 976,2139 1052,2139 1129,2139 1206,2139 1282,2139 1359,2141 1436,2141 1512,2141 1589,2141 1666,2142 1743,2142"/>
                <TextEquiv>
                    <Unicode>tempore mansuetabatur ignis: id est, mansuetem uidebatur in parcendo, ne com</Unicode>
                </TextEquiv>
            </TextLine>
            <TextLine id="r1l44" custom="readingOrder {index:21;}">
                <Coords points="193,2208 1588,2219 1758,2208 1758,2151 193,2155"/>
                <Baseline points="203,2198 280,2196 357,2196 434,2195 512,2195 589,2194 666,2193 744,2193 821,2193 898,2193 976,2193 1053,2193 1130,2193 1207,2193 1285,2193 1362,2193 1439,2195 1517,2195 1594,2196 1671,2196 1749,2198"/>
                <TextEquiv>
                    <Unicode>burerentur, quae ad impios missa erant animalia, illa videlicet, quae de agris missa</Unicode>
                </TextEquiv>
            </TextLine>
            <TextLine id="r1l45" custom="readingOrder {index:22;}">
                <Coords points="200,2262 1690,2274 1749,2210 200,2223"/>
                <Baseline points="210,2253 286,2252 363,2252 439,2250 516,2250 592,2249 669,2249 745,2249 822,2247 898,2247 975,2247 1051,2247 1128,2247 1204,2248 1281,2249 1357,2249 1434,2249 1510,2249 1587,2250 1663,2250 1740,2250"/>
                <TextEquiv>
                    <Unicode>erant ad impios, domi existentes. Sed vt ipsi videntes: id est, percipientes, sci</Unicode>
                </TextEquiv>
            </TextLine>
            <TextLine id="r1l46" custom="readingOrder {index:23;}">
                <Coords points="196,2317 1669,2327 1762,2317 1762,2274 195,2278"/>
                <Baseline points="206,2307 283,2306 360,2304 437,2304 515,2303 592,2303 669,2301 747,2301 824,2301 901,2301 979,2301 1056,2301 1133,2301 1210,2301 1288,2301 1365,2301 1442,2303 1520,2303 1597,2303 1674,2304 1752,2304"/>
                <TextEquiv>
                    <Unicode>rent, quoniam DEI iudicio patiebantur per secutionem. Et quodam tempore.</Unicode>
                </TextEquiv>
            </TextLine>
            <TextLine id="r1l47" custom="readingOrder {index:24;}">
                <Coords points="195,2371 1758,2368 1694,2316 195,2323"/>
                <Baseline points="204,2360 281,2360 358,2358 435,2358 513,2358 590,2358 667,2357 744,2357 822,2357 899,2357 976,2357 1053,2357 1131,2357 1208,2357 1285,2357 1362,2357 1440,2357 1517,2357 1594,2358 1671,2358 1749,2358"/>
                <TextEquiv>
                    <Unicode>in subuersione uidelicet Sodomae, quando Dominus pluit ignem, &amp; sulphur </Unicode>
                </TextEquiv>
            </TextLine>
            <TextLine id="r1l48" custom="readingOrder {index:25;}">
                <Coords points="195,2426 1724,2428 1746,2387 194,2381"/>
                <Baseline points="204,2415 280,2415 357,2414 433,2414 510,2412 587,2412 663,2412 740,2411 816,2411 893,2411 970,2411 1046,2411 1123,2411 1199,2411 1276,2411 1353,2411 1429,2411 1506,2411 1582,2411 1659,2411 1736,2411"/>
                <TextEquiv>
                    <Unicode>de coelo in aqua super uirtutem ignis exarsit, &amp;c. ut expositum est. Posset ta</Unicode>
                </TextEquiv>
            </TextLine>
            <TextLine id="r1l49" custom="readingOrder {index:26;}">
                <Coords points="188,2480 1741,2475 1753,2428 188,2439"/>
                <Baseline points="198,2471 275,2469 352,2469 429,2468 507,2468 584,2466 661,2466 738,2466 816,2466 893,2465 970,2465 1047,2465 1125,2465 1202,2465 1279,2466 1356,2466 1434,2466 1511,2466 1588,2466 1665,2466 1743,2466"/>
                <TextEquiv>
                    <Unicode>men prima particula de mansuetudine ignis exponi, &amp; verificari multo eui </Unicode>
                </TextEquiv>
            </TextLine>
            <TextLine id="r1l50" custom="readingOrder {index:27;}">
                <Coords points="200,2535 1751,2530 1720,2479 200,2482"/>
                <Baseline points="210,2525 286,2523 363,2523 439,2522 516,2522 593,2520 669,2520 746,2520 822,2520 899,2519 976,2519 1052,2519 1129,2519 1205,2519 1282,2519 1359,2519 1435,2520 1512,2520 1588,2520 1665,2520 1742,2522"/>
                <TextEquiv>
                    <Unicode>dentius de tribus pueris missis in caminum ignis: Anania, Azxcaria, Mizcahele.</Unicode>
                </TextEquiv>
            </TextLine>
            <TextLine id="r1l51" custom="readingOrder {index:28;}">
                <Coords points="197,2588 1758,2581 1703,2534 197,2535"/>
                <Baseline points="207,2577 284,2577 361,2576 438,2576 515,2576 592,2574 669,2574 746,2574 823,2574 900,2574 978,2574 1055,2574 1132,2574 1209,2574 1286,2574 1363,2574 1440,2574 1517,2574 1594,2576 1671,2576 1749,2576"/>
                <TextEquiv>
                    <Unicode>Daniel. 3. Vbi ita mirabiliter se habuit, quod ipsos positos in fornace non lae</Unicode>
                </TextEquiv>
            </TextLine>
            <TextLine id="r1l52" custom="readingOrder {index:29;}">
                <Coords points="194,2644 1751,2636 1712,2585 194,2591"/>
                <Baseline points="204,2634 280,2633 357,2631 434,2630 511,2630 588,2628 665,2628 742,2628 819,2627 896,2627 973,2627 1049,2627 1126,2627 1203,2627 1280,2627 1357,2627 1434,2627 1511,2628 1588,2628 1665,2628 1742,2628"/>
                <TextEquiv>
                    <Unicode>sit: tamen illos qui circumstabant, &amp; qui eos in fornacem mittebant, confla</Unicode>
                </TextEquiv>
            </TextLine>
            <TextLine id="r1l53" custom="readingOrder {index:30;}">
                <Coords points="194,2712 1747,2694 1746,2647 1630,2636 193,2658"/>
                <Baseline points="203,2688 279,2687 356,2686 432,2685 509,2684 586,2684 662,2682 739,2682 816,2682 892,2681 969,2681 1046,2681 1122,2681 1199,2681 1276,2681 1352,2682 1429,2682 1506,2682 1582,2682 1659,2682 1736,2682"/>
                <TextEquiv>
                    <Unicode>grauit. Et uocantur isti pueri animalia ad impios missa, propter eorum simpli </Unicode>
                </TextEquiv>
            </TextLine>
            <TextLine id="r1l54" custom="readingOrder {index:31;}">
                <Coords points="193,2753 1651,2761 1742,2749 1742,2696 193,2716"/>
                <Baseline points="203,2741 279,2741 356,2739 432,2739 509,2738 585,2738 662,2737 738,2736 815,2736 891,2736 968,2736 1044,2735 1121,2735 1197,2735 1274,2735 1350,2735 1427,2736 1503,2736 1580,2736 1656,2736 1733,2738"/>
                <TextEquiv>
                    <Unicode>citatem &amp; captiuitatem, in qua tenebantur: &amp; haec facta sunt, ut Babyloni</Unicode>
                </TextEquiv>
            </TextLine>
            <TextLine id="r1l55" custom="readingOrder {index:32;}">
                <Coords points="189,2804 1695,2806 1746,2750 189,2769"/>
                <Baseline points="198,2796 274,2795 351,2795 428,2793 505,2793 582,2792 659,2792 736,2790 813,2790 890,2790 967,2790 1043,2789 1120,2789 1197,2789 1274,2789 1351,2789 1428,2789 1505,2790 1582,2790 1659,2791 1736,2792"/>
                <TextEquiv>
                    <Unicode>uidentes, scirent, quoniam ipsimet DEI iudicio patiebantur per secutionem, ao</Unicode>
                </TextEquiv>
            </TextLine>
            <TextLine id="r1l56" custom="readingOrder {index:33;}">
                <Coords points="193,2866 1762,2855 1686,2782 1645,2819 193,2811"/>
                <Baseline points="203,2853 280,2852 357,2850 435,2849 512,2847 590,2846 667,2845 745,2844 822,2844 900,2843 977,2843 1054,2843 1132,2843 1209,2843 1287,2843 1364,2843 1442,2844 1519,2844 1597,2844 1674,2846 1752,2846"/>
                <TextEquiv>
                    <Unicode>igne, propter idolatriam suam. Secunda uero pars lectionis exponi potest de</Unicode>
                </TextEquiv>
            </TextLine>
            <TextLine id="r1l57" custom="readingOrder {index:34;}">
                <Coords points="196,2930 1653,2922 1764,2908 1764,2856 195,2876"/>
                <Baseline points="206,2906 283,2904 360,2904 438,2903 515,2901 593,2901 670,2900 748,2900 825,2898 903,2898 980,2898 1057,2898 1135,2898 1212,2898 1290,2898 1367,2898 1445,2898 1522,2900 1600,2900 1677,2901 1755,2901"/>
                <TextEquiv>
                    <Unicode>plaga septima Aegyptiorum, uidelicet de igne mixto cum grandine, de qua su</Unicode>
                </TextEquiv>
            </TextLine>
            <TextLine id="r1l58" custom="readingOrder {index:35;}">
                <Coords points="200,2983 1733,2966 1757,2925 200,2930"/>
                <Baseline points="210,2958 286,2957 363,2957 440,2955 517,2955 594,2954 670,2954 747,2953 824,2952 901,2952 978,2952 1054,2952 1131,2951 1208,2951 1285,2951 1362,2951 1438,2951 1515,2952 1592,2952 1669,2952 1746,2954"/>
                <TextEquiv>
                    <Unicode>pra dictum est, uidelicet de subuersione Sodomorum: &amp; in hoc solum stat sen</Unicode>
                </TextEquiv>
            </TextLine>
            <TextLine id="r1l59" custom="readingOrder {index:36;}">
                <Coords points="190,3024 1611,3031 1751,3019 1751,2980 190,2983"/>
                <Baseline points="200,3014 277,3012 354,3011 431,3011 508,3009 585,3009 662,3008 739,3008 816,3006 893,3006 971,3006 1048,3006 1125,3005 1202,3005 1279,3006 1356,3006 1433,3006 1510,3007 1587,3008 1664,3009 1742,3009"/>
                <TextEquiv>
                    <Unicode>tentia, quod ignis uario modo se habuit: aliquando parcendo, aliquando</Unicode>
                </TextEquiv>
            </TextLine>
            <TextLine id="r1l60" custom="readingOrder {index:37;}">
                <Coords points="191,3080 1524,3069 1524,3025 191,3037"/>
                <Baseline points="200,3068 265,3066 331,3066 397,3065 462,3065 528,3063 594,3063 659,3062 725,3062 791,3062 857,3060 922,3060 988,3060 1054,3060 1119,3060 1185,3060 1251,3059 1316,3059 1382,3059 1448,3059 1514,3059"/>
                <TextEquiv>
                    <Unicode>agendo mirabiliter, &amp; contra naturam, ut DEI obediret uoluntati.</Unicode>
                </TextEquiv>
            </TextLine>
            <TextLine id="r1l61" custom="readingOrder {index:38;}">
                <Coords points="237,3129 1652,3141 1759,3127 1759,3074 237,3088"/>
                <Baseline points="246,3123 321,3122 396,3120 471,3119 546,3118 621,3117 696,3117 772,3116 847,3116 922,3116 997,3116 1072,3116 1147,3116 1222,3116 1298,3116 1373,3116 1448,3116 1523,3116 1598,3117 1673,3117 1749,3117"/>
                <TextEquiv>
                    <Unicode>Circa illam clausulam: In aqua supra naturam ignis exardebat. Notandum, quod </Unicode>
                </TextEquiv>
            </TextLine>
            <TextEquiv>
                <Unicode>poris &amp; animae sine spe ueniae, &amp; misericordiae: ubi nec qui torquet, nec qui tor
quetur, aliquando moritur: sed sic morientur ut semper uiuant, &amp; sic uiuent, ut 
semper moriantur. Haec illae. Proverb. 6. Zelus &amp; ira uiri non parcet in die uin
dictae, nec adquiescet cuiusquam precibus, nec suscipiet pro redemptione do
na plurima. Et tunc erit vindex orbis terrarum, &amp;c
ECLARATA miserabili flagellatione Aegyptiorum per ignem 
&amp; grandinem: In ista parte agit de mirabili uariatione ipsorum fla
gellorum. Ignis autem non uniformiter, sed multum difformiter
iuxta diuinam uoluntatem se habuit, in agendo malorum afflictio
nem. Nam quodam tempore uidebatur suam naturam comburendi &amp; laeden 
di continere etiam a rebus, quae de facili combustibiles uidebantur, &amp; extite
runt. Nam iumenta &amp; homines repertos in agro combussit: lumentis uero
domi detentis pepercit, sicut dicitur Exod. 9. ut homines quibus ignis peper
cit, possent uidere, quod illi iuste patiebantur, qui in agris remanserunt contra
monitionem Domini cum animalibus. Alio uero tempore circa iustorum as
flictionem ignis supra uirtutem suam exardebat in aqua: id est, in locis humi
dis Sodomae &amp; Gomorrae, ubi humido non obstante, ignis omnia consum
plit. Gene.19. Vt iniquam terrae nationem exterminaret. Sic ergo diuersis tem
poribus diuersimode egit ignis, ut manifestum esset omnibus, quod non es 
set operatio naturae, sed uindicta diuinae iustitiae. Dicit ergo sic: Quodam vero
tempore mansuetabatur ignis: id est, mansuetem uidebatur in parcendo, ne com
burerentur, quae ad impios missa erant animalia, illa videlicet, quae de agris missa
erant ad impios, domi existentes. Sed vt ipsi videntes: id est, percipientes, sci
rent, quoniam DEI iudicio patiebantur per secutionem. Et quodam tempore.
in subuersione uidelicet Sodomae, quando Dominus pluit ignem, &amp; sulphur 
de coelo in aqua super uirtutem ignis exarsit, &amp;c. ut expositum est. Posset ta
men prima particula de mansuetudine ignis exponi, &amp; verificari multo eui 
dentius de tribus pueris missis in caminum ignis: Anania, Azxcaria, Mizcahele.
Daniel. 3. Vbi ita mirabiliter se habuit, quod ipsos positos in fornace non lae
sit: tamen illos qui circumstabant, &amp; qui eos in fornacem mittebant, confla
grauit. Et uocantur isti pueri animalia ad impios missa, propter eorum simpli 
citatem &amp; captiuitatem, in qua tenebantur: &amp; haec facta sunt, ut Babyloni
uidentes, scirent, quoniam ipsimet DEI iudicio patiebantur per secutionem, ao
igne, propter idolatriam suam. Secunda uero pars lectionis exponi potest de
plaga septima Aegyptiorum, uidelicet de igne mixto cum grandine, de qua su
pra dictum est, uidelicet de subuersione Sodomorum: &amp; in hoc solum stat sen
tentia, quod ignis uario modo se habuit: aliquando parcendo, aliquando
agendo mirabiliter, &amp; contra naturam, ut DEI obediret uoluntati.
Circa illam clausulam: In aqua supra naturam ignis exardebat. Notandum, quod </Unicode>
            </TextEquiv>
        </TextRegion>
    </Page>
</PcGts>
