2371 3609
992 893 2134 961 IRCA librum istum, qui liber Sapientiae nuncupatur,
994 947 2123 1004 sunt in principio tria notanda. Primum est de eius nomi
1002 1001 2131 1056 ne: Secundum de eius autore: Tertium de eius fine. Cir
998 1061 2139 1111 ca nomen huius libri dico quod iste est titulus, Sapientia:
1002 1104 2144 1167 & est sciendum quod tripliciter accipitur a diuersis. Nam
994 1166 2136 1229 primo apud Peripatheticos dicitur, una uirtus intelle
993 1224 2148 1274 ctualis & speculatiua inter omnes uirtutes intellectuales
626 1273 2153 1329 nobilissima: Et sic de ea tractat Arist. 6. Ethicorum cap. 6: & 1. Metaph cap.
623 1330 2148 1391 5 ubi descriptionem sapientis inuestigat talem. Sapiens est qui scit omnia,
619 1383 2149 1447 & difficilia propter certitudinem & causam, ipsum scire propter se quaerens,
632 1437 2151 1491 & animos ordinans & persuadens: Etiam ibidem dicit quod sapiens debeat
619 1483 2136 1542 non solum scire per causam, sed etiam per altissimas causas: Hoc autem no
620 1546 2147 1595 men sapiens in Latino, σοϕός in Graeco interpretatur. Vnde antiqui
629 1604 2146 1665 tus ante tempora Pythagorae omnes qui se studio sapientiae manciparunt,
624 1667 2154 1722 σοϕοί dicebantur. Tandem Pythagoras ille famosus qui tantae fuit autorita
636 1711 2143 1759 tis in populo, quod de eius sententia nulli licuit disputare, iudicans quod prae
633 1760 2148 1819 sumptuosum esset, sic uocari. Cum interrogaretur, quid se profiteretur: Non
626 1810 2160 1872 sapientem, sed philosophum: id est, amatorem sapientiae se uocauit, eo quod se
645 1867 2154 1928 sapientem profiteri arroganuissimum uidebatur: sicut dicit August. 8. de ciu.
638 1921 2109 1980 DEI cap. 2. Ex quo patet quod autor huius libri philosophus dici potest.
692 1978 2162 2048 Secundo apud theologos accipitur sapientia pro dono supernaturali
635 2033 2158 2100 siue infuso, per quod homo noticiam habet diuinorum & humanorum,
641 2097 2158 2156 uel ex inspiratione speciali, uel ex quadam uicinitate gratiosa ad DEVM,
639 2140 2160 2192 sicut dicit Dyoni. cap. 5. de diuinis nominibus: Quod Hierotheus pa
638 2195 2157 2250 tiendo diuina didicit. Sicut autem sapientia adquisita, quae uocatur natu
644 2258 2158 2319 ralis, perfectior est scientia, & intellectum etiam principiorum comprehendit,
645 2297 2168 2380 sicut patet 6. Ethicorum: quia haec sola contra negantes principia arguit, sicut 4
635 2352 2164 2429 Meth. dicitur Ita hoc donum fidem praesupponit & defendit: de hac sapientia dici
643 2418 1986 2470 tur Esa.12. Requiescet super eum spiritus Domini, spiritus sapientiae.
709 2460 2161 2532 Tertio modo accipitur sapientia apud Stoicos & morales philosophos, si
649 2527 2166 2573 cut fuerunt Socrates, Seneca & Boëtius, qui nihil aliud vocant sapientiam quam col
650 2571 2167 2643 lectionem uirtutum intellectualium & moralium, & illo modo sapiens est idem quod
656 2636 2173 2700 perfecte uirtuosus. Vnde de sapiente sic accepto dicit Seneca in libro quodam,
650 2693 2169 2746 qui intitulatur de traquillitate animi. Quod in sapientem non cadit iniuria: in quo
656 2736 2167 2793 libro probat, quod sapiens non potest offendi, & quod sapientis animus sem
643 2798 2173 2863 per est in tranquillitate, & quod cor sapientis est sicut adamas, & multa talia,
643 2848 2169 2910 de quibus alias erit sermo. Sic etiam loquitur Lactantius lib. 4. Virtus cum scientia
648 2912 2182 2970 coniuncta, est sapientia. Naturam enim hominis DEUS hanc esse uoluit, ut
643 2968 2170 3028 duarum rerum cupidus & appetens esset: sapientiae scilicet & religionis,
