2371 3609
584 251 2149 309 Petri ad animam Petri: sed ordo prouidentiae diuinae hoc faciet, quod illi cine
577 315 2149 364 res magis unientur animae Petri quam alteri, ut idem homo resurgat. Ad ter
578 349 2158 414 tium dico, quod Scriptura loquitur figuratiue, ut iam dictum est. Ex his pa
583 421 2155 474 tet, quod corpus Virginis benedictae resoluendum non fuit: quia in eo fomes
578 461 2156 528 extinctus extitit. Similiter est de alijs, si qui alij sunt huiusmodi, quod eis est com
580 513 2155 581 cessum ex priuilegio speciali. Idem est de reliquijs dicendum Sanctorum quod
570 584 2160 634 de lege communi ante resurrectionem communem incinerabuntur, uel si non
583 626 1478 684 hoc eis erit concessum ex priuilegio speciali.
663 674 2164 736 Notandum est hic quod contra materiam uanae gloriae de aliquo, cuius
585 745 2159 802 delectatio mouet in praesenti, ualde expedit praecogitare, quid de illo delecta
585 786 2157 846 bili eueniet in futuro, sicut legimus in diuersis tractatibus. Et imuita beati lo
581 843 2155 910 hanis Eleemosinarij habentur. Quod mos erat antiquitus apud Graecos, quod
569 907 2164 962 statim imperatore electo & coronato, aedificatores monumentorum, quatuor
581 962 2155 1028 genera marmorum ei afferentes, sibi dicerent isto modo. De quali marmore
583 1010 2157 1071 iubet imperium tuum sibi fieri monumentum, ne per gloriam imperialis di
580 1071 2160 1130 gnitatis in uanam gloriam efferretur. Similiter dicitur fieri in consecratione
588 1109 2157 1168 papali, stuppa coram oculis eius accenditur & comburitur, & sic sibi dicitur:
578 1180 2166 1234 Sic transit gloria mundi. Similiter legitur in historijs Romanorum, quod trium
581 1228 2155 1291 phanti in curru assidebat quidam ribaldus, qui ei impune conuitiabatur, &
578 1292 2160 1343 interdum colaphiaabat, ne excessus honoris qui illo die sunt collati, eum super
577 1331 2161 1388 homines transmutarent. Summum uero accensiuum uanae gloriae est nobilitas
579 1387 2161 1442 iuuentutis humani corporis, contra quod & ad quod re primendum metrice
582 1444 750 1495 dicitur:
712 1491 1577 1565 Forma, genus, mores. sapientia, vis & honores.
767 1552 1654 1601 Non retinent hominem quin redit in cinerem.
577 1601 2167 1656 Vnde satis admiratiue dicitur Eccles. 10. Quid superbis cinis & terra. Et
589 1657 2150 1711 ideo cui unicuique nostrum expedit commemori pluries hoc uerbum. Extin
590 1711 2148 1763 ctus cinis erit corpus nostrum. Potest etiam hoc uerbum dici delicate & sum
580 1765 2164 1833 ptuose nutrientibus corpus suum: nunc calidis speciebus, nunc electissimis
589 1832 2163 1877 carnibus tam domesticis quam ferinis, nunc uestibus mollissimis & suauibus:
583 1876 2153 1931 ac si putarent quod calorem & ignem uitae naturalis perpetuare possent. Sed
589 1931 2163 1981 ualde decipiuntur: quia lob. 34. Omnis caro deficiet, & homo in cinerem com
589 1988 2163 2037 uertetur. Item hoc patet de pigris remissis & ociosis, qui sua corpora tantum
583 2035 2157 2089 appreciantur, quod nulli poenitentiae se uolunt exponere, & tamen post mo
584 2093 2164 2147 dicum nihil aliud erit quam extinctus cinis: & ideo in signum istorum dicitur
589 2149 2150 2197 unicuique nostrum in die cinerum in capite ieiunij a sacerdote. Memento ho
584 2200 2162 2255 mo quod cinis es, & in cinerem reuerteris. Dicamus ergo & mente sentiamus:
591 2257 2153 2320 quia extinctus cinis erit corpus nostrum. Duo sunt in quibus laus corporalis
587 2322 2146 2377 consistit: scilicet pulchritudo & fortitudo. Pulchritudo consistit in quadam pro
578 2363 2167 2440 portionabili claritate bonae complexionis: & ideo uere pulchri desiderant esse,
581 2416 2163 2470 in lumine ut uideantur ab hominibus. Vnde corpus animalium est quasi quae
583 2470 2151 2529 dam lucerna, quae non est pulchra nisi anima lucente & ipsum uiuificante re
576 2524 2146 2580 fulget. Et ideo mali homines quando moriuntur, pulchritudinem totam per
580 2581 2158 2631 dunt, Proverb. 13. Lucerna impiorum extinguetur. Secundo fortitudo con
583 2631 2145 2686 sistit in quadam naturali potestate facilis operationis: haec autem potestas re
573 2688 2155 2740 sultat ex solida & compacta connectione ossium & neruorum. Sed haec forti
578 2743 2154 2798 tudo quantumcunque fuerit ualida finaliter dissoluetur, & erit cinis, Esa. 33.
583 2794 2159 2852 Erunt populi quasi de incendio cinis. Sit ergo recordatio nostra frequens &
587 2861 1597 2915 assidua quod extinctus cinis erit corpus nostrum,
650 2905 2155 2971 Et est notandum, quod iste cinis intense recogitatus: fugat tentationem,
578 2957 2153 3027 seruat deuotionem, ornat orationem. Primo dico, fugat tentationem. Experi
578 3012 2152 3070 mentum esse dicitur, & imponitur Alberto libro suo de uegetabilibus. Quod
575 3066 2141 3119 si coruus nidificauerit in arbore, & oua posuerit, per talem cautelam potest fa
