2371 3609
170 240 1742 295 Sanctifica mihi omne primogenitum: id est, omne cor humanum, quod intra
180 296 1732 351 menbra corporis primogenitum dici potest. Et hoc est quaed signanter dicit Matth.
170 343 1708 403 22. Diliges Dominum DEVM tuum ex toto corde tuo, & ex tota anima tua
212 403 1743 458 Secundo ostendit CHRISTUS suam dilectionem ad nos in hoc, quod abluit
169 457 1741 524 foeditatem immundae conscientiae. Deleuit enim peccatum originale proprij
173 512 1741 565 sanguinis effusione, delet peccatum actuale per sacramentalem poenitentiae lo
173 567 1743 629 tionem, & hoc est quod nobis comemorat lohanes Apocal. 1. Dilexit nos, &
173 620 1743 674 lauit nos a peccatis nostris in sanguine suo. Sanguis significat amorem, & cau
176 672 1740 725 sat amorem. Vnde sanguineae complexionis naturaliter sunt amatiui, & iuue
182 728 1744 781 nes magis amatiui quam senes propter sanguinis abundantiam ampliorem.
179 780 1749 836 Narrat Hieronymus contra louinianum libro 1. allegans Renophontem haec
174 836 1744 889 scripsisse de infantia Cyri maioris. Scribit (inquit) Hieron. Nenophon occiso
163 904 1749 951 Abradaco uiro, quem Pantheon uxor miro modo dilexerat, collocasse se iux
174 944 1750 996 ta corpusculum, & confosso pectore sanguinem sui mariti uulneribus infu
180 1004 1744 1061 disse. Isto modo moraliter animae deuotae sponsae fideles IESVCHRISTI,
178 1049 1744 1104 uideant contemplando maritum suum occisum, & non casualiter, sed pro ea
182 1108 1746 1169 rum amore sponte defunctum, collocent se iuxta corpus sacrum Crucifixi, &
180 1162 1750 1213 illud tam voluntate quam intellectu quasi duobus brachijs amplectentur, com
180 1213 1739 1282 fodiant pectus suum gladio doloris, & contritionis, ac compassionis: ut inde
183 1267 1749 1323 sanguis amoris erumpat & in uulnera Saluatoris transcurrat. Ad Heb. 9. Sine
181 1324 1747 1378 sanguinis effusione non fit remissio peccatorum: & hoc est quod suadet Apo
182 1376 1742 1432 stolus ad Eph. 5. Ambulate in dilectione, sicut & CHRISTVS dilexit nos, &
186 1429 823 1496 tradidit semetipsum pro nobis.
257 1486 1753 1541 Tertio CHRISTVS ostendit ad nos suam dilectionem maximam in
188 1539 1758 1594 hoc, quod superat quantitatem nostrae sufficientiae. Plura enim nobis tribuit
181 1595 1753 1652 quam perfecte intelligere, & considerare sciamus, nec sufficimus suum amo
179 1650 1743 1703 rem recompensare. Vnde Apostolus ad Ephesios secundo uocat charita
180 1711 1752 1768 tem CHRISTI nimiam. Propter (inquit) nimiam charitatem qua dilexit
172 1757 1758 1811 nos. Sicut enim dicit Chrysostomus de reparatione lapsi: Nemo amico
177 1809 1745 1868 rum carnalium etiam si sit in hoc supra modum insaniens, ita exardescere po
182 1876 1752 1921 test in amorem dilectae suae: sicut DEVS effunditur in amorem animarum
192 1922 432 1974 nostrarum.
247 1974 1747 2037 Quatuor enim defectus in dilectione hominum experire contingit, a qui
185 2028 1747 2099 bus amor diuinus est totaliter alienus. Sunt enim aliqui, qui licet amentur, non
185 2078 1747 2138 tamen reamant amatores suos, sicut sunt ingrati. Econtra dicit Dominus, Pro
189 2137 1753 2200 uerbiorum 8. Ego diligentes me, diligo. Et Boëtius tertio de consolatione phi
191 2190 1769 2247 losoph dicit: Pulcherrimum diuitiarum genus est, amicos inuenisti: Sunt qui
193 2237 1755 2302 diligunt, sed propter propriam utilitatem. Indigent enim beneficijs amico
184 2309 1760 2361 rum. Contra quos Seneca in quadam epistola: Negociatio est amicitia, quae
189 2347 1758 2410 ad commodum attendit: & secundum Aristotelem octauo Ethicorum: Cum
184 2411 1766 2478 sit amicitia propter utile, & propter honestum diligentes, propter utile sunt
191 2456 1762 2518 minimi amici inter omnes. Et hoc etiam deplangit Ouidius primo libro de
194 2518 375 2573 Ponto:
319 2568 1215 2624 Turpe quidem dictu, sed si modo vera fatemur.
367 2621 1020 2693 Vulgus amicitias vtilitate probat.
196 2682 1759 2741 Sed per oppositum DEVS diligit nos non propter suam utilitatem, qui no
195 2727 1764 2790 stris non indiget bonis: sed diligit nos ad fructum nostrum, Ephesiorum pri
200 2780 1763 2845 mo: Gratificauit nos in dilecto Filio suo gratis: id est, gratos nos sibi fecit. O
194 2846 1776 2908 saeae decimoquarto: Sanabo contritiones eorum, & diligam eos spontanee.
207 2888 1773 2952 Tertij sunt qui diligunt hominem, sed non nisi in prosperitate & felicitate
199 2943 1775 3007 sua. De quorum quolibet uerificatur illud Boëtij tertio de consolatione, pro
205 3003 1771 3062 sa quinta: Quem felicitas amicum, infortunium facit inimicum. Vnde dixit
201 3060 394 3131 quidam:
