2371 3609
598 227 2173 288 semper postea sciuntur, quidam ut sciantur, non est satis didicisse. Intercidit e
608 294 2179 343 nim eorum scientia, nisi contineatur geometriam dico & sublimium cursum:
596 341 2173 400 Ita beneficia quaedam magnitudo non compatitur excidere quaedam minora,
602 394 2165 448 sed numero plura effluunt: quia non frequenter illa tractamus, nec libenter
598 460 2166 508 quid cui debeamus recognoscimus. Sed hic posset esse dubium, an tales bene
608 515 2175 574 ficia non recognoscentes, sed obliuioni tradentes, debeant dici ingrati. Et cum
598 555 2175 612 Seneca cum Eburtio amico suo de hac materia disputaret. Eburtius tales non
614 609 2185 668 ingratos, sed oblitos uocare solebat, tanquam ea res ingratum excuset, quae fa
609 677 2182 732 cit, aut per hoc accidat alicui, ut non sit ingratus, cum hoc non accidit nisi ingra
595 736 2170 785 to. Et ideo distinguit Seneca consequenter de ingratis sic: lngratus est qui be
607 773 2177 832 neficium se accepisse denegat, quod accepit. Ingratus est ille qui dissimulat. In
601 828 2184 894 gratus est, qui non reddit. Ingratissimus omnium, qui oblitus est. Et hoc pro
607 883 2176 939 bat. Primo, quia alij qui sunt memores beneficiorum licet non reddant, sen
608 943 2175 995 tiunt tantum in animo se esse debitores, & possunt ex facili occasione ad red
611 990 2180 1048 dendum induci. Isti uero uidelicet oblito totum beneficium elapsum est. Se
610 1060 2181 1113 cundo quia ad reddendum homo multis indiget meminisse, quod sine impen
608 1099 2183 1157 dio potest. Et ideo nunquam uoluit esse gratus qui beneficium tam longe pro
608 1153 2183 1212 iecit, ut extra conceptum suum poneret. De quolibet tali verificatur illud Ec
601 1216 2172 1277 clesiast. 20. Ingratus sensus dereliquit liberantem se. Bene enim dicitur ingra
601 1277 1869 1330 tus, qui memoriam perdidit illius, quod semper sensisse debuit.
655 1314 2180 1383 Secundo sunt ingrati qui DEVM de suis beneficijs gratis impensis, nec uel
604 1374 2179 1429 mentali agnitioni, nec eleemosynarum extrinseca largitione gratias recompen
595 1429 2172 1480 sant: similes porcis, qui glandes continue comedentes ad arborem, oculos nun
595 1481 2191 1532 quam erigunt, cuius fructu incessanter depascuntur. Contra quos Aristot. 5.
598 1537 2175 1589 Ethic. ca. 8. ostendit, quod in famulatu proportionabili commanent & coha
603 1593 2176 1644 bitant boni ciues, & illi qui non possunt consimilia retribuere, saltem gratia
610 1643 2169 1698 rum sacramentum sponte faciunt, ut retributio sit. Hoc enim proprium est gra
612 1701 2175 1753 tiae. Est etiam gratiarum actio quaedam retributio, & quasi quoddam sacramen
607 1755 2184 1808 tum in eo, quod non potest retribuere ad honorem uel ualorem. Refamulari
607 1822 2167 1874 oportet ei, qui gratiam fecit: id est, ei seruire in recompensatione collati bene
602 1862 2181 1917 ficij. Hinc Poëtae non ad ueritatem, sed ad uoluptatem fabulantes, tres sorores
607 1918 2184 1970 esse finxerunt, quae Gratiae nominabantur, sicut narrat Sene. de beneficijs lib. 1.
616 1982 2178 2039 quae sorores & filiae Veneris & Liberi patris secundum aliquos dicuntur: uir
608 2032 2183 2092 gines etiam complexis manibus, utehorum tripudiatum efficiant ridentes, &
614 2081 2175 2146 perlucida ueste, ac soluta indutae: quarum duae fuerunt ad nos conuersae, ter
613 2146 2185 2190 tia uultum auertit. Virgines fuerunt, eo quod incorrupta & sincera intentione
608 2192 2179 2252 debent fieri beneficia. Connexis manibus circulum quendam efficiunt, eo
607 2247 2179 2307 quod beneficium de manu ad manum transit, & tandem iterum redit ad auto
596 2307 2173 2364 rem: ridentes sunt: quia beneficia hilarem deberent habere datorem: perluci
609 2353 2176 2403 da ueste ac soluta induuntur, uel secundum antiquos nudae fuerunt: quia be
595 2411 2182 2456 neficia conspici uolunt, & non latere. Est enim amicitia beneuolentia non la
601 2461 2180 2511 tens in contrapassis 8. Ethic. Duae conuertuntur ad nos, & tertia procedit a
608 2519 2185 2572 uersa facie: quia beneficium simplex a facilitate progreditur, sed dupla redit.
602 2570 2185 2621 Sunt Liberi patris & filiae Veneris: quia propter amorem & liberalitatem be
607 2626 2192 2676 neficia dari debent. Cum ergo a DEO continue beneficia recipimus, sibi con
601 2680 2184 2730 tinue regratiari debemus. Vnde dicit beatus Augustinus in epistola ad Mar
604 2737 2189 2785 cellinum: Quod nihil melius dicere possumus, quam DEO gratias. Quid (in
601 2789 2190 2858 quit) melius uel animo geramus, uel ore proferamus, uel calamo scribamus,
605 2852 2184 2898 quam DEO gratias: Hoc enim dicere nihil breuius, nec audiri laetius, nec in
602 2902 2185 2955 telligi gratius, nec agi fructuosius quicquam potest. Et ideo dicit Hermes Tris
607 2953 2190 3010 megistus lib. suo qui logostyleos dicit in fine. Quod non est conueniens DEO
608 3010 2196 3061 thus, uel myrrham incendere, & sic eum adorare, si non (inquit) gratias agen
603 3068 2198 3122 tes adoremus. Hae sunt enim summae incensiones, cum gratiae DEO aguntur a
