2371 3609
208 247 1777 318 Ad primum patet, quod ignis iste non alterat corpus materialiter, sed tantum
205 318 1758 381 spiritualiter, sicut obiectum mutat intellectum uel sensum. Et ideo nunquam
212 375 1767 426 corrumpet, imo nec semel corpus ab illa transpositione transmutabit, in qua
219 433 1772 495 ponetur in inferno. Ad secundum patet, licet non sit agens uoluntarium, agit
213 482 1770 531 tamen ut instrum: entum agentis uoluntarie. Et ideo punit & affligit secun
212 538 1769 585 dum uoluntatem ipsius, & non secundum naturam propriam ignis. Ad ter
212 597 1769 657 tium de igne & lumine dicendum est, quod locus ille sic erit dispositus, sicut
211 645 1776 705 conuenit maxime miseriae damnandorum. Vnde non erit ibi fumen aliquod,
206 699 1772 750 sed umbrosum, ut illa uideantur quae afflictionem ingerere possunt. Dicitur ta
216 752 1777 805 men quod ignis ille est naturaliter eiusdem speciei cum lumine nostro, sed
211 816 1763 874 differunt secundum materiales dispositiones: sicut differunt flamma & ignis,
218 858 1763 934 quamuis ignis sit eiusdem speciei, siue sit in materia aerea, sicut est in flamma,
205 911 1769 965 siue in materia terrestria, sicut est in carbone. Quia ergo lumen illud erit in ma
222 968 1773 1021 teria fumosa, & umbrosa, simpliciter loquendo dicitur locus ille tenebrosus.
213 1023 1773 1072 Ad quartum dicendum quod licet nullum violentum sit perpetuum ex ordi
215 1079 1766 1126 natione Naturae, potest tamen ordinatione diuinae iusticiae. Ad quintum pa
205 1135 1770 1183 tet per dicta, in sexta conclusione. Sic ergo totam difficultatem de aeternitate
221 1185 1776 1235 corporum non consumendorum per ignem inferni, quam pertractat Augu
205 1238 1768 1292 stinus 21 de Ciuitate DEI. soluit ille doctor per hoc principium: Cessante
217 1298 1756 1358 motu coeli, nulla potest fieri in corporibus actio, uel passio materialis, sed spi
215 1346 1768 1398 ritualis tantum. Et quamuis istud esset quoddam damnatum Parisijs, est ta
209 1403 1773 1452 men illa sententia retractata, quantum attinet ad dicta Sancti Thomae per do
214 1462 1765 1523 minum Papam lohannem 2211. Contra quem arguit Scotus doctor subtilis
209 1509 1009 1562 dist. 48. lib. 4. ad iam dicta concludens
456 2693 1755 2743 OSTQVAM declaratum est quod Aegyptij per totum tri
468 2745 1753 2800 duum tenebrosum, nullum poterant habere solatium contra te
455 2809 1771 2864 nebras, nec ab igne, nec a lumine: Hic ostendit quod nec ali
461 2868 1777 2920 quid remedium consequi poterant per eorum magos: quos
481 2910 1770 2964 tamen peritissimos habuerunt, imo ipsi magi a daemonibus
212 2977 1776 3030 derelicti, & a DEO afflicti deridebantur, & qualiter cum alijs affligeban
214 3018 1785 3081 tur. Et circa hoc tria facit: Primo ponit eorum derisionem: Secundo po
218 3075 1773 3132 nit derisionis rationem: Tertio excludit quandam obiectionem. Secun
