2371 3609
176 221 1734 279 talia magica esse omnino. Sicut est illud quod scribit Palladius de Agricultura
176 275 1726 333 libro 1. ubi agens de columbis dicit: Columbae non pariunt, nec locum dese
176 332 1731 381 runt, si super omnes fenestras aliquid de strangulati hominis loro, uel uincu
170 383 1723 438 lo, uel fune suspendas. Et in Plinio de historia naturali multa talia inueniun
175 442 1727 488 tur. Similiter in Gilberto ubicunque ponitur experimentum, intelligitur ali
175 500 1713 561 quid superstitiosum, quae omnia generaliter spectant ad aliqua pacta antiqui
165 548 1713 601 tus inter daemones & homines constituta. Tertio notandum quod nulla vir
170 604 1719 653 tus naturae corporeae, lapidis, metalli, ligni, uel herbae, potest daemones ad ali
170 663 1728 714 quid compellere, quamuis fingant se compelli, & homini aliquo modo subdi:
170 708 1719 761 ut per haec familiaritatem cum hominibus contrahant, & finaliter eos fallant.
195 760 1713 823 Quod autem dicitur agrimonia uel acrimonia fugare daemonem, non est cre
168 811 1720 866 dendum, nisi miraculose a DEO, sicut fuisse creditur de Dauid & Saule, 2. Re
158 868 1719 931 gum 16. Friuolum est, sicut satis innuit Augustinus 10. de Ciuitate DEI con
165 917 1716 979 tra Porphyrium. Sed sciendum quod daemon dupliciter homini seruit. Primo
163 980 1723 1035 modo sponte, ut decipiat: alio modo coacte a superiori spiritu. Sicut ludaei
163 1035 1697 1088 dixerunt de CHRISTO, quod in Beelzcebub principe daemoniorum eijce
158 1087 1703 1140 ret daemonia, Matthaei 12. Vlterius est notandum de incantationibus serpen
157 1140 1697 1194 tum, quod ex quo nulla causa naturalis apparet, quare uoces tales, qualescun
161 1196 1699 1254 que fuerint faciant serpentem expectare, nec serpens intelligit quod profer
158 1252 1705 1301 tur. Videntur tales incantationes per daemones effectum sortiri, & sunt reli
153 1302 1714 1362 quiae ueteris idolatriae. Inuocationes etiam quas uetulae per nomina barbari
161 1353 1718 1411 ca & extranea, uel obseruationes infinitas pro morbis curandis, sortilegia
152 1406 1703 1461 sunt, quamuis admisceantur quaedam de DEO uel de Euangelio. Si quis au
158 1466 1713 1527 tem contra infirmitatem appendi faciat nomina CHRISTI seu Euangelij,
157 1512 1711 1579 ex simplici deuotione, non habendo spem ad modum ligandi, uel scribendi,
145 1568 1695 1625 uel figuram, uel characteres, non est periculum: quamuis talia non ordinan
146 1618 897 1689 tur ad expellendum morbos directe
205 1679 1717 1744 Ad rationes. Ad primam quod ad honorem DEI est. Dicendum, quod non
144 1738 1718 1795 est ad honorem DEI, quod homines talia faciant, ad quaerendum auxilium, &
150 1797 1718 1853 consilium a daemonibus: imo est eis contra eos bellum indictum. Vnde expel
149 1831 1711 1894 lere eum de corporibus hominum quos uexant, bene licet, sicut faciunt exor
143 1908 1722 1954 cistae. Non autem eos suscitare, ut doceant homines quaecunque media, uel ut iu
148 1956 1707 2012 uent ad quemcunque effectum. Si autem inuenitur hoc aliquis fecisse, fecit hoc
151 2012 1738 2067 domino dispensante & miraculose cooperante. Ad secundum de imaginibus
147 2051 1738 2113 curantibus infirmitates artificialiter factis, in quacunque materia fuerint, nisi forte i
144 2117 1739 2174 ipsa materia habeat efficaciam naturalem. Dicit sanctus Thomas secunda seu
145 2171 1710 2229 cundae: quod omnes imagines tales superstitiosae & magicae sunt, quod patet
144 2215 1705 2274 ex hoc: quia secundum eum nullum effectum habent, nisi in eis quidam cha
145 2282 1711 2335 racteres scribantur. Figura autem non est naturalis actionis principium. Haec
140 2319 1705 2383 autem est differentia inter imagines astrologicas, & necromanticas. Quod ne
146 2372 1706 2438 cromanticae siunt per expressam inuocationem daemonum: Astrologicae per
142 2450 1698 2505 pacta tacita figurarum uel characterum. Ad tertium, quod obseruantiae a dae
140 2490 1703 2547 monibus traditae antiquitus non sunt causae talium euentuum, sed signa tantum,
146 2548 1704 2610 & non naturaliter instituta, nec a DEO: igitur ab angelo non bono uel ab ho
141 2597 1738 2654 mine. Ad quartum, constat Salomonem aliquando idololatram fuisse. Vnde 3
135 2642 1705 2721 possibile est suos exorcismos per daemones ordinatos fuisse, & ideo sunt illici
135 2695 1711 2759 ti. Ad quintum quod figuris & characteribus nulla virtus actiua a stellis potest
202 2750 1665 2815 imprimi, cum non sint res distinctae a rebus figuratis. Si autem dicatur
299 2830 1553 2875 quod ipsis rebus imprimitur uirtus, propter figuram uel cha
463 2875 1404 2928 racterem, hoc non est, nisi per pacta antiquitus
725 2920 1132 2986 per daemones inita
