<?xml version="1.0" encoding="UTF-8" standalone="yes"?>
<PcGts xmlns="http://schema.primaresearch.org/PAGE/gts/pagecontent/2013-07-15" xmlns:xsi="http://www.w3.org/2001/XMLSchema-instance" xsi:schemaLocation="http://schema.primaresearch.org/PAGE/gts/pagecontent/2013-07-15 http://schema.primaresearch.org/PAGE/gts/pagecontent/2013-07-15/pagecontent.xsd">
    <Metadata>
        <Creator>prov=University of Rostock/Institute of Mathematics/CITlab|PLANET AI GmbH/Gundram Leifert/gundram.leifert@planet-ai.de:name=holcotwisdom-m2(htr_id=17503)::::v=2.6.0
prov=University of Rostock/Institute of Mathematics/CITlab|PLANET AI GmbH/Tobias Gruening/tobias.gruening@planet-ai.de:name=de.uros.citlab.module.baseline2polygon.B2PSeamMultiOriented:v=2.6.0
prov=University of Rostock/Institute of Mathematics/CITlab/Tobias Gruening/tobias.gruening@uni-rostock.de:name=/net_tf/LA73_249_0mod360.pb:de.uros.citlab.segmentation.CITlab_LA_ML:v=?0.1
TRP</Creator>
        <Created>2019-01-18T08:25:19.294-05:00</Created>
        <LastChange>2019-12-20T17:31:13.857+01:00</LastChange>
        <TranskribusMetadata docId="116678" pageId="4355709" pageNr="662" tsid="21294959" status="IN_PROGRESS" userId="25065" imgUrl="https://files.transkribus.eu/Get?id=DWSHBUKOGVFGAJJNKUGFPHQD&amp;fileType=view" xmlUrl="https://files.transkribus.eu/Get?id=HOHMVOIFYSTOQUEPTZNYVRHG" imageId="2467603"/>
    </Metadata>
    <Page imageFilename="sap_Page_662.png" imageWidth="2371" imageHeight="3609">
        <ReadingOrder>
            <OrderedGroup id="ro_1576885714535" caption="Regions reading order">
                <RegionRefIndexed index="0" regionRef="TextRegion_1575260184872_559"/>
            </OrderedGroup>
        </ReadingOrder>
        <TextRegion orientation="0.0" id="TextRegion_1575260184872_559" custom="readingOrder {index:0;}">
            <Coords points="665,1262 2219,1262 2221,3087 667,3087"/>
            <TextLine id="r4l37" custom="readingOrder {index:0;}">
                <Coords points="906,1311 2208,1304 2208,1267 2152,1256 906,1257"/>
                <Baseline points="915,1299 979,1299 1043,1299 1107,1299 1171,1299 1235,1299 1299,1298 1364,1298 1428,1298 1492,1298 1556,1298 1620,1298 1684,1298 1748,1298 1813,1298 1877,1298 1941,1298 2005,1298 2069,1298 2133,1298 2198,1298"/>
                <TextEquiv>
                    <Unicode>NARRATIS poenis multiplicibus, quibus afflicti fuerunt Ae</Unicode>
                </TextEquiv>
            </TextLine>
            <TextLine id="r4l40" custom="readingOrder {index:1;}">
                <Coords points="903,1379 2137,1376 2213,1362 2213,1321 903,1325"/>
                <Baseline points="912,1356 976,1356 1041,1355 1105,1355 1170,1353 1234,1353 1299,1353 1363,1353 1428,1353 1492,1353 1557,1353 1621,1353 1686,1353 1750,1353 1815,1353 1879,1353 1944,1353 2008,1353 2073,1353 2137,1353 2202,1353"/>
                <TextEquiv>
                    <Unicode>gyptij, tenebris palpabilibus circumsepti per triduum, intra quas</Unicode>
                </TextEquiv>
            </TextLine>
            <TextLine id="r4l43" custom="readingOrder {index:2;}">
                <Coords points="898,1433 2212,1417 2192,1368 898,1377"/>
                <Baseline points="908,1412 972,1410 1037,1409 1101,1409 1166,1407 1231,1407 1295,1407 1360,1407 1425,1407 1489,1407 1554,1407 1619,1407 1683,1407 1748,1407 1813,1407 1877,1407 1942,1407 2007,1407 2071,1407 2136,1406 2201,1406"/>
                <TextEquiv>
                    <Unicode>poenas una de maximis fuit timor, quo semper suspicabantur eis </Unicode>
                </TextEquiv>
            </TextLine>
            <TextLine id="line_1575260216903_593" custom="readingOrder {index:3;}">
                <Coords points="897,1481 2186,1471 2214,1427 897,1433"/>
                <Baseline points="906,1461 922,1461 990,1461 1057,1461 1125,1461 1192,1461 1260,1461 1327,1461 1395,1461 1462,1463 1530,1463 1597,1463 1665,1463 1732,1463 1800,1461 1867,1461 1935,1461 2002,1461 2070,1461 2137,1460 2205,1460"/>
                <TextEquiv>
                    <Unicode>peiora superuentura supplicia, quam fuerunt praesentialiter iam il </Unicode>
                </TextEquiv>
            </TextLine>
            <TextLine id="r4l48" custom="readingOrder {index:4;}">
                <Coords points="901,1527 2209,1520 2103,1473 901,1481"/>
                <Baseline points="911,1515 975,1515 1039,1515 1104,1515 1168,1515 1232,1515 1297,1515 1361,1515 1425,1515 1490,1515 1554,1515 1618,1515 1683,1515 1747,1515 1811,1515 1876,1515 1940,1515 2004,1515 2069,1515 2133,1515 2198,1514"/>
                <TextEquiv>
                    <Unicode>lata: In ista parte intendit assignare causam huius timoris suspicio </Unicode>
                </TextEquiv>
            </TextLine>
            <TextLine id="r4l49" custom="readingOrder {index:5;}">
                <Coords points="668,1584 2217,1577 2188,1527 668,1532"/>
                <Baseline points="677,1571 753,1569 830,1569 906,1568 983,1568 1059,1568 1136,1568 1212,1568 1289,1569 1365,1569 1442,1569 1518,1569 1595,1569 1671,1569 1748,1571 1824,1571 1901,1570 1977,1569 2054,1569 2130,1569 2207,1568"/>
                <TextEquiv>
                    <Unicode>si. Et circa hoc facit duo. Primo assignat huius timoris originem in generali: </Unicode>
                </TextEquiv>
            </TextLine>
            <TextLine id="r4l50" custom="readingOrder {index:6;}">
                <Coords points="663,1637 2102,1651 2216,1633 2216,1583 663,1585"/>
                <Baseline points="672,1626 748,1625 825,1625 902,1623 979,1623 1055,1623 1132,1623 1209,1623 1286,1623 1362,1623 1439,1623 1516,1623 1593,1623 1669,1623 1746,1623 1823,1623 1900,1623 1976,1623 2053,1623 2130,1623 2207,1622"/>
                <TextEquiv>
                    <Unicode>Secundo magis eam explanat in speciali, ibi: Cum sit enim timida. Circa primum</Unicode>
                </TextEquiv>
            </TextLine>
            <TextLine id="r4l51" custom="readingOrder {index:7;}">
                <Coords points="664,1690 2003,1700 2215,1689 2215,1635 664,1649"/>
                <Baseline points="675,1679 751,1677 828,1677 904,1677 981,1677 1057,1676 1134,1677 1210,1677 1287,1677 1363,1677 1440,1677 1516,1677 1593,1679 1669,1679 1746,1679 1822,1679 1899,1679 1975,1677 2052,1677 2128,1677 2205,1676"/>
                <TextEquiv>
                    <Unicode>dicit. Frequenter enim praeoccupant pessima, redarguente conscientia, qui d. Aaec est.</Unicode>
                </TextEquiv>
            </TextLine>
            <TextLine id="r4l52" custom="readingOrder {index:8;}">
                <Coords points="668,1744 2215,1733 2102,1689 669,1700"/>
                <Baseline points="678,1734 754,1733 830,1733 907,1731 983,1731 1059,1731 1136,1731 1212,1731 1288,1731 1365,1731 1441,1733 1517,1733 1594,1733 1670,1733 1746,1733 1823,1733 1899,1733 1975,1733 2052,1733 2128,1731 2205,1731"/>
                <TextEquiv>
                    <Unicode>causa tanti timoris in peccatoribus iam afflictis, ut non solum doleant de poe</Unicode>
                </TextEquiv>
            </TextLine>
            <TextLine id="r4l53" custom="readingOrder {index:9;}">
                <Coords points="661,1798 2208,1791 1952,1742 661,1758"/>
                <Baseline points="671,1785 747,1785 823,1785 900,1785 976,1785 1052,1785 1129,1785 1205,1785 1281,1785 1358,1787 1434,1787 1510,1787 1587,1787 1663,1787 1739,1787 1816,1787 1892,1787 1968,1787 2045,1787 2121,1785 2198,1784"/>
                <TextEquiv>
                    <Unicode>nis praesentibus, sed magis timeant poenas futuras: quia tales frequenter prae</Unicode>
                </TextEquiv>
            </TextLine>
            <TextLine id="r4l54" custom="readingOrder {index:10;}">
                <Coords points="662,1851 2106,1858 2208,1848 2209,1810 662,1820"/>
                <Baseline points="672,1842 748,1841 824,1839 901,1839 977,1838 1053,1838 1130,1838 1206,1839 1282,1839 1359,1841 1435,1841 1511,1841 1588,1842 1664,1842 1740,1842 1817,1842 1893,1842 1969,1842 2046,1842 2122,1841 2199,1839"/>
                <TextEquiv>
                    <Unicode>occupant: id est, concipiunt, pessima: id est, maxima poenalia eis inferenda, redar</Unicode>
                </TextEquiv>
            </TextLine>
            <TextLine id="r4l55" custom="readingOrder {index:11;}">
                <Coords points="656,1920 1911,1917 2214,1904 2214,1862 656,1870"/>
                <Baseline points="665,1896 746,1895 827,1893 908,1892 989,1892 1070,1892 1151,1892 1232,1892 1313,1893 1394,1893 1475,1893 1556,1895 1637,1895 1718,1895 1799,1896 1880,1896 1961,1896 2042,1896 2123,1895 2204,1893"/>
                <TextEquiv>
                    <Unicode>guente conscientia, quae iudicat sibi poenam maiorem deberi, quam actualiter</Unicode>
                </TextEquiv>
            </TextLine>
            <TextLine id="r4l56" custom="readingOrder {index:12;}">
                <Coords points="666,1959 2211,1966 2211,1917 2107,1907 666,1917"/>
                <Baseline points="675,1947 751,1947 827,1947 904,1947 980,1946 1056,1946 1133,1947 1209,1947 1285,1947 1362,1947 1438,1947 1514,1949 1591,1949 1667,1949 1743,1949 1820,1950 1896,1950 1972,1950 2049,1950 2125,1949 2202,1949"/>
                <TextEquiv>
                    <Unicode>infertur, lerem. 2. Arguet te malitia tua: Conscientia ergo laesa per culpam,</Unicode>
                </TextEquiv>
            </TextLine>
            <TextLine id="r4l57" custom="readingOrder {index:13;}">
                <Coords points="655,2012 2218,2022 2218,1978 2141,1962 656,1971"/>
                <Baseline points="666,2001 743,2001 820,2001 897,2000 974,2000 1051,2000 1128,2000 1205,2000 1282,2001 1359,2001 1437,2001 1514,2001 1591,2003 1668,2003 1745,2003 1822,2003 1899,2004 1976,2004 2053,2004 2130,2004 2208,2004"/>
                <TextEquiv>
                    <Unicode>facit hominem praeoccupare: id est, concipere grauiora futura, quam patitur, </Unicode>
                </TextEquiv>
            </TextLine>
            <TextLine id="r4l58" custom="readingOrder {index:14;}">
                <Coords points="661,2065 2219,2067 2163,2013 661,2029"/>
                <Baseline points="671,2055 752,2055 833,2055 914,2054 995,2054 1076,2054 1157,2054 1238,2054 1319,2055 1400,2055 1481,2055 1562,2055 1643,2057 1724,2057 1805,2057 1886,2057 1967,2057 2048,2057 2129,2057 2210,2057"/>
                <TextEquiv>
                    <Unicode>ut plus torqueatur metu quam sensu. Vel potest pesima esse nominatiui casus</Unicode>
                </TextEquiv>
            </TextLine>
            <TextLine id="r4l59" custom="readingOrder {index:15;}">
                <Coords points="664,2121 2214,2114 2191,2068 664,2077"/>
                <Baseline points="674,2108 750,2108 827,2108 903,2108 980,2108 1056,2108 1133,2109 1209,2109 1286,2109 1362,2109 1439,2109 1516,2109 1592,2109 1669,2111 1745,2111 1822,2111 1898,2111 1975,2111 2051,2109 2128,2109 2205,2109"/>
                <TextEquiv>
                    <Unicode>pessima: id est, grauissima tormenta praeoccupant malos, &amp; est sententia consi</Unicode>
                </TextEquiv>
            </TextLine>
            <TextLine id="r4l60" custom="readingOrder {index:16;}">
                <Coords points="656,2174 1836,2187 2203,2175 2216,2133 656,2138"/>
                <Baseline points="666,2163 743,2162 820,2162 897,2162 974,2162 1051,2162 1128,2162 1205,2162 1282,2162 1359,2162 1436,2163 1513,2163 1590,2163 1667,2163 1744,2163 1821,2163 1898,2163 1975,2163 2052,2163 2129,2163 2207,2162"/>
                <TextEquiv>
                    <Unicode>milis. Consequenter illud magis explanat in speciali: Et ponit istius timoris </Unicode>
                </TextEquiv>
            </TextLine>
            <TextLine id="r4l61" custom="readingOrder {index:17;}">
                <Coords points="664,2241 2215,2223 2094,2174 665,2187"/>
                <Baseline points="675,2217 751,2216 828,2216 904,2216 981,2214 1057,2214 1134,2214 1210,2215 1287,2216 1363,2216 1440,2216 1516,2217 1593,2217 1669,2217 1746,2219 1822,2219 1899,2219 1975,2219 2052,2219 2128,2219 2205,2217"/>
                <TextEquiv>
                    <Unicode>principium, medium, &amp; effectum. Principium enim est, nequitia, quae est prin</Unicode>
                </TextEquiv>
            </TextLine>
            <TextLine id="r4l62" custom="readingOrder {index:18;}">
                <Coords points="666,2281 2211,2287 2149,2233 666,2243"/>
                <Baseline points="675,2271 751,2270 827,2270 904,2270 980,2270 1056,2270 1133,2270 1209,2270 1285,2270 1362,2270 1438,2270 1514,2270 1591,2271 1667,2271 1743,2271 1820,2271 1896,2273 1972,2273 2049,2273 2125,2273 2202,2274"/>
                <TextEquiv>
                    <Unicode>cipalis origo timoris. Et quantum ad hoc dicit: Cum sit enim timida nequitiae.</Unicode>
                </TextEquiv>
            </TextLine>
            <TextLine id="r4l63" custom="readingOrder {index:19;}">
                <Coords points="672,2334 2215,2338 2215,2296 2001,2280 672,2289"/>
                <Baseline points="681,2324 757,2324 833,2324 909,2322 985,2322 1062,2322 1138,2322 1214,2324 1290,2324 1366,2324 1443,2324 1519,2324 1595,2324 1671,2325 1747,2325 1824,2325 1900,2325 1976,2327 2052,2327 2128,2327 2205,2327"/>
                <TextEquiv>
                    <Unicode>data est in omnium condemnationem: in omnium videlicet malorum, uue peccan</Unicode>
                </TextEquiv>
            </TextLine>
            <TextLine id="r4l64" custom="readingOrder {index:20;}">
                <Coords points="662,2389 2127,2412 2214,2391 2215,2339 662,2348"/>
                <Baseline points="672,2378 748,2378 825,2376 901,2376 978,2376 1055,2376 1131,2376 1208,2376 1285,2378 1361,2378 1438,2378 1515,2379 1591,2379 1668,2379 1745,2381 1821,2381 1898,2381 1975,2381 2051,2381 2128,2381 2205,2381"/>
                <TextEquiv>
                    <Unicode>tium condemnationem: Nam ipsamet nequitia poenam secum habet, ne aliquod </Unicode>
                </TextEquiv>
            </TextLine>
            <TextLine id="r4l65" custom="readingOrder {index:21;}">
                <Coords points="656,2442 2209,2444 2209,2402 2109,2394 656,2402"/>
                <Baseline points="666,2432 742,2432 819,2430 895,2430 972,2430 1049,2430 1125,2430 1202,2430 1279,2430 1355,2432 1432,2432 1509,2432 1585,2433 1662,2433 1739,2434 1815,2435 1892,2435 1969,2435 2045,2435 2122,2435 2199,2433"/>
                <TextEquiv>
                    <Unicode>in uniuerso deordinatum remaneat. Vnde Boëtius 4. de consola. prosa. 3. Sicut </Unicode>
                </TextEquiv>
            </TextLine>
            <TextLine id="r4l66" custom="readingOrder {index:22;}">
                <Coords points="665,2510 2221,2500 2192,2445 665,2458"/>
                <Baseline points="674,2486 750,2486 827,2484 904,2484 981,2484 1058,2483 1135,2484 1211,2484 1288,2484 1365,2484 1442,2486 1519,2486 1596,2486 1673,2487 1749,2487 1826,2487 1903,2489 1980,2489 2057,2489 2134,2488 2211,2487"/>
                <TextEquiv>
                    <Unicode>probis probitas ipsa est praemium: Ita improbis nequitia ipsa est supplicium. Et </Unicode>
                </TextEquiv>
            </TextLine>
            <TextLine id="r4l67" custom="readingOrder {index:23;}">
                <Coords points="669,2549 2208,2553 2208,2513 2083,2502 669,2495"/>
                <Baseline points="678,2540 754,2538 830,2538 906,2538 982,2538 1058,2538 1134,2538 1210,2538 1286,2538 1362,2538 1438,2540 1514,2540 1590,2540 1666,2541 1742,2541 1818,2541 1894,2543 1970,2543 2046,2543 2122,2543 2199,2543"/>
                <TextEquiv>
                    <Unicode>Aug. 1. confess. iussisti Domine, &amp; sic est, ut poena sit sibi omnis inordinatus</Unicode>
                </TextEquiv>
            </TextLine>
            <TextLine id="r4l68" custom="readingOrder {index:24;}">
                <Coords points="660,2603 2205,2607 2176,2555 660,2566"/>
                <Baseline points="669,2592 745,2592 821,2592 898,2592 974,2592 1050,2592 1127,2592 1203,2594 1279,2594 1356,2594 1432,2594 1508,2595 1585,2595 1661,2595 1737,2595 1814,2597 1890,2597 1966,2597 2043,2597 2119,2597 2196,2597"/>
                <TextEquiv>
                    <Unicode>animus. Et de uera innocentia ca. 4. Nullae poenae grauiores sunt, quam malae</Unicode>
                </TextEquiv>
            </TextLine>
            <TextLine id="r4l69" custom="readingOrder {index:25;}">
                <Coords points="663,2658 2208,2661 2154,2607 663,2619"/>
                <Baseline points="672,2646 748,2646 824,2646 901,2646 977,2646 1053,2646 1130,2646 1206,2646 1282,2646 1359,2646 1435,2648 1511,2648 1588,2648 1664,2648 1740,2648 1817,2648 1893,2649 1969,2649 2046,2649 2122,2651 2199,2651"/>
                <TextEquiv>
                    <Unicode>conscientiae, in qua cum non habetur DEVS, consolatio non inuenitur: Hoc</Unicode>
                </TextEquiv>
            </TextLine>
            <TextLine id="r4l70" custom="readingOrder {index:26;}">
                <Coords points="656,2707 2215,2715 2215,2674 2084,2664 656,2671"/>
                <Baseline points="665,2700 742,2700 819,2700 896,2700 973,2700 1050,2700 1127,2700 1204,2700 1281,2700 1358,2700 1435,2702 1512,2702 1589,2702 1666,2703 1743,2703 1820,2705 1897,2705 1974,2705 2051,2706 2128,2706 2205,2706"/>
                <TextEquiv>
                    <Unicode>est ergo principium excessiui timoris in peccatoribus, uidelicet nequitia, quae</Unicode>
                </TextEquiv>
            </TextLine>
            <TextLine id="r4l71" custom="readingOrder {index:27;}">
                <Coords points="662,2764 2207,2770 2149,2713 662,2724"/>
                <Baseline points="672,2753 748,2753 824,2753 900,2754 977,2754 1053,2754 1129,2754 1206,2754 1282,2754 1358,2756 1435,2756 1511,2756 1587,2757 1663,2757 1740,2757 1816,2759 1892,2759 1969,2760 2045,2760 2121,2762 2198,2763"/>
                <TextEquiv>
                    <Unicode>teste eorum conscientia, iudicat eos esse malos. Hic est primus effectus culpae</Unicode>
                </TextEquiv>
            </TextLine>
            <TextLine id="r4l72" custom="readingOrder {index:28;}">
                <Coords points="662,2821 1300,2819 1300,2788 1254,2794 1229,2769 1115,2784 787,2767 766,2785 662,2767"/>
                <Baseline points="672,2810 702,2810 733,2809 764,2808 795,2808 826,2808 857,2808 888,2807 919,2807 950,2807 981,2807 1011,2807 1042,2807 1073,2807 1104,2807 1135,2807 1166,2808 1197,2808 1228,2808 1259,2810 1290,2810"/>
                <TextEquiv>
                    <Unicode>sicut dicit poeta luuenalis lib. 5.</Unicode>
                </TextEquiv>
            </TextLine>
            <TextLine id="r4l73" custom="readingOrder {index:29;}">
                <Coords points="785,2870 1593,2889 1662,2859 1663,2824 785,2829"/>
                <Baseline points="794,2862 836,2861 879,2861 922,2861 965,2861 1008,2861 1051,2861 1094,2861 1137,2862 1180,2862 1223,2863 1265,2864 1308,2864 1351,2864 1394,2865 1437,2865 1480,2865 1523,2864 1566,2864 1609,2863 1652,2862"/>
                <TextEquiv>
                    <Unicode>Ext emplo quodcunque malum committitur, ipsi</Unicode>
                </TextEquiv>
            </TextLine>
            <TextLine id="r4l74" custom="readingOrder {index:30;}">
                <Coords points="783,2927 837,2940 860,2938 873,2924 927,2926 954,2916 964,2925 1095,2926 1095,2879 1041,2888 1027,2874 1004,2876 969,2896 956,2885 913,2889 890,2874 782,2883"/>
                <Baseline points="792,2916 818,2915 845,2915 872,2915 898,2913 925,2913 952,2913 979,2912 1005,2912 1032,2913 1059,2913 1086,2913"/>
                <TextEquiv>
                    <Unicode>Displicet actori.</Unicode>
                </TextEquiv>
            </TextLine>
            <TextLine id="r4l75" custom="readingOrder {index:31;}">
                <Coords points="699,2978 1828,2987 1892,2952 700,2933"/>
                <Baseline points="710,2972 768,2970 827,2970 885,2970 944,2969 1002,2969 1061,2969 1119,2970 1178,2970 1236,2970 1295,2970 1354,2970 1412,2972 1471,2972 1529,2972 1588,2973 1646,2973 1705,2973 1763,2975 1822,2975 1881,2975"/>
                <TextEquiv>
                    <Unicode>Prima est ergo ultio quod se iudice nemo nocens absoluit: </Unicode>
                </TextEquiv>
            </TextLine>
            <TextLine id="r4l76" custom="readingOrder {index:32;}">
                <Coords points="979,3032 1008,3030 1035,3048 1050,3032 1112,3031 1168,3048 1195,3031 1320,3031 1320,2987 1309,2985 1286,2996 1154,3000 1114,2980 1089,2994 979,2986"/>
                <Baseline points="989,3021 1015,3023 1042,3023 1069,3023 1096,3023 1122,3024 1149,3024 1176,3024 1203,3023 1229,3023 1256,3023 1283,3023 1310,3024"/>
                <TextEquiv>
                    <Unicode>improba quamuis </Unicode>
                </TextEquiv>
            </TextLine>
            <TextLine id="r4l77" custom="readingOrder {index:33;}">
                <Coords points="778,3087 1472,3089 1497,3050 938,3037 778,3055"/>
                <Baseline points="788,3080 823,3080 858,3080 893,3080 928,3080 963,3080 998,3080 1033,3080 1068,3080 1103,3080 1138,3080 1173,3080 1208,3080 1243,3080 1278,3080 1313,3081 1348,3081 1383,3081 1418,3081 1453,3081 1488,3081"/>
                <TextEquiv>
                    <Unicode>Sratia fallacis praetoris vicerit vrna.</Unicode>
                </TextEquiv>
            </TextLine>
            <TextEquiv>
                <Unicode>NARRATIS poenis multiplicibus, quibus afflicti fuerunt Ae
gyptij, tenebris palpabilibus circumsepti per triduum, intra quas
poenas una de maximis fuit timor, quo semper suspicabantur eis 
peiora superuentura supplicia, quam fuerunt praesentialiter iam il 
lata: In ista parte intendit assignare causam huius timoris suspicio 
si. Et circa hoc facit duo. Primo assignat huius timoris originem in generali: 
Secundo magis eam explanat in speciali, ibi: Cum sit enim timida. Circa primum
dicit. Frequenter enim praeoccupant pessima, redarguente conscientia, qui d. Aaec est.
causa tanti timoris in peccatoribus iam afflictis, ut non solum doleant de poe
nis praesentibus, sed magis timeant poenas futuras: quia tales frequenter prae
occupant: id est, concipiunt, pessima: id est, maxima poenalia eis inferenda, redar
guente conscientia, quae iudicat sibi poenam maiorem deberi, quam actualiter
infertur, lerem. 2. Arguet te malitia tua: Conscientia ergo laesa per culpam,
facit hominem praeoccupare: id est, concipere grauiora futura, quam patitur, 
ut plus torqueatur metu quam sensu. Vel potest pesima esse nominatiui casus
pessima: id est, grauissima tormenta praeoccupant malos, &amp; est sententia consi
milis. Consequenter illud magis explanat in speciali: Et ponit istius timoris 
principium, medium, &amp; effectum. Principium enim est, nequitia, quae est prin
cipalis origo timoris. Et quantum ad hoc dicit: Cum sit enim timida nequitiae.
data est in omnium condemnationem: in omnium videlicet malorum, uue peccan
tium condemnationem: Nam ipsamet nequitia poenam secum habet, ne aliquod 
in uniuerso deordinatum remaneat. Vnde Boëtius 4. de consola. prosa. 3. Sicut 
probis probitas ipsa est praemium: Ita improbis nequitia ipsa est supplicium. Et 
Aug. 1. confess. iussisti Domine, &amp; sic est, ut poena sit sibi omnis inordinatus
animus. Et de uera innocentia ca. 4. Nullae poenae grauiores sunt, quam malae
conscientiae, in qua cum non habetur DEVS, consolatio non inuenitur: Hoc
est ergo principium excessiui timoris in peccatoribus, uidelicet nequitia, quae
teste eorum conscientia, iudicat eos esse malos. Hic est primus effectus culpae
sicut dicit poeta luuenalis lib. 5.
Ext emplo quodcunque malum committitur, ipsi
Displicet actori.
Prima est ergo ultio quod se iudice nemo nocens absoluit: 
improba quamuis 
Sratia fallacis praetoris vicerit vrna.</Unicode>
            </TextEquiv>
        </TextRegion>
    </Page>
</PcGts>
