2371 3609
187 238 1735 304 fiteri debem, nos esse seruos suos. Vnde Chrysost. super Matth. 22. Reddite Cae
179 305 1740 354 sari, quae sunt Caesaris. Numisma Caesaris aurum est, numisma DEI homo. In soli
185 359 1751 411 dis uidet Caesar, in hominibus aut DEVS cognoscit. Ideo diuitias uestras date
190 410 1453 464 Caesari, DEO autem conscientiae uestrae innocentiam reseruate.
233 464 1773 524 Sed istis temporibus conscientiam habent nonulli quadrupliciter defecti
177 521 1741 570 uam. Habent enim quidam conscientiam dilatatam, quidam conscientiam in
180 574 1742 628 firmatam, quidam conscientiam perturbatam, & quidam conscientiam habent
182 631 1728 683 cauteriatam. Primo inueniuntur nonnulli, quorum conscientia est nimis dila
183 682 1741 736 tata, qui nunquam ponderant, nisi grossiora peccata, quorum conscientia est sicut
182 739 1750 804 rete habens larga foramina, ubi non comprehenduntur nisi pisces maiores: sed
176 793 1738 843 minores semper euadunt: tales non ponderant odiosa iuramenta, imo nec men
182 844 1750 900 dacia, periuria, nisi forte coram iudice super librum. Mendacia nullius momenti
171 901 1735 951 sunt apud tales, nisi cedant in diffamationem proximi. Furtum non est eis ma
179 963 1751 1015 gni ponderis, si sit de bonis regis, uel alicuius alterius magni: sed tantum si de
175 1008 1737 1067 bonis pauperis fiat furtum, etiamsi fiat de bonis personalibus, furtum remor
174 1075 1735 1126 det conscientia: sed si de bonis alicuius comunitatis non remordet, nec rema
167 1118 1747 1170 net in conscientijs quorundam, ut peccatum alicuius ponderis, qui nimis dila
175 1176 1735 1224 tant conscientias suas, dicentes GGenes. 43.] Non est in conscientijs nostris, quis
183 1228 1743 1277 eam uidelicet pecuniam posuerit in marsupijs nostris. Alij sunt qui habent con
169 1281 1751 1334 scientiam satis infirmatam per oppositum, qui non solum peccata magna pon
167 1335 1749 1382 derant, sed etiam parua, sicut debent, & plus iusto: & quae non sunt peccata, iudi
176 1386 1744 1451 cant esse peccata, & haec conscientia frequenter Diabolo instigante generatur,
169 1455 1743 1511 qui sic inducit homines ad perplexitatem peccandi: quia quicquid contra com
170 1500 1748 1548 scientiam fit, etiam erroneam, aedificat ad gehennam, & hoc est conscientia in
164 1548 1746 1606 firma, quam Apostolus prohibet, 1. Corinth. 8. Percutientes conscientiam eo
181 1616 1746 1660 rum infirmam, in CHRISTVM peccatis: & tales uidi tentatione cessante fre
170 1660 1772 1718 quenter habuisse conscientiam nimis largam. Tertio sunt, qui habent conscien
148 1714 1764 1759 tiam perturbatam, qui propter comissa desperant. Contra quos Bern. sermone
178 1770 1748 1836 62. super Cantic. Quid efficacius ad conscientiae uulnera, necnon ad purgandum
175 1818 1749 1880 aciem mentis, quam CHRISTI uulnerum sedula meditatio. Et idem: Turbabor,
179 1878 1753 1931 sed non perturbabor: quia uulnerum Domini recordabor, 1. Cor. 1. Omne quod
170 1932 1740 1985 in macello uenit manducate, nihil interrog. propter conscientiuo de ista conscien
174 1980 1772 2039 tia dicit in litera, semper praesumit saeua perturbata conscientia. Quarto sunt qui
171 2043 1751 2093 dam qui habent conscientiam cauteriatam, & hi ponderant parua, sed de magnis
156 2109 1760 2157 nihil curant. Tales fuerunt Pharisaei decimantes mentam, & rutam, & omne
162 2160 1758 2214 olus, & grauiora legis praetermittentes, Matth. 23. Et hi sunt hypocritae, de qui
163 2200 1759 2257 bus prophetauit Apostolus, 1. Timoth. 4: quod in nouissimis diebus uenient
169 2254 1751 2317 quidam hypocritae loquentes mendacium, & cauteriatam habentes conscien
165 2323 1749 2369 tiam. Nos ergo huiusmodi quadruplicem conscientiam deponentes, faciamus
171 2373 1753 2428 quod scribitur Hebrae. 10. Accedamus cum uero corde, & in plenitudine fi
175 2416 1533 2475 dei aspersi corde a conscientia mala, & abluti corpus aqua munda
