2371 3609
848 241 2176 293 EC est quarta pars huius Capituli, in qua agit de ueritate novae
844 293 2175 377 plagae illatae Aegyptijs per tenebras palpabiles, tribus dieb. duran
852 346 2185 403 tes. Vnde postquam actum est de istius, plagae immensitate: In i
855 400 2181 465 sta parte agitur de eiusdem uniuersitate. Et diuiditur processus i
866 454 2193 521 ste in tres partes. Nam primo ostenditur quod poena illa fuit uni
614 512 2185 580 uersalis, quantum ad tempora: Secundo quod fuit uniuersalis quantum ad per
610 566 2189 633 sonas: Tertio quod fuit uniuersalis quantum ad causas. secunda pars ibi: Si
613 644 2192 704 quisquam. tertia ibi: Sibilans spiritus. Primo ergo quantum ad tempus, osten
619 673 2195 742 ditur magnitudo illius poenae quantum ad hoc, quod durantibus illis tenebris,
619 739 2194 797 nullum dabatur Aegyptijs tempus solatij, uel quietis: quia siue esset tempus
622 782 2197 849 uigiliarum, siue dormitionis, semper exagitabantur timore, unde dicit sic: Ii
611 838 2183 904 autem: id est, Aegypti, qui in potentem venere noctem: id est, in illas tenebras ad
617 891 2182 959 modum noctis se habentes, quae potenter eos omnes ligauit, & ab insimis &
616 961 2190 1012 altissimis superuenientem. Quia tenebrae iuae causabantur partim ab infimis,
628 999 2184 1083 quasi de uaporibus, de terris ascendentibus, & partim ab altissimis: id est, cor
618 1066 2187 1135 poribus coelestibus lumen suum subtrahentibus: Sicut absentia gubernatoris
622 1108 2193 1175 nauis dicitur esse causa submersionis nauis: eundem somnum dormientes: id
614 1177 2184 1231 est, eandem noctem, uel teneoras patientes: aliquando monstrorum agitaban
614 1219 2193 1284 tur timore, uidelicet in somnis, sicut frequenter contingit dormientibus per
622 1273 2185 1338 horribiles uisiones: aliquando autem puta in uigilia, animae deficiebant tra
616 1345 2187 1396 ductione: id est, successiua mutatione, de una imaginatione ad aliam: sicut e
624 1405 2187 1446 uenit existentibus in tenebris, & sic deficiebant traductione animae: id est, ta
621 1448 2190 1507 si uariatione animae. Vel deficiebant traductione animae: id est, morte, per
622 1504 2185 1565 quam animae traducebantur de uita ad mortem, uel de corpore ad infer
621 1546 2191 1607 num, uel de sensu ad insaniam: quia fiebant forte dementes prae timore, &
615 1599 2188 1661 noc: quia subitaneus illis, in ipsa dormitione, timor superuenerat, & ideo
621 1660 2182 1719 magis laedebantur. Tum quia improuisus: tum quia a causis superiori
621 1711 2192 1769 bus, quae praecaueri non poterant. Alia litera habet sic: Illi autem qui im
614 1774 2184 1839 potentem venere noctem, scilicet patiebantur, & dicitur quod nox illa erat ue
623 1823 882 1889 re impotens
667 1877 2182 1933 Eundem somnum dormientes.] Somnus inSacra scriptura signat peccatum, &
619 1927 2180 1996 dormiens peccatorem, Roman.13. Hora est iam nos de somno surgere. Et E
622 1988 2185 2053 phes. 5. Surge qui dormis & exurge a mortuis, & illuminabit te CHRI
616 2049 2179 2106 STVS. Vbi notandum quod communiter & conuenienter peccatum com
622 2105 2185 2162 paratur somno propter quatuor rationes: uidelicet propter somni causatio
622 2144 2189 2203 nem, propter somni interpretationem, propter sensuum ligationem, & pro
628 2198 2192 2268 pter iudicij deceptionem. Primo ergo somnus dicitur figuratiue peccatum
625 2267 2186 2323 propter somni causationem: Causatur enim somnus ab euaporatione ascen
626 2307 2191 2368 dente ad cerebrum. De nutrimento quidem uapor per calorem ascendit, sed
621 2372 2184 2429 cum ad cerebrum peruenerit, propter cerebri frigiditatem infrigidatur ibidem:
621 2416 2189 2472 & cum natura illa fuerit grauis propter congelationem nititur descendere.
625 2472 2186 2527 Descendens uero per uenas obstruit uias spirituum, per quos sensus habent
629 2524 2190 2581 exercere actus suos, & sic causatur impotentia sentiendi, & retractio caloris ad
621 2582 2182 2635 interius, & hoc est sensus priuatio, uidelicet actus sentiendi per euaporatio
621 2631 2180 2689 nem sic eleuatam de nutrimento, & postea infrigidatam: sicut declarat Aristo
626 2686 2190 2754 tel. 1. de somno & uigilia per septem signa. Vbi ostendit consequenter, quod
625 2754 2188 2797 triplex dispositio hominis corporalis facit hominem somnolentum naturali
630 2807 2187 2861 ter, uidelicet si habet caput graue. Vnde animalia habentia parua capita, & pa
619 2861 2194 2905 rum de cerebro parum dormiunt: sicut aues & animalia habentia cerebrum
618 2906 2181 2966 siccum secundum Aristotel. Sed si homo habet caput grande, collum breue,
619 2959 2192 3014 & uenas graciles, est naturaliter somnolentus: quia si uenae sint graciles, eua
616 3027 2185 3083 poratio calida & subtilis faciliter ascendit ad cereprum: & eadem euaporatio
610 3087 2181 3136 infrigidata in capite, & ingrossata difficulter descendit propter gracilitatem ue
