2371 3609
398 1040 1707 1113 STEVSO in parte praecedente, quod poena tenebrarum erat uni
404 1110 1711 1181 uersalis in Aegypto per triduum, & hoc ex parte temporis: In ista
394 1162 1680 1233 parte ostendit quod fuit similiter uniuersalis, ex parte personarum.
447 1201 1717 1288 E: circa hoc duo facit: Primo ostendit quod fuit uniuersalis,
416 1270 1714 1343 quantum ad operarios & rurales. Secundo quod fuit uniuersalis,
164 1327 1713 1399 quantum ad orrnes. secunda ibi: Vna enim catena. Circa primum, primo tan
165 1375 1712 1438 puntur operarij, & rurales indistincte. Secundo distincte ibi: Si enim rusticus.
164 1403 1710 1502 Dicit ergo primo sic: Deinde si quis ex illis: id est, Aegyptijs praecipue operarijs,
170 1486 1713 1543 qui foris erant, dicidisset fortem in toueam, custodiebatur ibi per tenebras quasi in
163 1541 1714 1592 carcere reclusus sine ferro. Vnde si fuit rusticus: id est, colens siue custodiens ru
170 1594 1713 1667 ra, aut pastor animalium aut porcorum, aut etiam laborum agri operarius, quali
168 1644 1713 1700 tercunque scilicet, qui operabatur in laboribus, ex agris collectis: sicut quae col
170 1689 1723 1768 lectas fruges triturant, si quis talium esset praeoccupatus: id est, praeuentus foris
158 1757 1727 1829 per tempestatemtenebrarum, ineffugabilem: id est, quam nullo modo fugere
169 1810 1714 1864 poterat sust inebat necegitatem. Et additur de ista poena sic: Vna enim catena te
168 1862 1713 1935 nebrarum: id est, consimili catena tenebrarum omnes erant colligati. Litera est satis
171 1901 1725 1974 plana. Circa illam particulam: Custodiebatur in carcere. Notandum quod in
164 1968 1710 2021 Sacra scriptura legimus de quadruplici carcere. Est enim carcer corporalis co
170 2026 1705 2089 arctationis, consuetudinalis oppressionis, medicinalis expurgationis, & infer
168 2077 1732 2131 nalis condemnationis. Primo corpus nostrum est quasi carcer ipsius animae:
171 2121 1714 2201 Persona namque incatcerata, quantumcunque libera uel nobilis, non exequitur
170 2189 1721 2240 uel utitur sua libertate, sed secundum carceris leges coarctatur. Eodem modo
171 2228 1718 2308 spiritus rationalis, qui est anima, natus est esse liber, & corpori dominari, non
176 2290 1717 2345 subijci: quoniam idemspiritus DEO debite subijci noluit, corpori subditus, de
169 2347 1714 2405 palatio corporis sibi fecit carcerem, in quo passionibus & tentationibus coar
166 2400 1715 2458 ctatur in tantum, ut sancti uiri iam dissolui desiderarent, & esse cum CHRISTO,
170 2456 1717 2507 dicente Apostolo ad Philip. 1. Coarctor enim de duobus, desiderium habens
164 2504 1728 2551 dissolui, & esse cum CHRISTO. Et hoc est quod dicit Senem. epistola 10 1. Cor
164 2558 1717 2620 pus hoc animi pondus est, & poena, premente illo urgetur, in uinculis est: Et
162 2609 1726 2667 ideo dicit Plato, quod in hoc maxime manifestus est philosophus, si animam
171 2664 1719 2719 absoluit a corporis communione, differentius alijs hominibus. Et uult dicere
158 2719 1738 2768 quod anima in praesenti non potest totaliter a corporis communione absolui:
176 2768 1722 2821 Nam esurimus & sitimus, & fatigamur frequenter, quibus necessitatibus opor
169 2830 1726 2875 tet praeuidere de remedio: Sed a passionibus uoluptuosis oportet uerum phi
170 2869 1728 2930 losophum animam suam absoluere, & nequaquam in talibus corpori assenti
174 2936 1732 3002 re. De isto carcere petit Psalm. educi, dicens: Educ de carcere animam meam,
167 2989 1733 3037 ad confitendum nomini tuo. Glossa: Corpus quidem carcer est, non utique se
179 3047 1731 3107 cundum illud quod DEVS fecit bonum, sed secundum quod corrumpitur, &
