2371 3609
888 216 2203 282 ECRARATO de poena timoris tempore tenebrarum, quae fuit
875 275 2190 343 uniuersalis Aegyptijs, tam ex parte temporis, quam ex parte per
882 345 2195 395 sonarum. In ista parte declarat tertio, quod fuit uniuersalis ex parte cau
885 392 2201 451 sarum, & ponuntur 7. causae illatiuae timoris. Non quidem ex natura
886 439 2201 496 sua, sed ex conditione Aegyptiorum, tunc temporis in tenebris exi
655 490 2190 553 stentium: quia perturbata conscientia semper praesumit saeua. Ideo etiam illa quae
669 557 2191 609 ex natura bonis hominibus praestant solatium, conscijs sibiipsis de malitia pro
665 617 2200 672 pria, praestant metum, sed causa mouens ad timorem stat uel in aëre, uel in aqua,
662 665 2195 712 uel in terra: id est, iuxta terram in alto aëris. Duae differentiae ibi erant. Sonus
664 719 2193 775 uentorum, & cantus auium. Quantum ad primum dicit: Siue spiritus sibilans.
661 770 2193 826 id est, uentus leuiter flans. Quantum ad secundum dicit: Aut inter spissos arborum
662 827 2189 872 ramos. Sed qualiter erit terribilis, si erat suauis. Sibilus enim uenti uel suauitas
670 879 2205 931 cantus est, maxime delectabilis: quia non inducunt timores, sed quia differenter
656 942 2202 986 aliquando siunt, possunt aues infestae & feroces dulciter canere, ut est cantus Sy
657 981 2196 1033 renum. Ideo propter causas ignotas, ut fiebant sibilus, & cantus terribilis erat
662 1028 2201 1093 eis. Et ideo dicit: Inter spissos arborum ramos: quia spissitudo crudelis negotui
665 1081 2204 1139 significat absconsionem. Secundo in aqua fuit duplex differentia causarum
671 1144 2197 1192 deterrentium. Vna ex impetu aquae, alia ex collisione petrarum contentarum
661 1198 2202 1251 in aqua. Quantum ad primum dicit sic, aut uis aquae quaecurrentis nimium: id est,
667 1243 2198 1302 impetuose uel nimium irruentis a sublimi in profundum. Quantum ad secun
664 1308 2205 1362 dum dicit, aut sonus validus praecipitatarum petrarum des. uidelicet per uim
664 1362 2189 1412 aquae. Tertio in terra: id est, prope terram erat triplex differentia causarum, eos de
666 1406 2191 1461 terrentium: quia triplex sonus eos perturbabat, unus per motum animalium loca
660 1462 2203 1526 lem, alius per motum animalium uocalem, & tertius per motus uocales simi
662 1515 2205 1578 situdinarie. Quantum ad primum dicit: aut ludentium animalium cursus inui sus, &
662 1568 2199 1627 ideo timebant ne ab animalibus conculcarentur. Quantum ad secundum dicit,
658 1633 2196 1685 a mugientium valida bestiarum vox. De tecuo dicit: aut resonans de altissimis mon
667 1674 2202 1727 tibus Echo: ista igitur omnia defi. faci. &c. Circa generationem Echo, notanda
665 1729 2206 1795 sunt duo, unum est naturale, aliud fabulosum. Naturalem autem generationem
665 1780 2196 1834 ipsius Echo declarat Aristot. 2. de Anima, correspondente comento 8. Est enim
662 1837 2193 1896 secundum comentatorem iteratio soni, conseruando figuram suam, & sit ab
664 1888 2203 1942 aëre percusso, & sonante cum reflexione ad aliquod obstaculum, maxime con
659 1945 2192 1995 cauum. Ponit autem ad hoc exemplum Aristinus de Lumine: Lumen multiplica
669 2000 2204 2049 tum in aëre, & reflexum ad aliquod politum reflectitur uersus illam partem, in
669 2050 2202 2114 qua generatur: sicut manifestum est in corpore luminoso, quod illuminatur,
668 2102 2197 2166 non solum perradios incidentes, sed per radios reflexos: aliter esset umbra,
664 2166 2200 2233 ubicunque non incidunt radij Solis. Aliud exemplum est in aqua. Si enim la
663 2215 2196 2277 pillus proijciatur in aquam, siunt multae circulationes ubi cecidit lapillus, &
670 2267 2199 2317 minor circulus pellendo causat maiorem, & ille alium: & sic deinceps, donec
662 2321 2193 2367 deficiat uirtus primi pellentis. Si autem circulationes illae occurrant alicui ob
662 2368 2201 2420 staculo, priusquam uirtus primi pellentis deficiat, repercutiuntur, & siunt cir
662 2426 2208 2473 culationes uersus locum, ubi prima percussio facta est per lapidem. Eo
662 2481 2198 2535 dem modo, quando ex percutiente & percusso sit sonus in aëre, ille sonus mul
662 2535 2197 2580 tiplicatur, & sonus iste generat alium, & ille alium circulariter, quamdiu du
663 2585 2202 2634 rat uirtus primi percutientis. Si autem occurret alicui obstaculo, quod transi
655 2639 2198 2713 re non posset, reflectitur sonus ueniendo per idem medium, per quod iuit us
673 2700 2203 2758 que ad locum suae generationis, conseruando figuram primo causatam, & ista
665 2746 2196 2803 iteratio soni est Echo. Fabulose loquendo Echo narrat Ouid. 3. Metamorph
674 2794 2206 2872 Fuit enim virgo quaedam mirae eloquentiae, quae lunonem longa narratione
657 2854 2204 2902 detinere solebat, dummodo lupiter in montibus adulteria sua fecit cum pu
669 2913 2205 2974 ellis. Impediebatur igitur luno per narrationes ipsius Echo, ne deprehendere
656 2965 2209 3016 posset istas puellas ipsis fugientibus. Iunone detenta per narrationes ipsius
655 3011 1339 3080 Echo, tandem luno hoc percepto:
