2371 3609
421 251 1756 308 ECRARATO superius quod palpabiles tenebrae durantes per
422 316 1747 375 triduum, afflixerunt Aegyptios uniuersaliter sine exceptione: hic
434 363 1749 414 ostendit quomodo afflixerunt eos singulariter, sine aliorum pertur
436 417 1755 470 batione. Et circa hoc tria facit: unum est, quo praeter partes Aegypti
430 478 1750 522 totus mundus utebatur, & gaudebat sufficienter illo tempore lu
187 525 1753 579 cis beneficio. Aliud est, quod soli Aegyptij puniebantur tunc temporis tenebrarum
181 581 1759 647 supplicio. Tertium est que poena illa fuit eis illata iusto DEI iudicio. secunda pars
189 634 1745 683 ibi: Solis autem. tertia ibi. Ipsi igitur. Circa primum dicit sic: omnis enim orbis terra
186 681 1749 736 rum, &c. omnis (inquit) orbis terrarum praeter Aegyptum, imo praeter loca in qui
188 740 1759 812 bus Aegyptij morabantur, limpido illuminabatur lumine intantum, quod homines
187 799 1757 848 ubicunque locorum praeterquam in Aegypto uidere potuerunt sufficienter, ad quae
188 851 1760 901 cunque opera exequenda. Et hoc est, quod dicit, quod non ab impeditis operibus con
188 909 1758 954 tinebatur. Exo.10. Vbicunque erant filij Israel lux erat. De secundo dicit, quod solis
182 960 1740 1012 illis superposita erat grauis nox: i. nebulosa & palpabilis tenebrarum obscuritas.
187 1015 1749 1064 Nox, dico existens imago: id est, signum & figura tenebrarum infernalium, quae super
187 1073 1749 1143 uentura illis erat: id est, in inferno futura. De tertio dicit sic: Ipsi ergo erauiores si
189 1125 1769 1184 bi erant tenebris. Et fit hic mentio de triplici genere tenebrarum, videlicet, de te
194 1174 1768 1233 nebris materialibus in praesenti, quae fuerunt in Aegypto in aëre. De tenebris
187 1232 1739 1283 spiritualibus quae sunt peccata, quae fuerunt Aegyptijs in mente: & de tene
194 1286 1750 1336 bris infernalibus, quae sunt aggregatae ex utrisque in inferno. Tenebrae ergo cul
194 1341 1752 1405 pae fuerunt causa tenebrae poenae: & quia culpa plus habet de malo, quam poe
186 1394 1746 1459 na, dicit: Quod Aegyptij peccatores & tenebrosi intrinsecus per peccatum erant
182 1451 1764 1515 sibiipsis grauiores tenebrae, quam tenebrae materales exteriores. Vel ipsi erant sibi
187 1501 1339 1570 grauiores tenebris, scilicet materialibus: & est idem sensus.
269 1552 1741 1607 orauiores autem tenebris erant.] Nota quod peccata in scriptura Sacra per
194 1610 1734 1662 tenebras designantur quadruplici ratione. Sunt enim tenebrae corporales, cau
187 1667 1740 1730 sa erroris & deceptionis, causa terroris & stupefactionis, causa languoris &
187 1728 1743 1784 desolationis, causa torporis & dormitionis: & consimiliter est de peccatis. Pri
190 1774 1744 1827 mo ergo tenebrae corporales sunt causa erroris & deceptionis. Vnde qui am
193 1820 1754 1882 bulant de nocte faciliter cadunt, Ioh. 12. Qui ambulat in tenebris, nescit quo
193 1880 1751 1946 uadit. Et generaliter nullus operarius, nullus artifex in tenebris potest ire ad
191 1938 1743 2001 artem suam sine erroris periculo: unde Martialis in epigram. lib. 5. Pictor qui
196 1989 1758 2045 dam redargutus a quodam parasito. Quare cum pulcherrimas imagines depin
187 2054 1757 2110 geret, turpissimos tamen generaret filios. Ille respondit trufando, dicens: quo hoc
190 2112 1760 2153 esset ideo: quia generaret in tenebris, & pingeret in luce. Vnde autor dicit sic:
328 2153 1133 2227 Saba bonus pictor homines pinxisse decoros
374 2204 1086 2279 Fertur, & indecoros progenuisse duos.
187 2257 1710 2308 Cui ait parasitus: Miror bone Gaba cur melius pingas, quam facias homines:
320 2322 1115 2369 Non debet mirum respondit Saba videri.
362 2367 1002 2434 Fingo die clara, nocte viros facio,
179 2398 1767 2487 In tantum autem tenebrae decipiunt homines occasionaliter. Quod omnis
194 2489 1742 2543 qui male agit odit lucem, eo quod in tenebris potest in malefactis se protege
186 2538 1750 2597 re, & alios improuisos circumuenire: imo ipsam uerecundiam, quae est quod
184 2597 1742 2651 dam uirtutis propugnaculum, tenebrae auferunt & expellunt, & ideo gene
187 2657 1756 2706 raliter omnia uitia magis exercentur de nocte, & crebrius quam de die. De no
193 2697 1757 2758 cte Loth cum filiabus incestum commisit, Gen.19. De nocte Myrrha patri se
182 2763 1746 2814 supposuit propter incestum, a quo impraegnata, & postea in arborem sui nomi
195 2815 1386 2861 nis mutata est ut dicit Ouid. 10. Metam. lib. 10. ubi dicitur:
323 2869 1116 2927 Et tenebre minuunt noxque atra pudorem.
195 2908 1753 2967 De nocte & tempore tenebrarum CHRISTVM coeperunt ludaei, Luc. 22:
181 2963 1755 3020 Haec est hora uestra, & potestas tenebrarum. In tenebris Troia capta fuit pro
194 3025 1758 3087 dentibus VIysse, Antenore, & Aenea, sicut narrat Dares Phrygius de Troiana
189 3072 1752 3131 Historia versus finem. Vnde etiam Iob 24. Perfoderunt in tenebris domos,
