2371 3609
182 229 1735 305 bantur autem pro duobus, uidelicet pro sui impunitione, & liberatione & ab
173 311 1730 363 hostium potestate. Quantum ad primum dicit sic: Et quia non ipsi, sed Hebraet
177 365 1726 430 per eadem passi sunt, cum Aegyptijs, magnificabant te, Exo. 15. Cantemus Do
183 418 1728 472 mino, gloriose enim magnificatus est. Quantum ad liberationem ab hostium
175 473 1728 537 potestate subdit: Et qui ante lesi erant sub seruitio Pharaonis, Exod. 1. quia non
184 521 1730 579 ledebantur a plagis istis, gratias agebant tibi, & sequitur eorum deprecatio. Fuit
175 580 1722 648 autem eorum deprecatio, quod esset differentia, inter illos & Aegyptios: id est.
189 638 1729 687 ut non sic tractarentur, sicut Aegyptij, nec sic tractari mererentur: & hoc est
182 701 1726 754 quod dicit: Et vt esset differentia te DEVM petebant, gratias agebant. Circa gra
181 743 1726 810 tiarum actionem notanda sunt tria. Primo qualiter DEO gratiarum actio est
182 799 1720 848 reddenda. Secundo de qua materia est sumenda. Tertio qualiter gratiarum actio
172 853 1737 914 est explenda. Circa primum est sciendum quo regratiari uel gratias agere DEO, est
181 905 1729 956 actus multum comendabilis, utpote quia est beatorum operatio, perceptorum
176 969 1729 1013 augmentatio, diuinitatis protestatio, & nostrae necessitatis demonstratio. Pri
177 1013 1766 1080 mo ergo DEO regratiari est propria operatio beatorum, qui ad nihil aliud va
174 1079 1742 1134 cant, nisi ad DEVM laudandum, & ei de collatis beneficijs regratiandum. Et
176 1122 1739 1172 ideo illud artificium bonum est addiscere, de quo in perpetuum oportet nos
175 1181 1740 1227 uiuere. Qui enim ad curiam regis debent transire, tempestiue conditiones curiae
176 1231 1729 1297 debent addiscere. Eodem modo nos conuenit in praesenti gratiarum actionem
177 1281 1735 1335 addiscere, ut sciamus qualiter nos in patria debeamus habere: quia Esaiae 51
182 1342 1726 1399 dicitur: Gaudium & laetitia inuenitur in ea, gratiarum actio, & uox laudis. Se
179 1402 1764 1459 cundo gratiarum actio deuota est bonorum a DEO receptorum augmentatio. Nam sic
181 1445 1764 1496 DEVM maxime prouocamus ad dandum maiora, si de praeceptis gratias refe a
170 1504 1727 1552 ramus. Vnde Bern. Ad locum unde exeunt flumina gratiarum, reuertuntur, ut ite
170 1566 1735 1619 rum fluant. Agricola nimirum illam terram diligentius colit & seminat, quae fru
186 1607 1731 1660 ctum reddit uberius: & quanto terra est foecundior, tanto meliori semine semi
173 1662 1738 1716 natur. Moraliter homo est quasi ager DEI,Corinth. 3. DEI agricultura estis.
169 1716 1735 1769 Ipse enim est sicut agricola, iohannis 15. Pater meus agricola est: quanto ergo
168 1771 1728 1822 maiorem fructum per gratiarum actionem persona rependit, tanto ei liben
162 1838 1745 1890 tius dona sua tribuit. Et ideo optimus modus impetrandi est, gratias agere
176 1888 1731 1933 de acceptis. Et per oppositum, qui non agunt gratias de receptis, merentur
174 1949 1740 2002 puniri, & priuari iam habitis, testante Apostolo, Roman. 1. de Philolophis,
172 1984 1743 2045 qui cum cognouissent DEVM, non tamen sicut DEVM glorificauerunt,
174 2042 1737 2097 aut gratias egerunt, sed euanuerunt in cogitationibus suis, & obscuratum est
169 2094 1738 2151 insipiens cor eorum. Vbi dicit Augustinus, quod DEVS dedit gratis, tol
175 2145 1728 2206 lit ingratis. Exemplum enim habemus de Excechia, Esaiae trigesimooctauo
181 2216 1733 2273 qui punitus fuit propter ingratitudinem. Cum enim dedisset ei Dominus
174 2270 1734 2324 triumphum incredibilem, & percussit centum octuagintaquinque millia in
169 2324 1734 2376 castris Sennacherib, licet secundum Iosephum hostias cum populo immo
172 2370 1746 2431 lasset, non tamen digne gratias egit, nec canticum inde cantauit, sicut patres
170 2423 1765 2479 illo tempore consueuerunt. Tertio gratiarum actio est quaedam diuinae ma
162 2485 1765 2539 iestatis protestatio. In hoc enim quod DEO de suis beneficijs regratiamur, cum a
169 2532 1741 2593 Dominum nostrum & capitaneum protestamur. In cuius figura adeps in sacri
169 2593 1734 2647 ficijs soli DEO offerri debuit, Leuit. 3. Omnis adeps Domini est iure perpe
175 2643 1748 2699 tuo. Vnde & CHRISTVS uolens de quinque panibus festum facere, quod non fuit
173 2687 1750 2748 festum humanum, sed diuinum, gratias agens, fregit & dedit discipulis suis, ut
176 2748 1737 2803 apponerent turbae, Mar. 8. Quarto gratiarum actio est nostrae necessitatis
167 2814 1734 2862 demonstratio. Qui enim regratiatur, suam necessitatem protestatur. Et haec
168 2851 1728 2908 est ratio moralis, quare Decimae institutae fuerunt, & DEO specialiter dedi
169 2920 1741 2964 catae: Est enim decem limes & perfectio numerorum: & ideo dum nobis no
163 2958 1746 3022 uem retinemus, & DEO decimum damus, imperfectionem nobis esse fatemur,
173 3014 1747 3071 & omnem perfectionem soli DEO attribuimus. Eodem modo dum DEO gra
163 3078 1742 3134 tias agimus de receptis, protestamur quom nihil nisi de eius munere possidemus.
