2371 3609
640 173 2195 239 tur: dicit ergo: Illa nox, qua mortua sunt primogenita Aegyptiorum, cognita est
640 229 2195 286 a patribus nostris: scilicet de nis reuelante, vt vere scientes, quibus iuramentis: id
640 297 2189 349 est, firmis promissionibus, crediderunt: animae quietiores essent: id est, magis pa
638 352 2201 403 tientes: Nam certitudo de liberatione futura facit hominem magis patientem
648 387 2186 451 in iniuria siue in iniutijs: suscepta est a populo tuo sanitas quidem iustorum: id est,
652 443 2206 504 debita iustis: Iniustorum autem ex terminatio: quasi diceret: Vtrumque istorum
647 497 2196 558 scilicet, iustorum sanitas, & iniustorum exterminatio, factum est ad utilitatem
649 552 2195 624 populi tui. Nam sicut eiecisti aduersarios nostros: id est, Aegyptios, sic nos prouo
656 612 1716 677 cans magnificasti: id est, te Domine magnificare fecisti.
710 672 2197 727 Vno filio exposito: id est, liberato. Extra de infantibus & languidis exposits.
659 713 2202 772 Si a patre. De expositone talium sic determinant iura. Si a patre siue alio scien
655 784 2193 829 te, aut ratum habente de negato pietatis officio, infans expositus extiterit, hoc
651 823 2184 879 ipso a potestate Patris est liberatus. Nam in hoc casu ingenuitatem libertus
662 875 2190 934 & seruus in libertatem eripitur: id est, de languidis cuiuscunque fuerint aeta
654 945 2205 995 tis. Moraliter mundus iste filios suos tractat diuersimode: quosdam sibi appli
657 997 2205 1046 cat & praeficit, quosdam abdicat & exponit. Applicat sibi diuites, & abdicat
649 1034 2200 1109 pauperes, sicut Aegyptus filios Aegyptiorum saluauit, & filios Israel submer
653 1092 2190 1150 sit, & tamen de isto nocumento prouenit unum lucrum. Nam diuites rema
658 1150 2198 1203 nent in tutela mundi, semper subiecti ipsius potestati, sed certe pauperes exi
655 1202 2197 1256 muntur a mundi huius potestate, eo ipso quod a mundi huius amicitia de
652 1255 2203 1311 seruntur. Et sicut quem impius & crudelis pater naturalis exponit, pius & ge
654 1311 2200 1373 nerosus homo interdum adoptat: ita quem mundus exponit DEVS adoptat,
658 1364 2200 1423 & a seruitute mundi liberat. Roman. 8. Non enim accepistis spiritum seruitu
654 1430 2204 1485 tis iterum in timore: sed accepistis spiritum adoptionis filiorum DEI in quo
659 1472 1141 1537 clamamus, Abba pater.
713 1526 2215 1578 Circa illam clausulam: Scientes quibus iuramentis crediderunt] Notandum
667 1588 2210 1649 quod bona credulitas siue fides quatuor impetrat fore appetenda. Procurat
666 1648 2190 1689 enim fides bene credenti peccatorum remissionem, daemoniorum confusio
659 1703 2204 1743 nem, optatorum consecutionem, & electorum benedictionem. Primo enim
663 1741 2203 1796 fides confert credenti peccatorum remissionem, Actu 10. de CHRISTO di
656 1806 2195 1862 citur: Huic omnes prophetae testimonum perhibent, remissionem peccato
667 1851 2209 1904 rum accipere per nomen eius omnes qui credunt in eum. Exemplum Ionae 3
674 1903 2191 1958 Crediderunt uiri Niniuitae Domino, & praedicauerunt ieiunium, Docet Ari
661 1960 2196 2013 stot. primo Rhetorice in principio, quod tria sunt quae faciunt dictum alicu
661 2018 2197 2065 ius credibile, quamuis non demonstratiue loquatur, uidelicet prudentia, uir
660 2067 2196 2120 tus, & beneuolentia. Cuius causa est secundum eum: quia propter opposita
665 2120 2193 2174 istorum discredimus alicui, non demonstratiue loquenti uidelicet. Aut pro
666 2185 2198 2242 pter imprudentiam, quia reputamus eum ignarum: aut propter malitiam, quia
662 2228 2209 2283 quamuis uerum sciat, non tamen est amicus ueritatis, & iustitiae: aut propter
660 2281 2199 2337 defectum beneuolentiae, quia in casu licet sit prudens & uirtuosus, non tamen
660 2347 2202 2402 reputamus eum ita beneuolum, quod uelit nobis consulere, quod nobis ex
671 2393 2207 2459 pediens iudicat. Sed quando ista tria concurrunt in consiliario scilicet, quod
675 2445 2205 2494 reputamus eum prudentem, uirtuosum, & nobis beneuolum, tunc absque du
662 2497 2207 2550 bio credimus dictis eius, quamuis ea nequaquam demonstret. Sic de CHRI
663 2560 2201 2609 STO loquamur, quo uenit in mundum persuadere, & praedicare, non dicta sua
662 2603 2209 2662 scientifice demonstrare, & ideo doctrina sua non scientia, sed fides nominatur.
665 2659 2202 2716 Sunt tamen dicta sua nihilominus credibilia, propter tres rationes praedictas.
672 2712 2198 2770 Tum quia in eo uigumprudentia, cum esset sapientia DEI Patris: tum quia in
656 2780 2213 2825 eo fuit uirtus: quia omnia bene fecit, Mar. 7. tum quia in eo fuit beneuolentia
650 2825 2205 2878 ad nos: quia dilexit nos, & lauit nos a peccatis nostris, in sanguine suo, Apoc.
640 2875 2127 2931 1 & ideo signanter dicit Psal. Testimonia tua credibilia facta sunt nimis
639 2937 2201 2987 . Secundo operatur fides daemoniorum confusionem, Mar. ult. Signa eos qui
640 2985 2210 3038 in me crediderint, sequentur: In nomine meo daemonia eijcient. Et ideo fides
