2371 3609
652 220 2212 292 & dicitur: dulcarnon a dulia carnis, id est, ab immolatione carnis tauri, quem
651 280 2199 327 idem philosophus imolauit loui, ob inuentionem dictae conclusionis. Ab hac er
652 335 2198 395 go conclusione habeo, quod totus triangulus ab uno angulo recto trianguli,
662 390 2206 438 denominatur rectangulus. Et eodem modo est de anima humana moraliter
662 434 2192 493 Anima enim humana triangularis esse dinoscitur, per memoriam, intelligen
665 494 2206 560 tiam, & uoluntatem. Vnde August. 10. de Trini. cap. 18. nulla istarum perso
663 545 2203 600 narum seu virium dicitur anima esse recta nisi a sola voluntate. Non enim
668 595 2199 669 dicitur anima recta propter bonitatem memoriae, nec a subtilitate intelligentiae.
667 646 2201 703 Multi enim reperiuntur ualde foecundae memoriae & subtilis & perspicacis in
657 708 2207 759 telligentiae, qui tamen non sunt recti nec iusti, imo quandoque ualde distorti &
657 758 2201 808 iniusti. Relinquitur ergo quod anima humana dicitur esse recta a sola volun
673 821 2191 870 tate, a qua sola existente recta homo dicitur iustus, & rectus: & ideo rationa
669 861 2196 916 biliter concludit Anshelmus 8. de lib. arbi. quod iustitia est rectitudo uolun
662 918 2202 969 tatis. Est ergo magna uanitas, quod homo nititur totis uiribus illas partes re
674 967 2193 1037 ctificare, quae eum non faciunt rectum, & illam potentiam dimittat incultam,
663 1022 2194 1094 a qua tota ipsius sumitur rectitudo. Sunt enim homines communiter curiosi,
657 1083 2201 1131 ut multarum scientiarum ueritates memoriter teneant, & eas per intelligen
663 1136 2205 1190 tiam diligenter discutiunt, sed quod uoluntas eorum amore DEI & proximi
655 1187 2194 1261 inflammetur non curant: a qua sola homo dicitur rectus, Can. 2. Recti diligunt
662 1244 2198 1298 te: & ideo non immerito plangit propheta Mich. 7. Perijt sanctus de terra, &
660 1297 2196 1347 rectus in hominibus non est. Cuius causa assignatur Ecclesiast. 7. Solummo
668 1345 2193 1409 do hoc inueni quod DEVS fecit hominem rectum, & ipse se immiscuit infini
662 1401 2197 1444 tis quaestionibus. Et ideo ut recte credamus, & benedictionem electorum ha
660 1447 2203 1527 beamus, fidem nostram catholicam charitate informare debemus, Gal. 3. Qui
655 1498 1185 1557 ex fide sunt, benedicentur.
859 2360 2183 2418 OSTQVAM tacta est plaga mirabilis, qua primogenita fue
866 2422 2177 2479 runt occisa: hic agit de planctu miserabili, quo omnes uniuersaliter
859 2461 2174 2523 sunt lamentati. Et circa hoc duo facit. Nam primo agitur de Hebraeo
855 2529 2172 2578 rum laetitia, & exultatione, secundo de Aegyptiorum lamentatio
652 2584 2179 2638 ne, & tristitia, ibi: Resonabat. Circa primum narrat, quod Hebraei nocte illa in
651 2621 2188 2702 stiterunt totaliter laudi diuinae opere, corde, & ore: Opere, quia sacrificabant:
652 2688 2186 2746 corde, quia ad legem istam seruandam separabant: ore, quia laudes DEO decan
652 2743 2179 2801 tabant: & hoc est, quo dicit: Absconse enim sacrificabant iusti pueri bonorum: id
652 2787 2185 2862 est, Hebraei filij patriarcharum occulte fecerunt Phase. Exod. 12. quod etiam
650 2837 2185 2900 le nocte fecerunt, sicut ibi patet: Et in domibus inclusi. Et ideo absconsem fece
651 2903 2176 2975 unt, & quantum ad tempus, & quantum ad locum, & figuram, & modum,
652 2942 2185 3021 bsconditum fuit illud sacrificium: quia figura fuit sacrificij nostri in nova
651 3009 2184 3079 ege. Et iustitia legem in concordia disposuerunt, istud bonum tore in perpetuum
