2371 3609
186 258 1734 325 de celebratione Phase, in concordia: id est, in conseruatione gentis illius: quia ex
182 314 1711 366 traneus non uescebatur ex eo, nisi circuncideretur, secundum quod praeceperat eis
188 368 1717 433 DEVS. Et ecce, quomodo disposuerunt se in corde, tripliciter. Nam disposuerunt
176 420 1720 472 se DEO fore obedientes: disposuerunt se tore patientes: & disposuerunt se fore
185 476 1710 536 gratias DEO agentes. Quantum ad primum disposuerunt legem in concordiam,
180 528 1720 575 sicut expositum tuit: Quantum ad secundum, dicit: quod disposuerunt se iustos re
178 581 1728 633 cepturos similiter bona & mala: id est, disposuerunt patienter & aequanimiter se
186 632 1712 685 recepturos a DEO, tam prospera quam aduersa: aduersa sine murmuratione:
178 689 1723 750 prospera sine elatione. Quantum ad tertium, dicit, quod haec disposuerunt de
185 742 1713 789 cantantes laudes patrias: id est, laudes quas a patribus didicerant, quod est con
182 795 1719 847 tra nonnullos, qui non laudes sanctorum patrum, sed cantilenas praeeligunt
176 849 1714 901 cantare meretricum: Alia litera habet: Patri omnium decantantes laudes: &
185 899 1716 951 sententia patet. Sed qualiter tunc se habuerunt Aegyptij declaratur, cum sequi
185 954 1719 1008 tur: Resonabat autem inconueniens inimicorum, discordans Aegyptiorum vox.
182 1005 1716 1059 Erant enim plangentes sine concordia, & sine conuenienti proportione erexe
185 1061 1721 1115 tunt uoces suas, & flebiles audiebantur planctus ploratorum infantium. Hagna
179 1112 1690 1168 enim fuit materia doloris tot innocentes occidi simul, & subito considerare.
233 1169 1723 1221 Circa iulam clausulam: Iustitiae legem in concordiam disposuerunt.] Notandum
189 1223 1716 1274 est, quod rectores reipublicae, quicunque circa leges statuendas ad commodum
180 1273 1722 1328 subditorum, in his uerbis quadrupliciter informantur. Requiruntur namque
177 1328 1659 1393 leges ad hoc quod debito modo fiant: subtilitatem maturae deliberationis,
185 1385 1709 1435 utilitatem securae cohabitationis, autoritatem mansurae obligationis: & aequa
185 1436 1704 1489 litatem mensurae & distributionis. Primo modo, ut quo ad subtilitatem debi
178 1495 1703 1544 to modo statuantur, requiritur maturitas deliberationis, & hoc notatur cum
183 1545 1721 1595 dicitur: Disposuerunt. Non enim subito neque ex abrupto possunt leges utili
181 1597 1709 1649 ter, & uniuersaliter statui. In cuius figuram Moyses cum Domino 40. diebus
177 1649 1723 1702 fuit, quando legem scriptam accepit: per quod etiam tempus ieiunium fecit
179 1704 1717 1755 continuum, ad designandum: Quod legislatores sobrietati, non festis & con
184 1762 1713 1822 uiuijs uacare debent pro tempore, quo leges condunt. Sunt enim leges, quae
188 1811 1714 1864 ordinantur ad bonum animae, principaliores artibus medicaminum, quae ordi
173 1865 1715 1917 nantur ad bonum corporis: sic dicit Aristot. 3. Politicorum: Cum ergo leges
188 1916 1714 1973 medicinales hominibus non dentur, sine praeuia meditatione solicita, & secu
182 1986 1715 2035 ra, seu matura: constat quod nec leges morales sine maturitate debita dari de
182 2024 1711 2077 bent. Et ideo scribit lustinianus in prologo Institutionum: quod cum summa dili
182 2084 1709 2143 gentia, & summis uigilijs, per prudentissimorum uirorum solertiam leges fecit in
180 2131 1715 2189 illud unum volumen compingi. Est enim legispositiuum principalis pars politicae,
181 2186 1716 2240 & maxime necessarium est comunitati humanae, quod aliqui fiant boni legis
185 2239 1725 2305 ponitiui, siue legislatores, sicut docet Aristoteles 10. Ethi. Probat enim ibidem
181 2288 1712 2347 Arist. tribus ultimis capitulis tres conclusiones. Prima ad faciendum homines
188 2340 1721 2399 uirtuosos, non solum sufficit sermo persuasiuus. Secunda est que ad hoc necessaria
177 2399 1725 2463 est bona consuetudo. Tertia est, quo bona consuetudo sine bonis legibus haberi
184 2462 1707 2515 non potest. Prima conclusio patet: quia iuuenum aliqui sunt liberales, aliqui de
182 2501 1707 2577 generes, & aliqui insanabiles. Liberales sunt, qui apti nati sunt fugere turpes
184 2569 1705 2621 delectationes ex sola uerecundia. Degeneres sunt, & inobedientes, qui qua
180 2610 1713 2668 lescunque delectationes prosequuntur, nisi per poenam contrariam castigentur.
179 2666 1704 2730 lnsanabiles sunt, qui neque persuasionibus, neque poenis a prauis delectationi
178 2714 1701 2778 bus retrahuntur. Pro bonis autem iuuenibus sufficit sermo persuasiuus, qui sta
186 2768 1710 2836 tim alliciuntur ad uirtutem, considerata turpitudine uitiosae delectationis, & pul
182 2834 1716 2884 chritudine honestae uirtutis. Pro inobedientibus & rebellibus non sufficit ser
185 2902 1733 2938 mo persuasiuus, sed requiruntur poenae & punitiones in personis, uel in rebus.
178 2938 1734 2996 Pro insanabilibus, quos nos incorrigibiles uocamus, requiritur exterminatio
170 2982 1733 3043 siue mors. Dicit Galenus in x Dinamide, ut recitat Victorinus 31. libro suo
182 3036 1734 3100 naturalium, cap. 202. Omne auxilium medicinae totius corporis tripartitum est,
