2371 3609
204 232 1761 277 nates, 2. Reg. 10. Moraliter loquendo. Dimidia pars barbae raditur, quando o
201 283 1751 344 peratio uirtutis omittitur, & claritas scientiae reseruatur: uestes praescinduntur
209 335 1757 392 usque ad nates, quando fama ex prauis operibus orta, uilitas personae, quae per
199 399 1743 456 nates designatur, denudatur. Semiuiuus etiam dicit peccator uiuens in corpo
201 444 1747 508 re & mortuus in anima. Anima em talis mortua est spiritualiter, quae caret uitae
193 495 1751 555 gratia, 1. Tim. 5. Vidua quae in delicijs est, uiuens mortua est: Semiuiuus etiam
200 553 1746 601 dicitur fama clarus, & uita sordidus, Apoc. 3. Nomen habes que uiuas, & mor
203 604 1746 655 tuus es. Tandem finaliter dicitur in litera: quo talis apparentia uisionum dormien
207 653 1752 713 do fuit facta eis, ad comunis reatus euidentiam, ut uidelicet praemonerentur de
193 714 1743 771 peccatis suis, ne ignorarent, quare tot mala patiebantur. Vnde dicit sic: Visiones e
190 768 1752 814 nim quae illos turbauerunt, hec praemonebant ex DEI misericordia: ne inscii. s igno
190 829 1742 883 tantes, quare mala patiebantur, perirent: Vbi dicit Rabanus in Gloss. Hoc diuinae
187 868 1752 927 bonitatis est, quae peccantes castigat, ut abstineant a peccatis suis, & poenitentiam
191 927 1744 980 agant. Si aut DEI patientia abutunt, sine excusatione in aeternum punient. Quia
184 976 1745 1029 hic dicitur quo Aegyptij fuerunt praemoniti per uisiones somniorum, sit dubitatio li
194 1034 1731 1088 teralis. Vtrum diuinatio per somnia sit licita. Et arguitur quod non: Nam Leuit. 19
187 1087 1729 1139 dicitur: Non augurabimini nec obseruabitis somnia. Et similiter Deutero.18
186 1142 1261 1205 prohibetur somniorum obseruatio: ergo est illicitum,
243 1193 1728 1248 Ad oppositum scribitur lohel. 2. Iuuenes uestri uisiones uidebunt, & senes ut
182 1244 1725 1309 stri somnia somniabunt. Et lerem. 23. Propheta qui habet somnium suum: ergo
176 1303 1727 1350 licitum est in casu per somnia diuinare. Et consirmatur per textum huius lectionis. Visio
175 1355 1738 1411 nes, inquit, quae eos turbauerunt, haec praemonebant eos. Ergo ilae uisiones fuerunt
176 1412 1743 1463 signa futurorum euentuum. Ergo licitum est per tales uisiones somniales diuinare. Item
178 1459 1734 1517 in Scriptura sacra legimus multa per somnia diuinasse, Genes. 37. de Ioseph, qui
181 1518 1732 1572 dixit: Vidi per somnium, quasi Solem, & Lunam, & stellas duodecim, adorare me, &c
186 1567 1747 1622 Et Iudic. 7. de somnio mediante quo confortatus est Gedeon. & 2. Mach. 15. so
181 1637 1738 1692 mnio digno fide ostenso ludae Machabaeo. lgitur aliqua sunt somnia digna fi
185 1683 1741 1733 de. Pro dubitatione ista uidendum est primo, quid sit somnium, & quid diuinatio.
175 1731 1729 1786 Somnium secundum Arist. 2. de somno & uigilia, est phantasma factum a motu si
182 1785 1732 1841 mulachrorum in simpliciter dormiente. Remanent em simulachra, idola siue
183 1839 1738 1902 species in organo phantasiae, & ex illis causantur idola in organo sensus com
180 1894 1736 1947 munis, & etiam in organis exteriorum sensuum, sicut uisus, auditus, & sic de alijs.
175 1949 1733 2013 Et sic apparet homini quod uideat, audiat, & tangat: eo quod anima utitur si
182 2013 1731 2066 mulachris rerum pro rebus ipsis, & ideo dicit August. 12. super Gen. ad literam.
184 2059 1726 2119 Quod tunc est somnium, cum inter species receptas, & ueras res, cuius sunt spe
170 2122 1719 2160 cies, non discernitur: & ideo CHRISTUS nunquam somniauit. Diuinare uerc
180 2164 1725 2227 est praedicere euentum futurum uel ignotum, quantum ad propositum pertinet. I
170 2219 1723 2272 stis uisis dico tria. Vnum est, quod diuinatio per somnia est licita in casu. Secum
181 2268 1722 2336 dum est, quod talis diuinatio non est ab omnibus expectanda. Tertium est, quio
181 2337 1733 2388 talis diuinatio est multum periculosa. Prima conclusio patet sic: Diuinatio per
170 2375 1723 2434 somnia est naturalis aliquando: ergo tunc est licita: consequentia patet. Antece
170 2427 1729 2485 dens est, Arist. 2. de somno & uigilia, de diuinatione, ubi dicit Arist. que diuina
177 2486 1730 2542 tionem quam in somnijs agunt, nec est contemnere idoneum, nec omnino suadere. Vbi
176 2552 1730 2595 dicit comentator, quo nullus homo est, qui non uidit somnium quod enunciauit sibi a
165 2589 1728 2649 liquod futurum. Ergo, &c. Ex quo ergo diuinatio per somnium non est nisi somnium
170 2642 1711 2702 significatiuum: & manifestum est multa somnia esse significatiua: planum est diuina
176 2699 1731 2757 tionem per somnium esse licitam in casu. Confirmatur per dictum Arist. 7. Ethic. Fama non o
169 2771 1723 2820 mnino perdit, quam omnes famant. Multi aut existimant somnia signationem habe
174 2815 1724 2880 re tanquam ab experientia moti, secundum Aristinus de somn, & uigi. ubi prius. Vnde
166 2860 1728 2915 uerisimile est diuinationem esse similem, & per consequens in casu licitam. Est ergo ad
167 2928 1761 2971 uertendum sicut extrahi potest ex dictis beati August. 22. Genes. ca. 44. Et Arist. s.
176 2969 1763 3025 de som. & uigil. & etiam Albertus in libro suo de eisdem. Somnia sumunt originem o
172 3029 1712 3087 multipliciter. Aliquando a corpore humano, aliquando ab anima, aliquando a
