2371 3609
598 168 2161 252 corporibus supercoelestibus, aliquando a spiritibus bonis, aliquando a spiritibus
589 235 2145 303 malis. Ex parte quidem corporis originaliter oriunt somnia comuniter in humo
603 289 2146 358 re. Vnde quando in corpore humano superabundat humor phlegmaticus, acce
588 337 2157 403 dens ad organum phantasiae, phantasia fit sicut idolum simile illi humori, & homini
601 409 2151 471 queo est in aliquo humido, sicut in aqua, uel quod gustat aquam. Similiter quando hu
601 442 2158 518 mor dulcis & phlegmaticus descendit a capite, apparet illi que ipsa gustet dulcia.
602 521 2160 569 Consimiliter cholera nimis abundante in corpore, somniat homo frequenter de in
600 548 2166 620 cendijs, & conflagratione domus, & huiusmodi. Et sic narrat Albertus quendam
598 602 2161 679 somniasse picem ardentem fuisse in uentre suo, & causa fuit: quia in eo abundauit
601 659 2160 731 cholera nigra, unde exurgens emisit choleram nigram in magna quantitate. Talia er
601 715 2158 792 go somnia manifesta sunt significatiua futurarum infirmitatum frequenter: & de ta
607 790 2161 838 libus somnijs bene informantur medici ad iudicandum solliciti, & cogitatiui, cum a
601 828 2161 894 liqua negocia facere cogitant frequenter somniant de eisdem, Eccles. 5. Per multas
611 880 2161 947 curas sequunt somnia. Et hoc est causa, quare homines frequenter somniant de
607 927 2160 1000 amicis suis, & notis suis, & citius de eis, quam de extraneis, & plura de eis prae
611 983 2156 1053 uident. Amici em procul existentes maxime solliciti sunt de se inuicem, sicut do
610 1061 2158 1105 cet Arist. ubi prius. Haec est etiam causa quare dediti uilibus uigilando, uilia som
610 1093 2155 1160 niant dormiendo: & quare tantus potest esse habitus honestatis in uigilando,
613 1147 2154 1218 que prsona etiam non assentiet dormiendo foeditatibus, nec uoluptatibus carnali
615 1199 2166 1266 bus: sicut docet August. 10. confess. Quod tantum habitum honestatis potest
605 1270 2162 1319 homo adquirere, quod uirtute istius habitus dissipabuntur phantasiae malae,
614 1307 2154 1384 qua per somnia ingeruntur dormienti. Tertio sunt somnia quae causantur in ho
607 1376 2159 1433 mine uirtute corporum supercoelestium: Nam corpora supercoelestia influendo
612 1431 2169 1484 uirtutem nostris corporibus, alterant corpora nostra in somno: & tunc contingit
616 1493 2159 1550 phantasiam sibi formare species, & idola conformia qualitatibus in corpore cau
607 1528 2165 1589 satis: & sic apparent animae aliquae effectus futuri: sicut de bellis, & fertilitate &
601 1593 2169 1638 sterilitate terrae, & huiusmodi: quae a corporibus coelestibus causam habent: sic
613 1628 2170 1694 fuit de somnio Pharaonis de septem bobus, & septem spicis, Genes. 42. Quarto
608 1702 2172 1754 originantur in nobis nonumquam somnia spiritibus bonis, sicut patet Matt. 2. de
609 1740 2160 1802 angelo quae apparuit in somnis loseph, & in alijs Scripturae locis. Et tale uidet
609 1795 2165 1855 somnium Simoniadis, de quo narrat Valerius lib. 1. ca. 5. Simonides cum ad lit
617 1844 2173 1908 tus nauem applicuisset, inhumatumque corpus iacens reperisset, & illud sepultu
613 1917 2153 1970 rae mandasset, admonitus ab eo per fomnium ne proxima die nauigaret, in ter
616 1953 2160 2024 ra remansit, quae inde soluerant fluctibus & procellis in eius conspectu obrutm
614 2008 2166 2068 sunt. Ipse laetatus est, quo uitam suam somnio quam naui credere maluisset. Me
611 2078 2157 2122 mor aut beneficij elegantissimo carmine aeternitati consecrauit: melius illi & diu
617 2121 2157 2176 turnius in animis hominum constituens sepulchrum, quam in desertis & ignotis a
607 2185 2167 2238 renis construxerat. Hoc somnium ab aliquo bono spiritu potuit fieri in recompen
613 2225 2163 2282 sationem pietatis Simonidis, &c. Quinto originant nonnunquam somnia a ma
610 2281 2168 2334 lis spiritibus, sicut patet de uxore Pilati. Quae otiosa die Parasceues dormie
616 2333 2154 2389 bat, multaque passa fuit per uisum de CHRISTO, daemone immittente, ut per tales
611 2400 2161 2455 uisiones seu apparitiones nostram impedire potuisset redemptionem. Vnde mu
606 2438 2166 2497 lier mandauit uiro suo Pilato, dicens taliter: Nihil tibi & iusto illi. Multa enim
617 2501 2155 2563 passa sum per uisum hodie propter eum. Matthaei uicesimoseptimo: & a tali spi
603 2563 2163 2614 ritu uidetur illud somnium causatum esse, quod narrat Valerius lib. 1. ca. 7. de
613 2598 2163 2663 Cassio Parmensi: Huic dormienti quidam procerae magnitudinis & nigri co
609 2658 2155 2709 loris, apparuit squalidus barba, & capite demisso, interrogatus quis esset: re
601 2711 2157 2766 spondit, Cacodaemon. Cassius perterritus familiam excitauit, & quaesiuit, si quia
603 2759 2155 2817 talis cameram suam fuisset ingressus: responderunt quod non. Rursus obdor
606 2824 2154 2886 miuit, & rursus eadem species apparuit. Lumen ergo iussit afferri, & pueros sibi
609 2867 2163 2924 assistere praecepit. Et ecce infra modicum tempus post hoc de mandato Caesa
612 2923 2164 2980 ris capite punitus est. Ex dictis enim patet quod somnia siue uno modo, siue
594 2981 2173 3032 alio modo causentur, frequenter contingit, quod sunt futurorum euentuum
