2371 3609
188 220 1778 270 non diu permansit ira tua: id est, poena ex zelo iustitiae diuinae proueniens. pro
188 276 1762 339 perans enim homo: id est, Aaron, sine querela, qui uidelicet habuit se ad DEVM
200 335 1790 390 pie, ad seipsum sobrie, & ad proximum iuste, & ideo dignus preces DEO funT
203 381 1767 449 dere fuit, & deprecari pro populis: id est, ad deprecandum pro nis, quos incendium
200 435 1768 485 consummauit, & proferens seruitutis suae scutum, scilicet orationem. Est enim o
197 488 1761 541 ratio ascensus mentis in DEVM secundum Damascenum. Haec oratio est scu
187 545 1761 597 tum praelati triplici uirtute cornutum, ad modum scuti: quia secundum Bernhar
195 598 1753 646 dum: Oratio est intentio cordis, fide, spe & charitate subnixa, & dicitur, scu
193 649 1766 703 tum seruitutis praelati: quia debitum annexum officio praelati est orare pro sub
187 708 1769 770 ditis: ergo sacerdotis officium est orationes fundere, & pro iustis, ne cadant,
196 761 1766 812 & pro peccatoribus ut resurgant, ad Hebraeos quinto: Debet quemadmo
194 816 1768 865 dum pro populo, & ipse prose ipso orare: Et per incensum deprecationem alle
197 876 1759 937 gans: Obtulit enim thymiama, & deprecatus est pro populo, Numeri deci
199 935 1765 990 moseptimo. Fuit autem thymiama puluis compositus ex stacte, onycha gal
202 977 1768 1030 bana, & thure, sicut patet Exodi tricesimo: & uocatur hic incensum, & si
212 1033 1764 1101 gnat deuotionem orationis, Apocalypsi decimooctauo: Ascendit fumus in
199 1084 1766 1149 censorum de orationibus sanctorum, & Cassiodorus: Oratio sine deuotione,
200 1140 1772 1192 est sicut corpus sine anima. Corpus sine anima est cadauer, & foetori proxi
206 1194 1774 1247 mum, quod indignum est offerri DEO & sanctis eius. Sic ergo dipositus Aa
202 1253 1764 1314 ton, restitit ire: id est, poenae immissae a DEo, & finem imposuit necessitati: id est,
200 1304 1770 1356 uiolentiae mortis, ut dicitur quinto Metaph cap. de necessario, ostendens quo
193 1360 1771 1422 niam tuus est famulus: id est, pastor, & praelatus, cuius est pro grege se exponere,
200 1407 1045 1481 quando DEVS populum suum castigat.
252 1459 1769 1514 Circa iuam clausulam, Proferens seruitutis suae scutum orationem.] Notan
195 1518 1789 1585 dum est quod deuota oratio est rationabiliter scala nostrae ascensionis, scuI
201 1575 1771 1631 tum nostrae defensionis, & nuncius nostrae legationis. Et redditus nostrae sub
202 1628 1778 1685 iectionis. Primo est scala nostrae ascensionis: Per hanc enim ascendimus ad
203 1682 1779 1737 DEVM, & a terrenis ad coelestia nos leuamus, Ecclesiastic. trigesimoquinto
210 1738 1770 1802 Oratio humiliantis se penetrat coelos, uel nubes. Sed dubium esse potest,
207 1793 1757 1859 quid intendimus dum DEVM oramus: quia uel petimus, quod operetur il
203 1845 1771 1904 lud quod disposuit se facturum pro tempore: & hoc uidetur frustra. Nam si
209 1914 1761 1968 ne nostris precibus quicquid disposuit se facturum proficiet. Vel petimus
209 1964 1783 2021 quod mutet uoluntatem & dispositionem, & uelit sicut nos uolumus, & hoc
205 2023 1779 2077 est impossibile, cum Deus mutari non potest. Sed dicendum est, quod non
200 2062 1784 2125 intendimus DEVM, nec diuinam dispositionem mutare, sed magis instare,
214 2116 1780 2188 quod compleatur, & impleatur. Sic enim DEVS disposuit, quod ea quae cir
210 2187 1782 2237 ca nos consumabunt, per nostras orationes consummari merebuntur. Et ideo
206 2236 1776 2281 dicit Boëtius 5. de consol. prosa 3 quod qui ponunt omnia de necessitate e
201 2289 1775 2341 uenire, auferunt humani generis cum DEO illud singulare comercium, scilicet
210 2336 1786 2397 orationem. Non ergo cum oramus DEVM mutare proponimus, uel ad nos
210 2387 1778 2447 inclinare: sed magis nos ad DEVM leuare, & nostram uoluntatem suo beneplacito
206 2467 1784 2496 conformare. Et hoc pulchre declarat Diony. 3. ca. de diui. nominibus, sub duo
205 2497 1775 2556 bus exemplis. Quorum primum tale est: Si imaginemur unam catenam luminis
219 2551 1775 2609 de coelo dependentem, & nos alternando manus nitamur illam ad nos trahe
214 2617 1782 2673 re, non eam descendere faceremus aequaliter, sed nosmetipsos per eam ad supe
211 2674 1774 2726 rius ageremus. Sic in proposito est de oratione. Secundum exemplum est ta
221 2713 1769 2773 se: Si essemus in naui existente in aqua, & teneremus funes fortes in manibus
217 2765 1778 2830 extentos ad nos, de aliqua rupe immobili, & traheremus fortiter illos funes,
223 2825 1789 2882 non moveremus rupem ad nos, sed econtra, & nos nauem moveremus ad ru
222 2875 1789 2950 pem. Sic cum oramus non mouemus ad nos immobilem DEI uirtutem, sed
224 2932 816 3005 potius trahimus nos ad eum.
272 2986 1789 3040 Secundo oratio est scutum nostrae defensionis. Vnde hic dicitur: Proferens
184 3039 1788 3097 suae seruitutis scutum: id est, orationem. Natrat historia Britonum, quod tex Ar
