2371 3609
620 229 2190 285 cturus illustris depictam habuit infra scutum imaginem Virginis benedictae.
626 273 2196 336 Filium suum in brachijs suis baiulantem. Ad hanc imaginem quotiens in pres
622 329 2202 382 sura belli incoepit fatigari, respexit. Cuius statim intuitu latenter uires recentes
628 392 2202 445 recepit. Vnde lib. 7. ca. 5. dicitur, quod clypeus eius prilken uocabatur, in quo
618 447 2198 488 imago sanctae DEI genitricis depicta fuit. Moraliter, isto modo debet scutum no
626 489 2194 544 strae orationis ornari, ut uidelicet intrinsecus habeat imaginem Virginis bene
628 542 2208 600 dictae. Si enim imaginemur Virginem benedictam in interiori parte scuti stan
626 608 2202 672 tem, ipsa uidebitur scutum nostrae orationis deferre. Studemus ergo scutum no
626 648 2200 705 strae orationis ipsius imagine exornare, & podus nostrae deprecationis sibi im
620 719 2202 772 ponere, & ipsa dignabitur nostram orationem portare, & pro nobis Filio suo praesen
620 760 2206 816 tare. Nam quidquid Filio suo offert, necessario acceptum est. Et ideo dicit Bern. su
609 832 2213 882 permissus est. Crede frater, quidquid illud est, quod DEO offerre paras, Mariae
631 881 2193 931 comendare memento, ut eodem alueo ad largitionem gratiae, gratia redeat, quo
625 915 2198 976 influxit: ergo orationem nostram duo debent complere CHRISTVS & Maria. Di
634 992 2195 1031 cunt gramatici que inter partes orarionis principaliores sunt nomen & uerbum. Inter
625 1033 2187 1085 nomen & uerbum talis differentia dat, quod nomen significat substantiam, cum qua
634 1088 2196 1139 litate sine tempore. Verbum significat personam, agere uel pati aliquid cum tempore.
637 1139 2194 1198 De natura etiam nominis est reddere suppositum ipsi uerbo. Et de ratione uerbi est
621 1200 2192 1262 regere nomen sibi in oratione supponens: sicut in gramatica inter puerilia docti
626 1249 2203 1301 sumus. Moraliter loquendo charissimi ad hoc, quo nostra oratio quae ad praesens
616 1301 2195 1366 sermoni debet praemitti, inueniatur congrua, conueniens, & perfecta, necesse est,
627 1358 2189 1422 queo ex nomine & uerbo componat. Verbum aut quaoe nostram orationem ingredi debeat,
625 1419 2195 1468 certe est illud Verbum de quo dicit: quo DEVS erat Verbum, & Verbum caro factum
619 1467 2193 1520 est, Ioh. 1. Istud Verbum personam significat, imo est persona Filij DEI. Significat e
625 1524 2195 1575 tiam cum tempore: quia quando uenit plenitudo temporis, misit DEVS Filium suum
619 1576 2194 1627 ad Gal. 4. Similiter istud Verbum tam actionem quam passionem importat. Istius e
619 1631 2193 1685 nim Verbi actione secula formata sunt: quia ad Hebr. 11. Fide intelligimus secu
619 1682 2184 1736 la optata esse DEI Verbo, ut ex inuisibilibus uisibilia fierent. Istius em Verbi pas
618 1734 2191 1802 sione cuncta sunt reformata, quando Verbum ens altissimi corporali passum est
626 1792 2183 1861 carne sumpta. Habemus ergo Verbum, quod nostram orationem ingredi debet. Sed
619 1849 2182 1907 quid est illud nomen, quid in oratione isti uerbo debet coniungi: Reuera non inuenitn
622 1905 2188 1953 nomen sub coelo, quod isti Verbo conuenientius coniugi possit, quam illud de quo
611 1952 2193 2009 Luc. 1. Nomen uirginis Marie. Maria, ecce substantia: uirgo, ecce qualitas, & hoc
618 2006 2184 2060 sine tempore. Cuius causa est ista 4 Physic. dicitur quod tempus est causa corru
619 2075 2176 2128 ptionis: omnia enim corrumpuntur & tabescunt in tempore. Illae ergo mulieres,
622 2126 2189 2184 quae primo sunt uirgines, & postea siunt matres, sed non sine corruptione, &
621 2175 2185 2227 peneratione, certe illae mulieres sunt uirgines in tempore. Sed haec benedicta
613 2224 2191 2281 & singularis, quae uirgo concepit, uirgo peperit, & post partum uirgo quem
615 2280 1843 2346 genuit, adorauit: Reuera ipsa est uirgo sine tempore. Versus:
743 2332 1614 2406 Transit ad athera virgo puerpera virgula Iesse
747 2370 1648 2454 Non sine corpore, sed sine tempore transit ad esse.
605 2443 2199 2500 Habemus ergo nomen & uerbum pro nostra oratione formanda. Sed ut inter haec
612 2500 2185 2549 omnimoda congruitas ostendat, restat uidere, quomodo & quando istud no
605 2556 2185 2606 men huic uerbo suppositum reddit, & quomodo uirgo ab eodem uerbo rege
614 2604 2190 2656 batur. Reuera charissimi, quando illa benedicta ab aeterno praedestinata, prae
606 2660 2190 2712 sanctificata, & DEI Filio consecrata, & cunctis creaturis superposita, ab ange
610 2713 2192 2767 lo extitit salutata, & ipsa hoc non obstante, quasi uniuersis supposuit semeti
620 2777 2200 2827 psam, isti uerbo benedicto, suppositum reddendo dicens: Ecce ancilla Domini.
611 2818 2203 2896 Et certe eadem humilitate, qua sic suppositum uerbo reddidit, ab ipso consequen
611 2877 1952 2929 ter regi petnt, quando subiunxit: Fiat mihi secundum verbum tuum,
662 2929 2193 2986 Ecce, inquit, ancilla Domini fiat mihi secundum, &c. De dictis hic dubita
602 2988 2194 3056 tio orit. Impossibile uidet apud gramaticos, quod nomen reddat suppositum uerbo,
606 3042 2192 3101 & tamen non regat a uerbo. Modo inuenio istam uerbo reddidisse suppositum, quan
