2371 3609
765 169 1564 252 Fectora felle virent, lingua suffusa veneno
754 226 1531 299 Risus abest, nisi quem, visi fecere dolores.
625 281 2206 336 Iste Amorrhaeus uincendus est, per donum intellectus, quo homo aduer
641 339 2214 402 tens proximum suae naturae participem, dulcem se praebeat proximo suo, &
643 395 2216 448 compassione fauentem: & sic uincendo consequitur promissionem quae Apo
643 448 1650 500 cal. 2. ponitur: Vincenti dabo manna absconditum,
709 498 2202 556 Tertius est Heuaeus, quae interpretatur lapides colligens, & figurat iracun
642 560 2205 609 dum & rixosum: hic colligit petras offensionis, & lapides scandali, ut in iurgio
650 612 2203 663 iaceat contra proximum. Sic Semei gradiebatur maledicens, & mittens lapi
648 666 2201 729 des contra Dauid, 2. Regum 16. Istum uincere debemus per donum consili,
650 719 2209 776 sequendo CHRISTI consilia, de patientia & tolerantia iniuriarum, Matthaei
650 774 2211 839 capite quinto: Ego autem dico uobis non resistere malo: sed si quis te percus
638 827 2205 878 serit in maxillam unam, praebe ei & alteram. Et talis uictor erit securus de pro
649 883 2212 950 missione facta, Apocalyp. cap. 2. Qui uicerit non laedetur a morte secunda: id
643 935 1041 1004 est, infernali poena
712 986 2205 1044 Quartus est Hethaeus, qui interpretatur stupor uel formido: & significat ac
650 1045 2216 1099 cidiam, quae facit hominem stupidum & formidantem opera uirtuosa. llle
649 1099 2207 1156 uincendus est per donum fortitudinis. De quo Gregorius 6. Moral. Iustorum
655 1153 2215 1210 fortitudo est carnem uincere, proprijs uoluptatibus contraire, delectationem
656 1209 2204 1259 uitae praesentis extinguere, huius mundi aspera pro aeternis praemijs amare.
663 1275 2208 1329 prosperitatis blandimenta contemnere, aduersitatis metum cordis audacia su
660 1318 2215 1374 perare. Reproborum fortitudo est, transitoria sine cessatione diligere, contra
656 1376 2196 1425 flagella ipsius conditoris insensibiliter perdurare, ab amore rerum tempora
653 1425 2204 1480 lium nec aduersitate quiescere, acinanem gloriam etiam cum uitae detrimen
645 1477 2208 1529 to peruenire, malitiae argumenta adquirere, bonorum uitam non solum uer
649 1534 2210 1585 bis & moribus, sed etiam gladijs impugnare, in semetipsis spem ponere, ini
661 1587 2209 1651 quitatem semper, sine ullo poenitentiae desiderio perpetrare. Sed uictori hu
648 1635 2205 1697 ius Hethaei praemium promittitur, Apocal. 3. Qui uicerit dabo illi sedere me
648 1693 954 1749 cum in throno
720 1749 2209 1807 Quintus est Chananaeus, qui interpretatur possessor, uel negotiator, & si
656 1816 2211 1872 gnificat auarum & cupidum, qui per diuersas negotiationes, possessiones ad
656 1866 2217 1927 quirit & auget. Vnde Augustinus de Domini uerbis sermone 25. Quae est
649 1914 2215 1965 illa auiditas concupiscentiae, cum & ipsa habet beluae modum: Tunc enim ra
652 1969 2196 2029 piunt, quando esuriunt: Parcunt uero praedae, cum senserint saturitatem: & in
652 2030 2212 2086 satiabilis est sola auaritia diuitum: semper rapit, & nunquam satiatur, nec
650 2083 2207 2128 DEVM timet, nec hominem reueretur, nec patri parcit, nec matrem recogno
655 2131 2211 2201 scit, nec fratri obtemperat, nec amico fidem praestat, uiduam opprimit, & pu
661 2185 2214 2248 pillum inuadit, liberos in seruitium reuocat, testimonium falsum profert, res
651 2245 2214 2298 mortui nequiter occupat. Et quae est, ista insania: Animarum amittere uitam,
638 2310 2215 2350 appetere mortem, adquirere aurum, & perdere coelum: Iste Chananaeus uin
659 2351 2205 2401 cendus est per donum pietatis, quae movet ad dandum pauperibus pro
646 2410 2208 2465 pter DEVM. Narrat lulius Sextus Stratagematon libro primo, capite quar
647 2467 2209 2506 to: Quod cum Aemilius Paulus consul Romanus in Lucanis iuxta littus an
645 2521 2208 2585 gusto itinere exercitum duceret, & Tarentini ei classe insidiantes, agmen eius
638 2571 2217 2620 scorpionibus essent aggressi, captiuis latera euntium praetexuit, quorum re
645 2616 2218 2675 spectu hostes imbuere tela. Sic moraliter, diuites, si tela daemonum uel ultio
641 2676 2220 2726 nes diuinas euadere uelint, ponant iuxta latera sua pauperes eleemosynas lar
653 2732 2220 2790 giendorum, & circumdent latera sua pauperibus, propter quos DEVS fre
644 2787 2223 2837 quenter parcit ab ulciscendo, & daemones cessant a nocendo, & taliter uin
641 2844 2214 2893 centi dabitur illud in futuro quod promittitur Apocal. 22. Qui uicerit posside
631 2885 1579 2940 bit haec, & ero illi DEVS, & erit ipse mihi filius.
683 2943 2229 3007 Sextus est lebusaeus, qui interpretatur praesepe, & significat gulam, quae
625 3003 2212 3059 suadet homini semper stare ad praesepe sicut asinus uel iumentum, & iste uin
