2371 3609
585 185 2161 249 num & femorum atque uirilium pertinent rationem. Vnde Orpheus principa
583 245 2157 312 lem locum libidinis dixit esse in talo. Achilles est homo perfectus quem mater
583 303 2153 359 uirtus intinxit in aquis stygijs: qia uirtus contra omnes labores homines munit,
584 349 2153 411 solum talum non tinxit: quia quant umcunqe homo per humanam uirtutem fue
584 418 2146 473 rit munitus, semper ad libidinis ictus patet, nisi per diuinam gratiam praeser
601 457 2152 518 uetur, & ideo signanter dicit Salomon Sap. 8. Sciui, quia aliter non possum esse
589 526 2152 581 continens, nisi DEVS det: & ideo haec species iustitiae generalis siue uirtus, quae
592 572 2146 627 est continentia, est a DEO continue postulanda, & sic solummodo haberi po
586 636 2154 689 test. Iuxta illud Ecclesiastici 27. Si sequaris iusticiam, quae est continentia, qua
590 693 2157 746 corpus recte agitur, apprehendes illam, & indues illam quasi poderem hono
590 748 2148 792 ris. Vocatur etiam talaris continentia: quia usque ad finem uitae continuari de
589 786 2157 843 bet, 2. Regum 12. Thamar erat induta huiuscemodi talari tunica. Filiae autem
587 839 2153 906 regum uirgines huiuscemodi tunica utebantur. Secundum ornamentum Ec
585 909 2157 951 clesiasticae personae debet esse rationale scientiae. In isto rationali scribebatur do
595 949 2151 1005 ctrina & ueritas. Haec enim debet esse principalis intentio clerici, ut possit ue
589 999 2161 1058 ra addiscere, & uera docere. In collationibus patrum lib. 10. ca. 29. dicitur sic:
588 1059 2149 1113 Dixit abbas Palladius, quod animam secundum CHRISTI uoluntatem
579 1109 2145 1164 conuersantem oportet aut discere fideliter quae nescit, aut docere manifeste
582 1169 2142 1222 quae nouit. Si autem utrunque possit, & non uult, insaniae morbo laborat. Ini
590 1220 2146 1282 tium enim recedendi a DEO fastidium est doctrinae: & cum non appetit id,
589 1273 2147 1338 quod anima semper esurit, quae diligit DEVM. De isto ornamento dicitur Ec
587 1331 1654 1382 clesiast. 21. Ornamentum aureum prudenti doctrina
637 1382 2148 1434 Tertium ornamentum quo se debet induere persona Ecclesiastica est diade
590 1436 2152 1490 ma capitis. Est enim diadema insigne regale, per quod discernitur rex ab alijs.
583 1490 2149 1543 Sicut certe charitas sola diuidit inter filios regni, & perditionis secundum Au
587 1547 2155 1614 gustinum. Vnde Hester. 6. dicitur in figura: Homo quem rex honorare cupit,
589 1597 2153 1651 debet indui uestibus regijs, & imponi equo, qui de sella regis est accipere re
580 1652 2147 1719 gium diadema super caput eius. Vestes enim regis nostri CHRISTI sunt uir
585 1711 2155 1777 tutes, quas etiam philosophus uocat habitus. Equus de sella regis fuit crux, &
583 1768 2158 1829 diadema regis charitas. Et ideo per haec tria honorabiles nos faciemus apud
574 1814 2062 1870 DEVM, & apud homines: uidelicet, uirtutibus, poenitentia, & charitate.
