2371 3609
553 196 2118 280 gna solicitudine remisissent illos sciicet Hebraeos, consequebatur illos actus peni
552 275 2124 320 tentiae: ipsis, scilicet Aegyptijs poenitentibus de bono, per eos facto Hebraeis.
550 319 2126 374 Istis malis Aegyptijs de bono opere poenitentibus similes sunt nonnulli reli
557 361 2125 441 giosi mali, qui de statu professionis poenitent, ad quem perpetuo sunt obliga
563 426 2127 482 ti. Contra quos Esa. 50. dicitur: Ego autem non contradico, retrorsum non
562 468 2125 536 abij, &c. Et ecce quam fatuem fecerunt Aegyptij, adhuc inter manus luctum ha
566 529 2126 589 bentes: id est, materiam luctus: id est, funera suorum, & deplorantes: id est, ual
570 591 2128 647 de plotantes, ad monumenta mortuorum: aliam sibi assumpserunt cogitationem
566 628 2119 703 inscientia: id est, quam facti sunt insipientes & fatui: & quos proiecerant: id est.
567 709 2135 752 eiecerant de Aegypto: Hos tanquam fugitiuos persequebantur, Exod. 13. In
566 739 2124 805 durauit Dominus cor Pharaonis regis Aegypti & persecutus est filios Israel.
572 794 2130 861 Circa illam clausulam: In novissimo ira DEI superuenit. Notandum est, quod
566 860 2136 918 ira DEI, quae nihil aliud est quam iustao DEI uindicta, secundum Augustinum
575 917 2135 970 de Ciuitate DEI, libro 5. capite 25. quatuor habet conditiones, propter quas
565 968 2135 1027 merito debet formidari. Ira enim DEI non declinatur uirium potestate, non
579 1016 2134 1076 debilitatur temporis tarditate, in plures excitatur unius prauitate, nullatenus
573 1074 2133 1135 mitigatur sine humilitate. Prima ergo conditio irae DEI est, quod non decli
574 1118 2137 1185 natur uirium potestate. Ab ira enim hominis potest aliquis se fortassis abscon
579 1174 2153 1238 dere, uel subterfugere, uel resistere, sed ira DEI nec loco metitur, nec finitur
577 1242 2143 1293 tempore, nec uirtute * descenditur, Naum cap. primo: Ouis stabit ante faciem
575 1277 2138 1345 indignationis eius: & quis resistet irae furoris eius: Et Psalm. Quis nouit po
571 1336 2147 1398 testatem irae tuae, & prae timore tuo iram tuam, dinumerare: quasi diceret, nemo.
582 1401 2149 1453 Probat Boëtius 1. de Consolat. metro. 4. quo sapiens non habet timere iram cu
576 1457 2152 1514 iuscunque tyranni, quantumcunque saeuiat contra eum. Sapientis enim est facere
578 1503 2154 1568 iram ipsius inermem: quia si sapiens nihil timeat perdere, quod tyrannus potest
577 1556 2157 1615 auferre: nec aliquid potest ab eo recipere, quod tyrannus potest ei conferre: red
585 1621 2156 1668 dit iram tyranni totaliter impotentem, & priuat eam totaliter armis suis. Vnde
582 1667 1485 1721 dicit sic: Quisquis composito serenus auo, &c
1208 1719 1392 1774 Et infra:
674 1788 2150 1843 Quid tantum miseri feros tyrannos Aut quisquis trepidus pauet vel optat.
668 1839 1983 1899 Mirantur sine viribus furentes: Quod non sit stabilis suique iuris,
670 1882 1994 1942 Nec speres aliquid, nec extimescas. Abiecit clypeum. Iocoque motus,
663 1935 2071 1991 Exarmaueris impotenta iram. Nectit, qua valeat trahi, catenam.
604 1988 2149 2051 Quicunque homo, sic huius uitae appetit immoderate honores, & diuitias, uel
592 2057 2148 2109 abhorret pusillanimiter aduersitatis fortunae, talis de suis passionibus & affe
590 2100 2158 2164 ctionibus facit catenam, qua hac & illac per amorem uel iram alterius trahi pos
595 2154 2161 2207 sit. Modo si loquamur de DEO non possumus eum facere sic impotentem, non
592 2219 2160 2272 appetendo quod potest conferre: nec pertimescendo, quod potest inferre. Nam
583 2262 2157 2315 beatitudinem quam potest conferre, naturaliter omnes appetimus: & miseriam
604 2315 2162 2382 quam potest inferre, naturaliter abhorremus. Omnes enim homines beati esse
597 2383 2163 2437 uolunt, idque unum ardentissimo amore appetunt. Sicut docet August. 13. de
591 2423 2155 2476 Trinitate, cap. 15. Et alibi dicit: quod nullo modo possumus uelle miseri esse:
583 2490 2161 2546 ergo non restat nobis aliud nisi diuinam voluntatem explere: ex quo naturali
596 2536 1530 2584 ter appetimus, quod sine eo habere nequimus.
638 2587 2157 2638 Secunda conditio irae DEI est quod non debilitatur temporis tarditate
599 2639 2167 2690 Vnde Valerius libro primo, capite secundo: Lento enim gradu ad uindi
602 2694 2160 2745 ctam sui, DEI ira procedit, & tarditatem supplicij grauitate compensat, Eccle
595 2747 2167 2802 siast. capite decimosexto: In gente incredibili exardescit ira. Fertur de quadam
592 2807 2162 2854 ciuitate, quae bello lacessito misit ad quendam principem pro succursu haben
602 2859 2168 2909 do: & ut illi de ciuitate eius animum citius inclinarent, exponunt sibi fortitu
592 2911 2164 2964 dinem ciuitatis in muris, & turribus, & fossatis: quibus ille pro responso remi
590 2967 2164 3022 sit. Est ne (inqu uestra ciuitas superius cooperta, ita quod ira DEI super ipsam
589 3019 2173 3085 descendere nequeat: Quod si est, libenter ueniam & defendam uos. Sin aut non,
