2371 3609
221 241 1779 293 contra iram DEI propter peccata uestra pugnare non audeo. In quadam etiam
221 295 1775 357 patria in Anglia, quae Nortfolkia nominatur, dicitur contigisse. Quod * bla
221 344 1775 414 da in aestate pulcherrima creuerant: & ecce appropinquante tempore mes
217 401 1775 454 sium, uenit quoddam genus muscarum in tanta multitudine, quod totum bla
218 454 1786 508 dum intantum consumpserunt, quod uix in quinque milliarium spacio unus
216 509 1783 559 modius inueniretur. Homines de illa patria quasdam de illis muscis coepe
221 575 1787 636 runt, & diligenter inspicientes quales essent: quia nunquam prius consimiles
217 620 1779 668 uiderant: inuenerunt eas habere literas depictas in alis suis: in una ala, scribe
221 669 1783 726 batur, ira, in alia DEI: ut manifestum esset, propter demerita populi uindictam
223 725 1785 778 diuinam fuisse. Iuxta illud Ieremiae 12. Seminauerunt triticum, & messuerunt
222 777 1782 834 spinas: haereditatem acceperunt, & eis non proderit. Confundemini a fructi
208 835 1056 885 bus uestris, propter iram furoris Domini
273 888 1800 953 Tertia conditio irae DEI est, quod in plures excitatur ob unius prauitatem.
215 941 1799 997 Nam propter unius personae malitiam flagellat DEVS aliquando unam ma
220 995 1800 1064 gnam multitudinem. Exemplum Exod. cap. 21. ubi dicitur quod tota domus
218 1050 1784 1103 Abimelech sterilis facta fuit, propter demeritum Abimelech, & totus popu
227 1103 1800 1162 lus Israel propter peccatum * Achor punitus fuit. Vnde dicitur ibi: Non pote
220 1160 1786 1214 ris stare contra inimicos tuos, donec deleatur ex te, qui contaminatus est hoc
222 1212 1789 1265 scelere, dicit Dominus ad losuam, Iosuae 7. Propter quod legimus Phinees di
227 1266 1779 1332 xisse cuidam patri filiorum Israel, Iosuae 22. Vos hodie Dominum reliquistis,
233 1321 1799 1374 & cras in uniuersum Israel ira eius desaeuiet. Nonne lAchor filius Zare prae
231 1380 1799 1431 terijt mandatum Domini: & super omnem populum Israel ira eius incubuit.
223 1430 1779 1485 Dominus enim aliquando punit unum hominem pro peccato alterius tem
223 1486 825 1553 poraliter, sed aeternaliter non.
299 1539 1800 1600 Quarta contradictio irae DEI est, quod non mitigatur nisi per humilitatem.
218 1592 1783 1648 Natura enim Ieonis est non irasci, nisi laedatur. Prostratis enim hominibus par
232 1659 921 1713 cere dicitur. Iuxta illud poëticum:
355 1702 1102 1770 Parcere prostratis scit nobilis ira leonis
228 1756 1794 1811 Eodem modo CHRISTVS non irascitur, nisi laesus. Vnde Esa. 64. Ne irasceris
232 1811 1800 1879 Domine satis, & ne ultra memineris iniquitatum nostrarum. Vnde nota quod
235 1864 1795 1927 quantumcunque DEVM offenderis, si te humiliaueris placabis eum, 2. Paralip.
241 1933 1237 1999 12. Quia humiliati sunt, auersa est ira DEI ab eis.
457 2647 1788 2711 OSTQVAM declaratum est, quo Aegyptij persequentes filios Israel,
459 2717 1800 2767 utebantur contra eos uehementi malitia: In ista parte ostenditur con
451 2758 1798 2811 sequenter, quod statim postea submersi fuerunt, ex conuenienti di
444 2808 1790 2884 uina iustitia. Et primo tangitur eorum poena. Secundo ipsius poenae fi
227 2868 1801 2928 nalis causa. ibi: Vt quae deerant. Ex parte poenae dicitur sic: Ducebatenim illos, scili
222 2926 1824 2984 cet Aegyptios & persecutores filiorum Iirael. ad hunc sinem, scilicet ut periclitarentur
229 2974 1799 3044 in mari rubro, digna necessitas: id est, exigentia culpae, quae talem mortem meruit. Nam
230 3040 1824 3094 omnium plagarum praecedentium, quae eis acciderant obliti fuerunt ex eorum pertinaci
