2371 3609
570 199 2152 257 malitia. Et ideo dicit: Et horum quae acciderant commemorationem amittebant.
572 261 2148 321 Causa uero finalis tangitur in genere cum dicitur: Quae deerant tormentis reple
576 305 2146 374 ret punitio: id est, id quod deerat plagis, quas euaserant, repleret: id est, perfecte
578 376 2152 431 consummaret, punitio usque ad mortem. Sed in specie ipsa causa finalis magis
593 417 2149 474 exprimitur, qua scilicet Aegyptij submersi sunt in mari rubro. Cuius submer
584 477 2156 540 sionis duplex est ratio. Vna fuit, ut populus DEI transiret magis mirabiliter:
583 528 2151 584 Alia, ut Aegyptiyinusitata morte perirent miserabiliter. Praeterea enim magis
585 594 2161 648 miramur filios Israel impune transisse, cedente illis mari: quia etiam uidemus
583 634 2151 694 Aegyptios submersos fuisse, mari super eos denuo redeunte. & hoc quod di
585 689 2155 748 cit: Et populus quidem mirabiliter transiret ipse per siccum in medio matis. Illi
583 745 2147 802 autem: id est, Aegyptij novam mortem inuenirent. Haec mors dicitur nova fuisse,
579 815 2143 864 non quia multi homines ante submersi non fuissent, sed propter modum sub
589 855 2147 918 mergendi. Quia nutu diuino recepit eos omnes, mare stans ab utraqe parte si
585 904 2155 968 cut murus: Et cum omnes submersi fuissent, & filij Israel iam littora attigissent,
586 956 2162 1017 diuisit mare in alueum suum, & omnes Aegyptios conclusit. Moraliter loquen
589 1018 2150 1070 do, sic frequenter accidit, quod illud quod est materia promotionis in princi
590 1084 2158 1138 pio, est causa confusionis in termino: Mundus quandoque cedit homini in prin
584 1136 2154 1189 cipio fauendo sibi, & dando sibi diuitias & honores: donec fuerit perfecte im
588 1184 2160 1247 plicatus curis & solicitudinibus, & superbia seculari: & tunc quando credit se
596 1232 2158 1287 esse in optimo statu, & apice suae dignitatis, commouet perturbationes, & per
595 1288 2157 1342 secutiones deijciendo eum, ut in Psal. dicitur: Deiecisti eos, dum alleuarentur.
652 1332 2168 1401 Circa iulam clausulam: Ducebat enim illos digna necessitas ad hunc finem.] No
596 1407 2158 1459 tandum est, quod quatuor modis communiter homines male ducuntur. Qui
599 1450 2161 1505 dam enim abducuntur illecebrosa sensualitate, quidam pernitiosa familiarita
608 1502 2154 1559 te, quidam praesumptuosa temeritate, & quidam malitiosa seueritate. Primo
595 1555 2161 1614 ducuntur quidam illecebrosa sensualitate. Hi sunt qui non secundum ratio
605 1617 2171 1678 nem, sed secundum passionem uiuunt: qui non quod honestum, sed quod est
601 1667 2157 1722 delectabile in omnibus quaerunt. Sic ductus est iuuenis ille uecors, quem mu
597 1720 2163 1783 lier irretiuit multis sermonibus, & blanditijs labiorum pertraxit illum: & sta
598 1786 2164 1842 tim illam sequitur quasi bos ductus ad uictimam, Proverb. 7. Narrat Fulgen
599 1832 2149 1883 tius 1. Mytholog. Quod cum Admetus rex Alcestam duxerat in uxorem, con
593 1896 2161 1945 tigit Admetum infirmari, consuluit Apollinem quomodo posset ab infirmitate
591 1950 2163 2005 curari. Responsum est per Apollinem, quod curari non posset nisi aliquis de
590 1992 2154 2044 suis propinquis pro eo moreretur uoluntarie. Quo intellecto Alcesta, mor
592 2048 2167 2099 tem sponte subijt, & ad inferna descendit. Quo cum Hercules uenisset, ut inde
600 2103 2164 2154 Cerberum traheret, Alcestae compatiens, eam ab inferis liberauit. Moraliter:
603 2160 2151 2226 mens humana, & sensualitas adinuicem copulantur sicut sponsus & sponsa,
611 2214 2167 2277 uir & uxor. Vir infirmatur, quando cogitationibus uarijs agitatur, clamat ad
604 2271 2167 2325 DEVM cum Psalmo: Miserere mei Domine, quoniam infirmus sum, sana me
604 2317 2160 2371 Domine. Quia sic orare debemus quando mens infirmatur: id est, tentatur:
602 2373 2168 2426 hoc est, DEVM sapientiae pro consilio requirere. Respondit autem DEVS per
603 2426 2161 2479 Scripturas suas, quod oportet ad hoc, quod spiritus consequatur salutem, unum
602 2484 2160 2533 de propinquis suis uoluntariam mortem subire: id est, carnem nostram uolun
601 2536 2167 2602 tarijs poenitentijs mortificari: quia nisi caro moriatur, spiritus uitam gratiae non
605 2590 2154 2653 habebit. Et hoc est, quod dicitur ad Rom. 8. Si secundum carnem uixeritis, mo
600 2642 2158 2697 riemini. Si autem facta carnis mortificaueritis, uiuetis. Caro mortificata per
605 2701 2173 2762 poenitentiam rationabilem, tandem descendit ad inferos, quando in terra de
608 2752 2164 2813 qua natus est, finaliter reuertetur. Sed per Herculem uirtuosum, per quem
607 2806 2162 2861 CHRISTVM accipimus, in resurrectione generali resuscitabitur, & uiro suo
607 2861 2160 2926 perpetuo iungetur. Caro igitur in hac uita ductrix nostra esse non debet, ut se
601 2917 2169 2968 cundum sensuales illecebras ducamur, sed magis secundum spiritum duci de
594 2968 2158 3023 beamus. Ad Gal. 5. Spiritu ambulate, & desideria carnis non perficietis. Et in
590 3033 2164 3090 fra: Si spiritu ducimini, non estis sub lege, uidelicet carnalis concupiscentiae,
