2371 3609
224 261 1786 319 quae lex carnis dicitur ad Roman. 7. Video aliam legem in membris meis, re
214 320 833 375 pugnantem legi mentis meae.
274 366 1776 419 Secundo sunt quidam, qui ducuntur pernitiosa familiaritate: Bernitiosa res
220 420 1774 473 est nimia familiaritas cum personis uitiosis. Et ratio est: quia sicut dicit Hugo
230 473 1785 528 de sancto Victore libro suo de Arrha animae: Ea est uis amoris, ut te talem esse
216 530 1785 579 necesse sit, quale sit illud quod amas, & cui per affectum coniungeris, in ipsius si
230 578 1789 652 militudinem dilectionis societate confirmaris. Nec mirum, cum secundum Dionys.
221 642 1776 701 4. cap. de Diui. nominibus Amor habet quandam uim excitatiuam, unitatiuam,
224 689 1785 746 & transformatiuam, quae non dimittit amatores suiipsius esse, sed amatorum.
217 740 1786 799 Et a conditionibus illius quem amat, potest homo uerissime describi, si eius
227 799 1784 849 conditiones cognoscat. Vnde signanter scribit Valerius ad Rufinum. Ethi
219 855 1782 904 cum est. Videto cui des: quasi diceret, quod homo uideat, cui dat bona sua. Il
220 907 1789 962 lud bene est Ethicum: id est, ad uirtutes morales pertinet: sicut quaedam pars
229 962 1789 1015 eius pertinet ad uirtutem liberalitatis: sed uideat cum homo det seipsum per
221 1018 1786 1081 amorem, & familiaritatem, seu amicabilem communicationem, & hoc non est
223 1068 1792 1122 ethicum, quasi pars Ethicae: sed Ethica: id est, tota uirtus moralis. Istud ergo uer
215 1124 1796 1179 bum est summe iuuenibus imprimendum. Vnde quidam senex filium suum
224 1179 1685 1232 informans, ne familiaritatem cum uitioso contraheret, metrice sibi dixit:
341 1233 1177 1308 Talem quemque fore, qualem sibi nectit amore
350 1292 1105 1341 Sermo veridicus, sic ipse sit alter amicus.
220 1336 337 1395 Huic
344 1341 1792 1408 dico alludens Aristot. 9. Ethic. cap. 11 dicit: Quod amicus est alter ipse
223 1393 1764 1448 Huius enim mores uenerare, cuius amorem appetis. Vnde quidam metrista:
346 1464 1307 1515 Quisquis amat reprobum, reprobis se facit amicum,
350 1504 1540 1557 Se negat esse probum, se facto clamat iniquum. Item:
356 1558 1089 1623 Qui tangit picem, tingit se turpi colore,
348 1626 1256 1679 Sic tibi lumme vicem, qui flagras turpis amore.
219 1662 1517 1722 Et consequenter explanat senex quem uocat turpem, & dicit sic:
352 1721 1172 1784 Turpem tetra cutis nulum faciet nominari.,
343 1768 1133 1829 Sed mens pollutis factis cupiens maculari.
212 1831 1059 1899 Et in fine alloquens filium sic concludit:
362 1887 1021 1940 Ergo caue fili turpatos crimine vili,
349 1939 1003 2007 Ne tu consimili turperis fine senili.
218 1985 1785 2047 Notandum quod Aristot. 9. Ethic. soluit tres notabiles quaestiones ad propo
222 2051 1791 2100 situm pertinentes. Prima est ista: Ponamus quod aliquis acceptet ad amici
225 2095 1789 2157 tiam uirum bonum, qui postea mutatur, & sit malus. Quaestio est, utrum ami
235 2165 1792 2224 citia ad talem sit dissoluenda. Secunda quaestio est ista: dato quod sic, utrum
223 2208 1782 2267 statim amicitia ad talem sit soluenda, uel debet homo expectare. Tertia quae
218 2267 1793 2329 stio est, utrum ad talem post dissolutionem amicitiae se debeat habere alienus,
229 2316 1783 2375 uel infamiliarius, quasi nunquam fuisset amicus. Ad primam quaestionem re
222 2378 1782 2442 spondet Aristot. dicens duo. Vnum est, quod impossibile est, quod talis ame
223 2442 1790 2496 tur a uirtuoso, cuius malitia est manifesta uirtuoso: quia solum bonum hone
220 2481 1781 2539 stum amatur a uirtuoso. Secundo dicit, quod uir honestus non debet amare ta
212 2537 1799 2603 lem, sed omnino debet dissoluere amicitiam ad talem: & ratio est: quia non est.
218 2592 1797 2649 possibile, quod diu seruetur amicitia ad talem, nisi causetur aliqua similitudo ma
223 2637 1794 2702 litiae. Ad secundam quaestionem distinguit: quia talis qui factus est malus, uel
224 2710 1795 2760 est omnino insanabilis, scilicet quod non potest reduci ad statum uirtutis, uel non
219 2753 1796 2820 Si non, sic non debet statim dimittere amicum suum, sed auxiliare ad hoc, quod
224 2807 1798 2865 recuperet bonos mores, & multomagis debet amicus eum ad hoc iuuare, quam
211 2873 1793 2926 ad recuperandum diuitias uel pecuniam: quia uirtus est maius bonum quam
219 2921 1794 2972 substantia corporalis. Si uero sit omnino insanabilis, sicut sunt inueterati dierum
216 2969 1801 3028 malorum, statim debet amicitia ad eum dissolui. Nec est inconueniens hoc facere:
213 3033 1790 3078 quia non erat amicus huic, uel tali scilicet uitioso, sed uirtuoso. Et ideo dicit Ari
221 3084 1802 3135 stot. in eodem cap. Quod illi qui simulant se uirtuosos, ut amicitiam contra
