2371 3609
583 198 2158 249 Inter istud quod maioratur per rarefactionem, & illud quod maioratur per au
583 256 2160 318 gmentationem, differentia est: quia illud quod rare fit, adquirit maiorem quan
584 298 2161 357 titatem, & occupat maiorem locum quam prius, & tamen non plus est in sub
578 357 2161 412 stantia de raro, quam fuit in denso prius, sicut patet 4. Physicorum ca. de ua
583 409 2166 465 cuo. Sed illud quod realiter augmentatur, crescit tam in substantia, quam in
584 479 2155 526 quantitate, & maiorem locum tenet, & plus de substantia quam prius habuit.
584 519 2151 575 Sicut patet 2. de Anima, & primo de generatione & corrup. Et isto modo mo
583 573 2158 628 raliter est de istis ambitiosis scholaribus, qui per solas commendationes laico
578 638 2167 691 rum nomen clerici sibi quaerunt, & adquirunt statum & locum maiorem per
588 681 2157 738 mendosas iactantias, licet indigne. De perfectione tamen scientiae non plus ha
576 734 2167 791 bent, quam prius. Aliter autem est de addiscentibus solide, & de his, qui iactan
591 789 2156 845 tiae uitium perhorrescunt. Hi enim sicut crescunt in honore, & status sublima
588 855 2166 910 tione: ita crescunt in ualore & scientiae augmentatione. Tales ergo iactatores
590 900 2166 954 male magnificant semetipsos. Ipsi enim sunt qui magis amant uocari Rabbi
593 962 2164 1027 quam esse, magis amant apparere sapientes, quam esse. Amant honores, fugiunt
590 1008 2165 1062 labores, appetunt fastigium, & nesciunt fundamentum. De quibus dicitur
590 1061 2161 1115 Matth. 23. Dilatant phylacteria sua, & magnificant fimbrias, &c. Et pro istis
597 1131 2167 1177 rogandum est, cum Psalm. Disperdat Dominus uniuersa labia dolosa, & lin
583 1182 2158 1238 guam magniloquam. Qui dixerunt linguam nostram magnificabimus: & ite
589 1236 1853 1289 rum: Vt non apponat se homo ultra magnificare super terram.
633 1280 2165 1335 Secundo se magnificant uitiose simulatores dolosi: ut sunt adulatores, qui
589 1334 2160 1386 magnificant alios, ut econuerso magnificent eos. Nam per hoc que alijs adulan
597 1391 2160 1440 tes eos magnificant, ab eis econtra magnificari sperant. Vnde iactatores &
586 1447 2163 1510 adulatores semper sunt amici. Est enim adulator quasi spectaculum superbi
584 1497 2159 1549 Senes quorum oculi incipiunt caligari, habent instrumentum quoddam quod
587 1550 2176 1605 uocatur *spectaculum siue beryllus, quod tenent inter oculum & literam, quam
582 1601 2163 1668 uolunt legere, & tunc statim litera, quae est in se ualde gracilis, apparet grossa,
592 1670 2165 1724 propter densitatem lapidis transparentis, qui est in illo instrumento, per cuius
590 1710 2155 1768 medium transit litera ad oculum: hoc est, multiplicat speciem suam: Isto modo
589 1771 2169 1824 contingit aliquando, quod homo qui paruus est & humilis parum reputat de
590 1819 2155 1886 seipso, sed si accedit unus adulator attribuit sibi gratias & uirtutes mirabiles,
593 1888 2149 1939 quarum forsan nullam habet, & si aliquam habeat, illam mendaciter extendit,
591 1929 2158 1981 & ampliat, & statim pauper qui de se nihil aestimat incipit qualis non est, se re
583 1984 2146 2052 putare: sicut dicit Seneca in epistol. 2. Incredibile est, quod magnos uiros dul
590 2042 2165 2095 cedo abducat ostensionis. Et Alanus de planctu Naturae dicit sic: Huiusmodi
581 2100 2158 2156 pestilentia percutiuntur principum laterales, Palatini canes, adulationis arti
583 2153 2154 2202 fices, fabri laudis, figuli falsitatis. Hi sunt qui magniloqua commendationis
594 2201 2159 2257 tuba in diuitum auribus citharisant: Qui mellitae adulationis fauos foris emit
588 2258 2158 2307 tunt, qui ut emungant munera, caput diuitis oleo adulationis ungunt. Praela
584 2314 2161 2378 torum auribus puluinaria laudum subijciunt, qui ab eorum pallijs, aut fictitium
589 2366 2160 2427 puluerem excutiunt: Aut uestem sophistice deplumant implumem. Et infra:
589 2417 2167 2488 Adulatores a uoluntate uultum, ab animo uerbum, a mente linguam, ab intel
577 2473 2149 2551 lectu loquelam, amplae dissentationis interuallo dissimulant: plerumque exte
594 2531 2153 2577 rius placabiliter applaudendo collaudunt, quos interius contradictoria deri
586 2578 2159 2636 sione defraudant: foris uultu applaudunt uirgineo, intus scorpionis pungunt
589 2634 2154 2686 aculeo: foris mellicos compluunt imbres adulationis, intus detractionis euo
591 2691 2156 2741 munt tempestates. Haec ille. Contra istos magnificatores dicitur Ecclesia
587 2740 2158 2796 stic. 10. Gloria diuitum honoratorum, & pauperum timor Domini est: No
577 2796 2154 2857 li despicere hominem iustum pauperem, & noli magnificare uirum diuitem
576 2862 853 2915 peccatorem.
632 2901 2160 2976 Tertio uitiosi se magnificant perquisitores pecuniosi, qui dilatant horrea
577 2961 2156 3011 sua, pecora & armenta & familiam multiplicant, superuacuas habitationes ae
587 3016 2156 3072 dificant: sic magnificatus fuit Nabal, de quo 2. Regum: Homo ille magnus
