2371 3609
212 284 1741 354 & homines ideo fallantur: quia aut religionem suscipiunt omissa sapientia,
212 345 1743 400 aut sapientiae soli student religionis cura omissa, cum alterum sine altero esse
216 403 1754 452 non possit. Et sic mihi uidetur quod accipit sapientiam autor huius libri:
216 457 1754 507 cuius ratio est: quia nomen libri communiter accipitur a materia, de qua tra
211 510 1750 561 ctatur. Nam in hoc libro non tractatur praecipue nec principaliter de aliqua
208 564 1735 615 uirtute intellectuali vel morali, sed de omni uirtute. Et ideo nomen sapien
213 619 1750 675 tiae non hic ponitur pro dono supernaturali: nec pro uirtute intellectuali,
215 671 1740 727 sed pro summa uirtutum totali. Quod autem dicit Hieron. in Prologo quod
212 727 1747 790 proinde liber Sapientiae nominatur: quia in eo CHRISTI aduentus & eius
206 779 1741 846 passio euidenter exprimitur, quae est sapientia DEI Patris, uidetur esse quae
214 838 1688 885 dam aptatio modalis uel congruentia: magis quam denominatio literalis.
263 888 1755 939 Secundo sciendum de huius libri autore: sunt enim apud sanctos uariae
218 946 1754 996 opiniones, quis autor fuerit huius libri: uidetur enim Hieronym. dicere,
211 999 1729 1058 quod Philo quidam ludaeus in lingua Graeca disertissimus librum istum,
212 1051 1748 1102 qui Sapientia inscribitur, ex multis sententijs editis a Salomone, compilauit.
218 1106 1737 1156 Vnde Philonis hunc librum dicit esse non Salomonis, nec haberi apud He
218 1158 1728 1211 braeos nec inter Scripturas sacras computari debere. Sed contra istam sen
208 1216 1741 1266 tentiam sunt euidentia argumenta. Primo quod in 4 lib. Eccles. histor. dici
218 1272 1715 1320 tur sic. Egesippus & Irenaeus omnium antiquorum * Chorus, librum, qui in
219 1329 1734 1390 titulatur Sapientia, Salomonis esse dixerunt. ltem Matth. 27. glos. praedictum
208 1391 1737 1442 erat in libro Sapientiae: Morte turpissima condemnemus eum. Ergo ante
215 1428 1734 1496 passionem CHRISTI fuit liber editus. Non ergo a Philone qui floruit tem
209 1499 1739 1553 pore Apostolorum. Item libri Philonis eiusdem in Ecclesiasticis historijs nu
218 1542 1730 1605 merantur, ubi non ponitur liber iste. ltem infra cap. 9. dicitur sic: Tu elegisti
215 1590 1734 1648 me regem populo tuo, & iudicem filiorum tuorum: quod Philoni non
214 1658 1735 1701 conuenit, qui fuit iudex Alexandrinus in Aegypto, secundum Hieron. lib. de
217 1698 1725 1755 Hebraicis nominibus. ltem Ambrosius lib. super tres quaestiones Salomonis
214 1761 1731 1820 dicit: Sapientissimus omnium hominum Salomon propheta tria proposuit
217 1814 1729 1871 impossibilia. Et infra sic ipse in libro Sapientiae suae se dominum omnipoten
221 1860 1727 1917 tem deprecatum fuisse commemorat, dicens: Da mihi Domine sedium tua
206 1912 1740 1972 rum assistricem sapientiam. Ergo uult, quod Salomon sit autor huius libri
209 1968 1734 2027 ltem beatus Augustinus fuit aliquando istius opinionis, quod lesus filius
212 2024 1737 2082 Syrach fecerit librum Sapientiae, sicut & Ecclesiasticum, Dicit namque sic: llli
222 2081 1734 2135 duo libri, unus qui Sapientia: alius qui Ecclesiasticus inscribitur, de quadam
218 2133 1737 2189 similitudine Salomonis esse dicuntur. Nam Iesus filius Syrach eos con
224 2186 1734 2244 scripsisse constantissime perhibetur. Hanc autem sententiam retractauit Au
220 2246 1739 2312 gustinus 2. lib. Retractationum cap. quarto, sub his uerbis: De autore libri
217 2301 1730 2373 quamplures uocant Sapientiam Salomonis, quod & ipsum sic Ecclesiasti
208 2348 1744 2406 cum Iesus filius Syrach scripsit, nec ita constare sicut a me dictum est, po
206 2403 1746 2461 stea didici. Et ideo probabilius comperi non esse hunc eius autorem. Ex qui
214 2458 1731 2528 bus uidetur quod beatus Augustinus dubitauerit, quis fuerit autor huius
219 2518 1367 2571 libri, uel quod senserit, Salomonem fuisse huius autorem.
266 2572 1734 2637 ltem feria quarta in hebdomada Penthecoste legitur in missa: Dixit
218 2619 1747 2678 Salomon filijs Israel: Diligite iusticiam qui iudicatis terram. Constat
224 2684 1732 2733 quod Ecclesia nec dubium nec falsum asserere uult in missa. Propter
224 2720 1743 2786 istas septem rationes tenendas apparet, quod Salomon fuit autor istius
217 2783 1743 2841 libri principalis. Possibile est autem quod ludaeus ille Philo qui multum
218 2835 1741 2896 fuit peritus in lingua Graeca, librum Salomonis uel libri sententias, quomodo
221 2902 1739 2950 cunque contentas in Graeco ediderit, & quod de Graeco translatus sit liber suus
212 2957 1727 3017 in Latinum, & pro tanto ipsius autor dicatur. Quantum autem ad Hieron.
