2371 3609
590 197 2154 264 in scientiai sed iustus in uita. Os (inquam)iusti. Non enim auditores legis iusti
596 253 2152 306 sunt apud DEVM, sed factores legis iustificabuntur, Rom. 2. Distinguit enim
602 305 2143 362 Aristot. 5. Ethic. iustitiam quadruplicem, scilicet distributiuam, commutati
600 358 2159 416 uam, dominatiuam, & paternam. Primo ergo deuotus moralis debet habere
600 415 2152 469 iustitiam distributiuam, ut quod sine fictione didicit sine inuidia, communi
598 460 2160 523 cet alios liberaliter instruendo. Proverb. 10. Labia iusti erudiunt plurimos.
602 525 2160 581 Iustitiam commutatiuam debet habere, ut nequaquam pro doctrinae merito,
601 574 2145 632 famam humanam intendat pro praemio Matth. 5. Attendite ne iustitiam ue
599 629 2166 685 stram faciatis coram hominibus, scilicet propter temporale lucrum, sed perpe
600 697 2163 748 tuum. Dan. 12. Qui ad iustitiam erudiunt multos, quasi stellae in perpetuas
602 735 2160 793 aeternitates fulgebunt. Habeat & tertio iustitiam dominatiuam, instinctus be
605 792 2157 848 stiales carnis compescendo legibus rationis. Et hoc est quod docet Plato in
602 843 2160 903 Phoedone ante medium. In hoc (inquit) manifestus est philosophus, si absol
603 895 2160 955 uat animam a corporis comunione, differentius alijs hominibus. Et cito post:
601 953 2161 1013 Anima philosophi inhonorat corpus, & fugit ab eo, quaeritque ipsa secundum
603 1007 2160 1071 seipsam fieri. Isti concordat commentator Auerrois in prologo 6. Physico.
603 1060 2163 1120 ubi loquens de inclinationibus carnis, & corporis passionibus, dicit sic: Stu
608 1117 2151 1173 dentes (inquit) cum sciuerint uilitatem earum, expellant eas a se, & odiant eas
607 1182 2163 1235 maximo odio: & sic erunt casti, retinentes leges diuinas, & obedientes legibus
614 1238 2160 1283 naturalibus. Haec commentator Psal. Damnabuntur eorum iusti in matuti
602 1292 2158 1344 no. Habeat quarto iustitiam paternam: humanitatem patris errantibus exhi
603 1331 2157 1391 bendo. Sap. 12. Docuisti populum tuum per talia: quoniam oportet iustum
609 1389 2158 1454 & humanum esse. Tertio principaliter Sacra scriptura est a Theologo prospi
614 1459 2164 1501 cienda per seriosam considerationem, quod notatur cum infertur: Meditabi
616 1508 2169 1564 tur. In Psalm. In lege Domini voluntas eius & in lege eius meditabitur die ac
608 1550 2156 1607 nocte. Ista meditatio temperat corporis uoluptatem, mitigat mundi tempe
607 1603 2165 1671 statem, praedicat DEI pietatem, excitat hominis charitatem. Primo dico quod
609 1663 2158 1726 haec meditatio temperat corporis uoluptatem, Eccles. 12. Frequens medita
615 1727 2169 1777 tio carnis afflictio est. Et Hieronymus: Ama scientiam Scripturarum, & carnis
611 1767 2157 1824 uitia non amabis. Secundo haec meditatio mundi mitigat tempestatem. Vn
610 1827 2160 1877 de Hieronymus super Epistolam ad Ephesios: Si aliquid est, quod in hac uita
604 1888 2166 1944 uirum sapientem teneat, & inter pressuras & tentationes mundi aequo animo
617 1943 2167 1997 permanere suadeat, illud primum esse reor, meditationem & scientiam Scri
616 1996 2156 2052 pturarum. Tertio haec meditatio praedicat DEI pietatem. In Psal. In matutinis
610 2050 2160 2093 meditabor in te: quia fuisti adiutor meus. Quarto ista meditatio excitat ho
617 2097 2154 2147 minis charitatem. In Psal. In meditatione mea exardescet ignis. Ista meditatio
610 2150 2166 2201 Sacrae scripturae non debet esse transitoria, sicut de dialectica dixerunt quidam
604 2204 2176 2263 antiqui, quod est a limine salutanda: Sed debet esse morosa, & diuturna, &
613 2269 2169 2319 continua. Et eo feruentior, quo homo senior inuenitur, Eccles. 14. Beatus uir
613 2311 2159 2372 qui in sapientia morabitur, & qui iustitiam meditabitur. Vnde Hiero. ad De
610 2369 2160 2418 metriadem uirginem Sacrarum scripturarum ardor nulla prorsus aetate extin
617 2427 2169 2494 guitur: imo ut secularis auctoris utar sententia, potius aetate inflammatur: Et
617 2462 2169 2524 Gregor. 20. Moral cap. 1. Scriptura sacra paruulis humili sermone blanditur:
616 2526 2163 2580 quae nec sic clausa est, ut pauesci debeat, nec sic patet, ut uilescat: sed usu fasti
613 2583 2166 2649 dium tollit, & tanto diligitur, quanto plus meditatur. Quarto principaliter
617 2635 2161 2687 Scriptura sacra est recolligenda cum saporosa delectatione. Et ideo merito uo
617 2688 2162 2741 catur sapientia quasi sapida scientia, de qua loquens Hugo de sancto Victore
608 2744 2168 2806 libro suo primo de Anima, dicit sic: Nihil in hac uita dulcius sentitur, & nihil
602 2796 2175 2853 auidius sumitur: Nihil ita mentem ab amore mundi separat, nihil sic animum
616 2854 2170 2905 contra tentationes roborat, nihil ita hominem excitat, & adiuuat ad omne bo
612 2907 2168 2958 num, sicut studium Sacrae scripturae. Et in eodem uolumine lib. 3. dicit: In re
609 2959 2176 3011 fectorio Sacrae scripturae tres mensae: id est, tres intellectus ponuntur: historia
604 3013 2178 3066 lis, mysticus, & moralis: prima mensa simplicibus: secunda doctoribus: tertia
