2371 3609
181 236 1723 284 communis est utrisque. In prima est cibus grossior: In secunda subtilior: In ter
183 289 1715 339 tia dulcior. Prima continet saporem exemplorum: Secunda uim gestorum:
194 342 1715 406 Tertia dulcedinem morum. Et infra: In hac scriptura quidquid docetur, ueri
184 404 1735 448 tas: quidquid praecipitur, bonitas: quidquid pmittitur, felicitas. Nam DEVS
191 447 1731 501 ueritas est sine fallacia, bonitas sine malitia, felicitas sine miseria. Haec Hugo.
189 502 1732 556 Est ergo ista scientia inobfuscabilis in decore, inseparabilis in uigore, inappre
186 559 1726 607 ciabilis in ualore, interminabilis in honore. Primo dico quod est inobfusca
181 611 1725 663 bilis in decore. Sapien. 6. Clara est, & quae nunquam marcescet, sapientia: Se
187 665 1725 716 cundo insuperabilis in uigore. Sap. 5. Melior est sapientia quam uires. Et Sa
183 722 1728 784 pien. 10. Omnipotentior est sapientia: Tertio est inappreciabilis in ualore.
233 772 1681 823 Proverb. 8. Melior est sapientia cunctis opibus preciosissimis. Quarto
326 827 1595 881 interminabilis in honore: quia Sap. 6. Concupiscentia sapien
451 883 1476 936 tiae deducet ad regnum perpetuum. Ad quod nos
612 931 1307 1003 perducat, qui sine fine uiuit, & re
828 989 1104 1057 gnat, Amen
