2371 3609
357 432 1763 505 Ertur quendam fuisse lmperatorem, & habuisse quandam filiam, delicate
361 500 1765 561 nutritam, quae voluntarie sequuta est raptorem. Veniens pugil fortissimius.
364 549 1758 596 in bello iusto contra eum, & raptorem ipsum debellauit, & lmperatoris fi
371 597 1759 659 liam reduxit, & eam patri reconciliauit: Quam pater post reconciliatio
204 666 1755 728 nem viro nobili in vxorem copulauit, & in illo coniugio filia recepit multa & va
218 709 1750 758 tia dona a patre suo. A patre suo recepit tunicam polymitam, undique varse intex
205 755 1749 812 tam, in qua scriptum erat: Dimisi tibi, ne adijcias male agere. A rege recepit coro
206 829 1756 894 nam auream, habentem hanc inscriptionem. Ex me tua dignitas. A propugnatore
215 871 1758 924 recepit anulum, in quo hec scripta erant: Dilexi te, disce diligere me. A mediatore
204 923 1757 976 recepit alium anulum, habentem inscriptum hoc: Nobilis effecta es, nobilitatem
211 979 1758 1028 tuam ne contemnes. A fratre proprio alium anulum recepit, in quo scriptum sic e
206 1039 1763 1100 rat: Accede ad me, ne timeas, frater enim tuus sum. A sponso accepit sigillum, in
213 1086 1122 1151 quo sic scriptum erat. Coniuncta es, noli errare. 7:
320 1219 1764 1281 Dpropositum. Haec omnia possumus conspicere in CHRISTO, qui nos
323 1284 1748 1352 per passionem suam a dominio raptoris Diaboli plenarie liberauit. Im
332 1350 1755 1404 pefator enim est super terrenarum rerum machinam: Rex autem est: quia
204 1403 1750 1459 in femore suo habet scriptum: Rex regum & Dominus dominantium. Pater
212 1439 1759 1493 etiam est, Deuteron. 32. Non ne ipse est pater tuus, qui possedit, fecit & crea
217 1502 1764 1560 uit te: Cuius filia est anima rationalis: quae cum consentit peccato mortali, a
215 1551 1760 1605 Diabolo raptore uolens abducta est. Pugil qui raptorem deuicit est CHRI
205 1611 1772 1669 STVS: nam de eo canit Ecclesia: Non est alius qui pugnet pro nobis, nisi tu
218 1658 1765 1711 DEVS solus. Frater noster est, ad Hebraeos 2. Annunciabo nomen tuum fra
218 1718 1755 1767 tribus meis: loan. 20. Vade ad fratres meos, &c. Sponsus animae est CHRI
217 1767 1762 1822 STVS, Oseae 2. Sponsabo te mihi in fide. Per istum enim reconciliati sumus
218 1820 1779 1876 Patri coelesti, & ad pacem uocati: Ipse est pax nostra. qui fecit utraqe unum. Vn
211 1880 1760 1936 de per ipsum praedicta dona recipimus. Tunicam talarem dedit animae, scil
218 1940 1771 1995 carnem suam candidissimam dedit nobis pro nostra redemptione, quae fuit
221 1984 1753 2051 polymita uel puluerisata rosis rubeis. Quia in sua flagellatione suorum uul
218 2042 1757 2092 nerum sputo & sanguine erat intincta: in cuius textura est uulnerum multi
215 2087 1760 2160 plicatio. Et in illa tunica congrue potuit scribi: Dimisi tibi, ne adijcias male a
217 2156 1752 2210 gere: dimisi inquam tibi, quia redemi te: & ideo ne adijcias saepe male agere,
213 2209 1777 2254 sed uade, & noli iam amplius peccare. Iste etiam Rex noster dedit nobis coro
218 2248 1759 2308 nam auream gloriosam, dum pro nobis uoluit coronari: Et uere in ea possu
222 2318 1758 2362 mus inuenire scriptum: Ex me tua dignitas: quia per hanc nobis meruit coro
215 2367 1758 2417 nari corona uitae, quae intexitur duodecim lapidibus quasi gemmis nobilissi
221 2411 1758 2469 mis: quae sunt: Vita sine morte, iuuentus sine senectute, pulchritudo sine de
218 2465 1762 2523 formitate, laetitia sine dolore, charitas sine fletu, poenitentia sine defectu, ami
227 2532 1759 2579 citia sine odio, pax sine murmure siue iniquitate, uelocitas sine ponderositate,
221 2572 1766 2631 scientia sine errore, memoria sine obliuione, sanitas sine infirmitate. Ex qui
224 2631 1759 2685 bus omnibus bene potest dici, quod ex illo est nostra dignitas: quia per eam
224 2696 1754 2745 de filijs irae nati sumus filij & haeredes regni coelestis. CHRISTVS etiam pro
225 2736 1753 2795 pugnator noster dedit nobis anulum unum rotundum scilicet dextrae manus
223 2787 1765 2846 Vbi uere possumus inuenire scriptum: Dilexi te, Apocal. 1. Dilexit nos & lauit
229 2835 1769 2901 nos a peccatis nostris: Et ideo discamus eum rediligere. Similiter CHRISTVS
230 2895 1773 2954 Mediator noster dedit nobis anulum unum, scil. manus sinistrae foramen: ubi
230 2950 1777 3012 uidere possumus scriptum: Quid feci tibi: quantum cognosce: Memetipsum
224 3017 1760 3061 exinaniui, formam serui accipiens: quia certe DEVM feci hominem, immor
230 3068 1764 3123 talem mortalem, diuitem pauperem. Quare: certe ut hominem perditum re
