2371 3609
222 223 1764 306 bona Domini in terra uiuentium. Ad cuius uocem incipit aqua praui appe
217 289 1755 340 titus mox moveri: quoniam cum incipit homo contemplari diuina, tunc in
224 344 888 390 cipiunt in eo commoueri terrena
271 383 1759 454 Secunda uirgo, scilicet continentia respectu auditus cantauit: Audiam quid
212 424 1757 527 loquatur in me Dominus DEVS: quoniam loquetur pacem in plebem suam,
223 493 1766 556 & super sanctos suos, &c. Item: Auditu auris audiui te, &c. Ad cuius uocem
221 549 1753 612 incipit aqua tumescere, & a profundo eleuari: Quoniam cum homo coelestes
225 603 1749 667 delectationes aure mentis percipit, delectationes carnales eradicare, a fundo
217 664 908 725 amouere incipit, & eas contemnit.
281 706 1759 773 Tertia uirgo uidel continentia respectu gustus cantat: Gustate & uidete:
211 772 1759 846 quoniam suauis est DOMINVS, &c. Ad cuius uocem incipit aqua mali appe
221 823 1759 893 titus clarescere: id est, eius turbatio abscedere. Quia cum interne gustatur Do
212 866 1746 929 minus, necessario cessat turbatio mali appetitus: quia nullo modo simul sta
205 921 438 988 re possunt.
284 973 1757 1041 Quarta uirgo scil continentia respectu odoratus cantat cum sponsa in Can
218 1029 1746 1093 ticis: Nardus mea dedit odorem suauitatis. Ad cuius uocem aqua mali appe
206 1102 1749 1165 titus incipit defluere. Quia tam flagrans & uehemens est amor, & odor dile
213 1144 1729 1199 cti sponsi, quod in eius praesentia no potest anima alterius rei sentire odorem.
278 1211 1754 1264 Quinta uirgo respectu tactus cantat cum sponsa. Ego dilecto meo, & dile
212 1256 1740 1309 ctus meus mihi, qui pascitur inter lilia. Ad cuius uocem aqua mali appetitus
214 1302 1746 1379 prorsus euanescit. Quia cum anima in sponsi amplexibus iucundatur, omnes
212 1370 1744 1431 mali appetitus in anima hominis mortificantur: Et sic anima exauditur pro
213 1408 609 1477 gratia impetranda
397 1611 1757 1681 Efert Boëthius de consolatione libro quarto, metro tertio: quod quidam.
395 1701 1759 1756 miles, quem Neritium ducem vocat in carmine, nomine Vlysses, cum so
404 1736 1749 1796 cijs suis rediret de bello Troiano, errando per mare depulius est in quan
405 1800 1738 1859 dam insulam, in qua habitabat quaedam maga nomine * Circe, quae fuit
201 1844 1757 1892 recina. Ista maga de quibusdam herbis potum praeparauit, & dedit socijs Vlistis, &
203 1893 1757 1951 biberunt, & statim in diuersa animalia sunt mutati. Sed Vlysses habens florem de
213 1955 1743 2000 Mer curio in manu sua, & isti maëae eum ostendens, per virtutem istiusstoris eua
199 1999 988 2072 sit, erupit, ne mutaretur sicut soci lui, &c
287 2159 1740 2221 Er istum Vlyssem intelligo CHRISTVM: per socios suos omnes homi
293 2219 1744 2275 nes qui CHRISTO assimilantur per naturam sibi iunctam. Per magam
303 2272 1757 2324 illam intelligo mundi deceptoriam uanitatem: per insulam, mundum. Nam
209 2326 1731 2378 ista maga, mundi scilicet uanitas potum secum portat & parat sociis Vlyssis, quan
203 2378 1740 2428 do homines inducit ad diuersa peccata, ex quibus habetis delectationibus in a
210 2432 1732 2485 nimalia irrationabilia transformantur: quia de peccato ad peccatum ex appe
199 2485 1743 2543 titu sensitiuo ducuntur. Sed nota in quae animalia homines modo transfor
210 2555 1743 2606 mati sunt. Certe in simiam, bubonem & asinum. Per simiam intelligo super
206 2594 1737 2662 bum, qui sicut simia uult facere omnia quae uidet alios facere, & omnia sibi li
209 2659 1740 2722 cere putat. Et ideo nota narrationem de simia, quae proprium collum uoluit
202 2703 1736 2762 amputare: ita faciunt modo homines: & ita bene per simiam intelligimus su
196 2753 1728 2835 perbum. Per bubonem intelligo luxuriosum. Quia sicut uidemus, quod bu
208 2807 1741 2877 bo communiter non uolat, nec diligit nisi tenebras: ita luxuriosi modo ma
205 2873 1733 2929 nent in tenebris peccatorum, & diligunt loca obscura, ut ibi compleant pra
201 2930 1734 2982 uas suas operationes. Per asinum intelligo cupidum. Nam sicut asini quan
206 2983 1728 3026 tumcunque grauibus oneribus succumbant, nunquam tamen recalcitrantur. Sic
207 3036 1735 3091 cupidi quantumcunque diuitijs affluant, non tamen satiantur, nunquam di
