2371 3609
618 231 2154 303 cunt, satis est. Nota quomodo primi nostri parentes potati sunt de illo potu
626 292 2177 354 & quomodo transformati erant, & similitudinem DEI amiserant, &c. Sed
638 338 2169 412 de isto potu non bibit Vlysses, quoniam praeseruatus fuit flore Mercurij: id
623 409 1217 471 est, potestate suae diuinitatis
793 645 2166 720 Egitur secundum Remigium in annalibus ludaeorum, quod erat quaedam
790 717 2173 783 domina adamata & desiderata a quatuor regibus, quae sibi varia dona
782 781 2174 844 promiserunt, & literas diuersas scripserunt. Litera prima missa a primo re
788 846 2175 896 ge scilicet Carne, hec erat: I voluptate delitiaru erit tota vita tuasi con
793 876 2167 935 iuncta mihi fueris per emorem. Litera secunda missa a secundo Rege scil. 2
629 931 2185 993 Mundo talis est: In abundantia diuitiarum & gaudij cordis deduceres dies tuos si
642 993 2170 1051 coniuncta mihi fueris per coniugium. Litera transmissa dominae a tertio rege scili
626 1054 2167 1103 cet Diabolo, haec est: Super omnes te extollam per superbiam, si mihi coniuncta fue
637 1092 2179 1151 ris per obedientiam. Litera quarti regis videlicet CHRISTI sic erat: Si mthi con
637 1151 1335 1214 senseris, regina eris in faelici vita, &c
682 1272 2163 1340 Sta domina est anima rationalis in homine: si uult euadere laqueos litera
685 1347 2170 1413 rum trium regum, unicuique regum sic respondebit. Responsio dominae pri
686 1393 2178 1453 mo regi: Voluptatem & delectationem frequenter sensi, sed earum finis est
630 1443 2167 1500 amarus, ideo respuo. Responsio dominae secundo regi: Diuitiae mundanae &
640 1506 2166 1566 gaudia humana crebro ueniunt & transeunt sicut umbra, ideo respuo, quia fal
644 1557 2166 1619 libilia esse cerno. Responsio dominae ad tertium regem: De superbia & excel
641 1608 2176 1660 lentia nolo amplius gloriari, quia mors tollit pauperem cum nobili militari.
632 1661 2193 1716 Responsio dominae ad quartum regem: Corde toto te affecto, nolo alium prae
638 1715 1770 1767 dilecto, pro omnibus transgressionibus ueniam expecto.
845 1983 2168 2047 nrrat quidius in 2. Met amorphoseun libro, quod Aitalanta erat quae
842 2036 2179 2101 dam virgo valde pulchra & agilistima: & concedebatur ei a dijs, quod
848 2105 2177 2140 nullus eam duceret in vxorem, nisi esset velocior ea, & citius ad termi
847 2142 2168 2195 numst adij posset peruenire. Deinde & hoc constitutum erat a dijs, quod
619 2193 2168 2262 si aliquis citius ea perueniret ad stadij terminum, quod caput virginis amput are
631 2260 2170 2315 tur, & in profundissimum puteum mitteretur. Accidit super hoc, quod quidam iu
626 2302 2175 2355 uenis Hippomenes virginem istam adamauit, & volens eam in vxorem ducere, di
638 2371 2170 2422 xit: Se citius ea peruenturum currendo ad terminum stadij, & vt commodius faceret.
633 2409 2166 2461 compar auit sibi tria poma aure4. Et iam currentibus, cum virgo velocius eo curre
620 2465 2165 2532 ret, proiecit ante oculos virginis in via pomum primum aureum: sic eam pertransiit.
620 2516 2167 2569 Secundo virgo velocius currit iiuene, & protinus attingens medium stadij, iterum
623 2579 2166 2638 alterum pomum proiecit in terram ante oculos virginis. Quod vidit virgo, iterum
631 2620 2170 2693 sistebat a cursu suo, & pomum accepit. Et sic iuuenis eam cursu anticipauit, & ci
629 2693 2168 2748 tius ca ad medium stadij peruenit. Tertio videns virgo iuuenem citius eam pra
632 2735 2156 2794 currere, iterum eum praecurrit: & iuuenis tertium ponum proiecit in terram ante
626 2784 2169 2834 oculos eius. Quod cernens virgo, a cursu desistens, accepit sibi pomum. Et dum esset
616 2843 2173 2908 remorata & Iollicita circa tertium pomum colligendum, Hippomenes eam cursu su
692 2909 2083 2962 perauit, & ad terminum stadij citius peruenit. Quod dij videntes virgi
898 2949 1878 3000 nis caput amputauerunt, & eam in profundissimum
1184 3005 1593 3067 puteum proiecerunt.
