2371 3609
591 231 2146 288 rarunt: ut Salomon sapiens in senectute mente deceptus adorat idola, 3. Re
584 288 2154 351 gum lib. 11. cap. Cicero iam senex eloquentissimus destruxit Rempublicam
597 345 2150 400 Romanam, & libertatem commendatione adolescentis in extremam perni
595 399 2154 453 ciem deduxit. Samson fortissimus quanto adultior, tanto morti & casui uici
588 446 2147 507 nior. Sic Saulum regem potentem mens decepit adulta, ut a Domino & ueri
596 506 2149 564 tate defecerit. Igitur in omnibus donis tuis te humilem exhibe, & in cunctis
589 550 2154 614 rebus hominem te esse cogita, cuius proprium est errare, raro recte sapere &
589 612 2150 667 bene agere. Perpende illud dictum Solonis philosophi: Foelicitatis iudex ul
588 676 2159 727 timus dies, sicuti & Ouidius libro 3. Metamorphos. Solonis sententiam pul
599 725 1097 793 chre proponit inquiens:
1038 772 1518 847 sed scilicet vltima semper
854 825 1624 902 Expect anda dies homini est, dicique beatus
851 892 1710 952 Ante obitum nemo supremaque funera debet.
658 941 2151 997 Quarta conditio personae humilis est, quod sit boni iudicij, & bonae opi
599 987 2158 1048 nionis, quantum ad proximos: In cuius figura scribebatur sic: Sumpia, &c
594 1052 2153 1111 Exemplum de hoc habetur in Sacra scripturatquod tamen aduersatur quartae
590 1108 2151 1162 conditioni humilitatis iam nominatae) de Michol uxore Dauidis, quae male
594 1150 2155 1214 iudicauit de Dauide marito optimo: propterea priuauit eam DEVS liberis,
598 1211 952 1280 lib. 2. Reg. cap. 6.
664 1254 2157 1326 Quinta conditio personae humilis est, quod sit promptae obedientiae & bo
590 1308 2129 1375 nae executionis. In cuius figura scribebatur iule versus: Sic sum depicta, &c
595 1358 2162 1431 Exemplum conforme habetur de beata uirgine Maria, quae ad uocem angeli
598 1432 2147 1482 mox respondit: Ecce ancilla Domini, fiat mihi secundum uerbum tuum. Vn
601 1478 2164 1537 de D.Ambrosius inquit: Ex castitate DEO placuit, sed ex humilitate DEVM
602 1537 882 1603 concepit, &c
673 1803 2158 1869 Nago penitentiae, quam depinxerunt sacerdotes deae Vestae secundum Remigium.
674 1863 2145 1912 Penitentia depingebatur ad modum vnius hominis nudati per totum corpus.
683 1909 2160 1983 qui tenebat in manu sua quoddam flagellum quinque folia ferens, in quo scribe
667 1961 2158 2031 bantur quinque ver sus vel sententiae. Scriptura primi folij talis erat: Peccaui, ces
589 2024 2163 2085 sare volo, quod peccaut, grauiter doleo. Scriptura secundi folij hec erat: Pemtentia
602 2071 2155 2132 ubenter me affuigo, quia contra DEVM iniuste egi. Scriptura tertij folij talis erat:
601 2121 2152 2180 Totam meam spem pono in celum, ubi DEVS propitius est, & pro misericordia la
594 2195 2147 2247 chrymabiliter precor DEVM. Scriptura quaerti folij talis erat: Exercere volo ope
588 2243 2155 2303 ra misericordiae: vt mihi aperiatur porta veniae. Scriptura quinti folij talis erat: In
595 2287 1534 2342 uita bona perseuerabo propter gaudium celi, &c
637 2450 2149 2511 Mago poenitentiae, tenens in manu flagellum cum quinque folijs, in signum
636 2506 2153 2554 est, quod si peccator uelit uenire ad DEO acceptam & sanctam uitam, opor
644 2567 2142 2626 tet necessario, quod primo habeat confessionem oris, contritionem cordis,
589 2615 2152 2670 & mutationem uoluntatis: & hoc est, illud quod signatur per illum uersum:
593 2675 2140 2737 Peccaui, cessare volo, &c. Postea oportet, quod homo det se spontaneae poeni
587 2721 2146 2780 tentiae: id est, uoluntarie se submittat flagello contritionis: & hoc signatur per
584 2779 2145 2847 secundum uersum: Penitentia me libenter affligo, &c. Tertio oportet, quod
593 2831 2138 2885 homo ponat spem & fiduciam in DEI pietate & misericordia: & hoc signifi
589 2888 2146 2936 catur per tertium uersum: Totam meam spem, &c. Quarto oportet quod ho
580 2947 2145 2988 mo se det operibus pietatis, & studeat innocentiae: & illud signatur per quin
587 2993 2146 3046 tam sententiam: Exercere volo opera, &c. Quinto oportet, quod homo per
586 3050 2147 3115 seueret in bono: Quoniam qui perseuerauerit in finem, saluus erit, Matth. 24.
