2371 3609
575 227 2143 289 eorum inciderint in seruitutem regis Pharaonis. Alij faciunt homagium Dia
581 271 2146 337 bolo per xaccidiam, sicut fecit Heli facerdos senex. Sed de homagio * accidiae
583 328 2140 392 fecit DEVS uindictam: quia priuauit eum & suos filios sacerdotio, & episco
588 388 2139 461 patn ludaeorum, & ipse cecidit retrorsum, & fractis ceruicibus expirauit. Qui
594 434 2146 501 dam faciunt Diabolo homagium per gulam, & pro isto homagio DEVS fe
583 504 2142 560 cit uindictam, quod omnis aqua terrae Aegypti conuersa fuit in sanguinem, in
591 547 2154 615 tantum quod omnes pisces mortui sint. ributum istorum homagiorum est
593 620 2148 677 perditio animae & corporis. In cuius figura DEVS dicet peccatoribus in iu
592 659 2142 717 dicij die illud Matthaei 25. cap. Ite maledicti in ignem aeternum, qui paratus
593 716 1154 782 est Diabolo & angelis eius.
650 762 2137 824 Pro tertia charta, quod homo consequitur ex peccato uerecundiam & con
584 815 2149 883 fusionem, patet ex ludaeis: qui ita speciales amici cum DEO fuerunt, quod
596 875 2140 932 cum peruenissent ad mare rubrum, Moyses uirga sua percussit aquas maris,
589 931 2158 993 & statim diuisae sunt, & Iudaei transierunt per mare sicco pede, & aqua stetit a
599 980 2146 1040 sinistris & dextris eorum tanquam murus: Et cum percussisset Dominus ma
599 1056 2142 1097 re, submersit exercitum Pharaonis & equites & pedites eius. Et Dominus prae
589 1087 2160 1146 cessit ludaeos in die per columnam nubis, ut protegeret eos a feruore Solis: in
588 1141 2151 1202 nocte columna ignis contra tenebras, ut sibi a serpentibus prouiderent: & pa
601 1215 2154 1256 uit eos manna de coelo 30. annos, & induxit eos in terram lacte & melle fluen
599 1250 2148 1311 tem. Quid uero propter peccata ludaeorum accidit: nimirum summa uere
607 1316 2145 1363 cundia, & horrenda confusio omnibus peccantibus, ut illis Deus minatus
603 1362 2150 1427 est in lege, Leuit. 26. Deut. 28. Vide eorum captiuitatem in libris Regum, &
601 1427 2152 1475 exilium LTR. annorum apud prophetas, & omnimodam internecionem,
599 1469 2158 1527 Luc. 19. a CHRISTO praedictam, Matth. 23. Patet etiam de Adam, quomo
605 1523 2158 1579 do incurrit uerecundiam propter peccatum, quando uidit se nudum, & ab
599 1581 1259 1649 scondit se prae nimia uerecundia.
781 1845 2157 1900 EaVesta depingebatur cum lilio quinque folia habente, & in quolibet foli
786 1890 2151 1957 scribebatur vnus ver sus, quos sacerdotes templi in concursu populi, in tem
774 1952 2153 2013 Iplo Dea Vestae, exponerent. Scriptura primi versus talis erat: Ex tuo cor
784 2009 2158 2064 de me dilige: quia te consolor, & letumfacio. Scriptura secundi folij hac
599 2062 2158 2118 erat: Dilige me in voluntate tua: quia te fortifico in viribus, & in natura. Scripturae
607 2105 2148 2157 tertij folij erat talis: Dilige me finaliter: quia a Diabolo & suis satellitibus te defen
601 2171 2158 2227 do. Scriptura quarti folij erat eiusmodi: Requiescat in me tuus cogitatus: quiae
598 2214 2151 2266 DEVMO hominem coniungo. Scriptura quinti folij talis erat: Ista quatuor a me
596 2270 1063 2321 moria tua non recedant.
685 2390 2153 2447 Eccatum reddit hominem multum grauem & ponderosum: quia secun
691 2455 2153 2510 dum Psalmistam: Iniquitates meae supergressae sunt caput meum, & sicut
688 2516 2155 2563 onus graue grauatae sunt super me: Nam Iudas postquam peccauit, ita
596 2557 2166 2617 ponderosus & plenus factus est, quid laqueo se suspendens crepuit medius, &c
605 2610 2154 2665 Et ideo contra ponderositatem peccati loquitur Vesta dea munditiae, dicens:
596 2661 2164 2718 Ex corde tuo me dilige, &c. Quia conscientia munda, est semper iucunda, &
601 2723 2154 2774 habet pacem quae superat omnem sensum, qua omnes diligentes DEVM re
607 2788 2158 2841 plentur, & ab onere peccati releuantur. Peccatum uero etiam priuat homi
601 2838 2161 2894 nem ratione intellectuali, & fortitudine corporali. Sic loquitur de Salomone
595 2881 2164 2934 Scriptura: Qui postquam peccauit, ita fuit debilitatus ratione & sensu, & in
596 2940 2157 2996 tantam dementiam deuenit, quod dereliquerit Dominum DEUM suum, &
609 2998 2158 3056 coluerit deos alienos, scil. Moloch, Astaroth, Chamos, &c. Legitur etiam
596 3045 2167 3106 quod Samson tantae erat fortitudinis, quod leonem saeuientem interfecit, &
