2371 3609
230 200 1771 257 imago facta fuit ad similitudinem hominis reclinantis in molli lecto, & multum de
224 256 1772 308 licato, quem supportabant quatuor vulpes, in signum, quod luxuria omnibus hone
218 319 1327 381 stis fetet. Circa caput prime vulpis scriptus erat ille versus:
480 369 1426 422 * Effoemino fortem, robustam dirimo mentem.
273 421 1294 473 Circa caput secunde vulpis scriptum erat hoc carmen:
477 473 1376 528 Altero discretum, *criminibus offero lotum,
272 531 1227 581 Circa caput tertia vulpis assignatus erat ille versus:
477 580 1300 636 Infero torporem, rado uirtutis honorem.
274 641 1288 710 Circa caput quarte vulpis scriptum erat tale meirum:
470 693 1323 757 Obstinat induratque uiam, uix cedere curat.
220 739 1770 794 Et de ore illius imaginis procedebat lamina aurea versus populum, in qua scribe
215 792 568 847 batur hoc carmen.
463 844 1321 919 Luxuriam spernas, aliena pericula cernas.
303 1005 1758 1067 Vxuria habet quatuor conditiones malas. Prima est, quod destruit natu
297 1082 1765 1145 ralia: in cuius figura scriptus est iue uersus: Effemino fortem, robustam di
302 1134 1750 1191 rimo mentem. Exemplum illius habemus in Samsone, qui tantae fortitu
218 1179 1752 1229 dinis fuit, quod leonem lacerauit, & in frusta comminuit, & maxilla asini mil
215 1229 1755 1284 le homines interfecit, & fores ciuitatis cum postibus suis ad * supercilium mon
215 1287 1764 1338 tis in humeris apportauit, ut habetur ludic. 16. Secunda conditio luxuriae est:
212 1341 1758 1395 quod destruit sanctimonialia: in cuius figuram scribebatur ille versus: Alte
206 1394 1762 1447 ro discretum, &c. Exemplum illius habemus in Salomone, qui ita ex luxuria
210 1449 1762 1499 infatuatus est, quod habuit reginas septingentas, & concubinas trecentas, &
209 1513 1777 1564 adulescentulas, quorum non est numerus: & auerterunt mulieres cor eius, ut
207 1556 1759 1608 habetur 3. Reg. 11. Tertia conditio luxuriae est, quod destruit spiritualia: in
212 1607 1747 1661 cuius figura scribebatur hic uersus: Infero torporem, &c. Exemplum istius
212 1664 1756 1715 habemus de Holoferne, quem torpor in tantum inuasit, quod ludith cum gla
209 1717 1765 1767 dio caput eius amputauit, & canopaeo asportauit, ut habetur in libro Iudith
217 1767 1750 1822 cap. 13. & 14. Quarta conditio luxuriae est, quod destruit moralia: in cuius fi
200 1820 1753 1883 gura scriptum est hoc metrum: obstinat induratque viam, &c. Exemplum il
210 1877 1752 1929 lius habemus in filio Lais nomine Phaltiel, qui tantum obstinatus & indura
200 1943 1752 1993 tus fuit in amore, suae uxoris Michol, quod ea ab eo recedente, & ad Dauidem
200 1994 1748 2051 redeunte quam sibi desponderat centum praeputijs Philisteim, sequebatur i
206 2046 1746 2103 psam plorans usque Bathurim, ut habetur 2. lib. Regum, cap. 3. Et quod luxuria
200 2099 1746 2156 sit contemnenda, & fugienda propter istas quatuor conditiones patet ex scri
206 2160 1537 2216 ptura laminae aureae, in qua talis uersus ascriptus & assignatus fuit:
455 2210 1250 2270 Luxuriam spernas, aliena pericula cernas.
673 2257 1032 2308 inde Admonitio:
450 2310 1296 2363 Felix quem faciunt aliena pericula cautum,
389 2552 1743 2611 Efert fsieronymus contra louinianum, quod Diogenes ita perfectus erat in
392 2609 1752 2674 paupertate, quod dolium pro domo habebat, cuius ostium semper ver sus
394 2653 1749 2713 Solem dirigebat. Ad quem in Sole sedentem cum Alexander Magnus
389 2705 1744 2766 accessisset, & hortaretur, vt si quae ab eo praestari sibi vellet, indicaret. Re
184 2774 1734 2833 spondit: Quod dare mihi posses, nolo: sed rogo ne auferas, quod dare non potes. Ex in
200 2825 1748 2881 terpositione enim sua Solem Diogeni auferebat. Sic igitur Alexander, qui omnes
269 2877 1668 2945 quasi nationes vicit, a Diogene victus recessit eo die, quo uidit aliquem in
523 2921 1405 3003 terris pauperem, cui nec dare quicquam posset,
845 2984 1093 3046 nec eripere.
