2371 3609
224 203 1789 254 CHRISTUM amare, & in aeternum uiuere: Rerum temporalium fluuius
233 259 1805 308 xtransit: Sed iuxta fluuium nata est arbor, scilicet Dominus IESVS CHRI
231 312 1791 364 STVS, assumpsit carnem, & a morte resurrexit, ascendit in coelum. Voluit se
231 374 1778 432 quodammodo circa fluuium temporum plantare: raperis in praeceps, tene li
235 421 1779 486 gnum: uoluit te amor mundi, tene CHRISTVM. Propter te factus est tem
233 477 1791 539 poralis, ut tu fias aeternus, &c. Et cerne pauperem ipsum, si amas istam flui
238 530 1792 582 dam uitam & miseram, ubi cum omni labore uiuis: quanto magis debes istam
229 581 1328 648 perpetuam uitam amare, ubi nullus labor sustinebitur.
293 629 1783 689 Pro secundo uersu Gregorius in homilia quarta: Mundus talis, ut ipsae e
224 695 1792 744 ius ruinae praedicent & doceant, quod amandus non est. Et ideo concludit in
229 745 1787 812 alia homilia. Quod despiciamus cuncta praesentia: quia nulla sunt, quum trans
230 797 1791 852 ire possunt, & quod constat paruo tempore, non est diligendum. Idem in ho
242 849 1792 908 milia 2. Nolite ergo fratres mei diligere, quem uidetis diustare non posse: Prae
241 922 1792 976 cepta apostolica in animo ponite, quibus nos admonet, dicens: Nolite diligere
241 975 1791 1026 mundum, neque ea quae sunt in mundo: Et in tertia parte curae pastoralis, admo
230 1032 1804 1084 nitione 28. de uerbis doctoris & praedicatoris gentium: Praeterit enim figura
242 1072 1792 1125 huius mundi. Ac si aperte diceret: Nolite constanter mundum diligere, quan
233 1131 1785 1194 do & ipse non potest, quem diligitis, stare. In cassum cor quasi manentes figi
244 1187 892 1249 tis, dum fugit ipse quem amatis
290 1227 1790 1287 Pro tertio uersu ait D. Augustinus de Verbis Domini, sermone 5. Quam
240 1296 1789 1350 multi heri diuites, hodie pauperes: Quam multi dormiunt diuites, & ueni
235 1343 1785 1391 entibus latronibus & cuncta auferentibus, euigilant pauperes. Ergo non spe
239 1398 1804 1450 rate in incerto diuitiarum, sed in DEO uiuo, qui praestat nobis omnia abun
242 1458 1790 1522 danter ad fruendum aeterna, ad utendum temporalia. Temporalia tanquam
247 1503 1778 1559 uiatoribus, aeterna tanquam habitatoribus. Temporalia, unde bona facia
237 1571 1793 1626 mus: aeterna, unde boni efficiamur. Quales ergo diuitiae sunt, quas latrones
245 1626 1770 1677 te occiso auferunt & fugiunt: quales sunt diuitiae, propter quas concupiscen
250 1666 1788 1723 das ad infernum descendas: Si uerae diuitiae essent, securitatem praestarent, Ba
242 1728 1788 1787 ruch. 3. quaerit, ubi sunt diuitiae & principes. Qui dominatur super bestias ter
250 1779 1291 1832 rae, & reges exterminati, & ad inferos descenderant.
294 1819 1805 1886 Pro quarto uersu clamat Euangelista: Quod diues mortuus est, & sepul
251 1898 1788 1949 tus in inferno. Vnde Chrysostomus & Gregorius dicunt sic: Quod quam
254 1938 1795 1995 uis diues possit esse consolatus in hoc mundo, & etiam saluatus, tamen ualde
253 2002 1785 2058 rarum est: quod uix uti possumus recte rebus & bonis temporalibus: Atte
251 2045 1787 2104 stante ueritate CHRISTO, Matth. 9. Difficile, qui pecunias habent, intrabum
254 2097 1789 2158 in regnum DEI. Et Hieronymus in quadam epistola ait: Difficile imo impos
250 2147 1798 2212 sibile est, ut praesentibus quis & futuris fruatur bonis, ut hic uentrem, & illic
245 2221 1791 2270 mentem impleat: & sic de delitijs ad delitias transeat, ut in utroque seculo, ut in
250 2279 1793 2325 terra sic in coelo appareat gloriosus. Item D. Bernhardus: Qui carnalibus uo
254 2325 1620 2380 luptatibus pascitur, aeternarum delitiarum epulis indignus habetur.
440 2590 1804 2640 Epingebatur domina Fortuna, secundum quidium in fallacijs fortunae.
445 2640 1804 2701 habere in manu sinistra tres flores: scilicet rosammarcidam, quae signat
440 2695 1799 2758 Tfortunam, quae cito citius transit. Depingebatur etiam cum lilio deciden
446 2737 1806 2798 tibus folijs: ad designandum: Quod gratiae nobis date scilicet corporales
260 2794 1800 2859 non sunt firme, sed facile desluentes, & intereuntes, & intercidentes. Folia enim li
259 2841 1806 2921 lij dum florent, lilio adhaerent, & suauiter odorant, & visum confortant: sed cum
256 2912 1804 2968 de stipite cadunt, uili ssime fetent. Sic gratie nostrae corporales, dum florent in iuuen
254 2957 1804 3022 tute optime sapiunt: sed cum peruenerimus ad senectutem: quando caligare inci
259 3024 1804 3094 piunt oculi, & alij sensus ad terram declinare: scilicet oculi obscurantur, vacillant
