2371 3609
202 254 1761 336 boribus pro honoribus consequendis in tantum, quod si tertiam partem labo
221 321 1766 377 rum facerent propter DEVM, maximi meriti essent. Vnde isti ad aedificandum, ad
209 362 1761 428 fodiendum & construendum se applicant & exponunt. Quantam aestimatis uexa
212 426 1767 480 tionem sustinent, qui curijs Papae, regum & episcoporum se mancipant. Dant mune
216 485 1770 532 ra, dissimulant, adulantur, mentiuntur, & se nequiter humiliant quibuscunque. Vn
212 530 1758 594 de Innocentius de uilitate humanae conditionis sic dicit: Ambitiosus semper esi
211 593 1764 644 pauidus, semper attentus, ne dicat quod displiceat, & humilitatem simulat, ho
201 644 1761 702 nestatem mentitur, affabilitatem exhibet, benignitatem ostendit, subsequitur &
196 702 1766 749 obsequitur, cunctos honorat, uniuersis inclinat, frequentat curias, uisitat opti
203 756 1767 803 mates, assurgit & amplexatur, applaudit & adulatur: & bene novit illud poe
203 808 963 872 ticum Ouidij de arte Amandi primo:
327 860 1126 914 Et si nullus erit puluis tamen excute illum
207 905 1758 989 Haec ille. Et ideo talibus curialibus, qui castra regum sequuntur, dixit qui
207 968 1261 1037 dam. Sunt, non dicuntur miseri qui castra sequuntur.
279 1015 1759 1078 Quartum inuitatorium quod ponitur in Sacra scriptura, cantant boni Chri
201 1070 1767 1132 stiani & religiosi, & ponit in Psal. Venite exultemus Domino, iubilemus, &c
200 1127 1753 1191 & istud inuitatorium cantant ualde ferialiter his diebus, imo tantus est strepitus
202 1181 1748 1236 in choro mundi, quod istud inuitatorium non auditur in choro CHRISTI, quod do
202 1232 1768 1290 lendum est. Sed qualiter isti inuitatores se expediunt, satis declaratur Matth. 22.
203 1285 1756 1359 Vbi habetur de homine rege, qui fecit nuptias filio suo, & misit feruos suos di
198 1349 1752 1426 cere inuitatis: Omnia sunt parata, uenite ad nuptias. Quod cum factum fuisset,
190 1405 1747 1471 inuitati totaliter neglexerunt, & abierunt, alius in uillam suam, alius ad negociatio
203 1463 1761 1511 nem suam. Sed caueant sibi. Contingit autem aliquando que faciens festum magnum
201 1507 1757 1559 inuitat multos: diu ante ordinat ut illis ordinate seruiatur & sine pressura. Ha
200 1558 1754 1613 bet fortes custodes in ingressu portarum, qui deuote recipiant inuitatos, qui pro
195 1624 1756 1664 miserunt uenire, qui sunt amici facientis festum, & alios non inuitatos excludant.
195 1663 1750 1720 Isto modo facit CHRISTVS. Modo mittit seruos suos praedicatores ad inui
187 1729 1761 1774 tandum ad coenam agni: sed in die iudicij soli illi recipientur, qui suam inuitatio
192 1783 1754 1829 nem admittunt, & alij excludentur, dicente Domino, bonis illud dulce inuita
192 1838 1766 1881 torium: Venite benedicti Patris mei, percipite regnum quod uobis paratum est ab
198 1891 1747 1958 origine mundi. Et dicit reprobis: Ite maledicti in ignem aeternum, qui paratus est
185 1936 1748 2007 Diabolo & angelis eius. Et ideo dum tempus habemus, uenite, adoremus &
190 2000 1683 2058 procidamus ante DEVM, ploremus coram Domino, qui fecit nos, in Psal.
404 2326 1746 2377 OSITA inuitatione, qua improbi seinuicem alliciunt ad fruendum
406 2379 1745 2430 illecebris in generali: Hic incipiunt enumerare in speciali. Et circa
413 2432 1739 2486 hoc tria faciunt: quia primo enumerant excitamenta gulae. Secun
396 2491 1746 2560 ido ostensiua superbiae, ibi: Coronemus nos. Tertio contentiua luxuriae,
168 2552 1737 2618 ibi: nullum pratum. Primo ergo enumerat delectabilia gustui conferentia. Se
169 2605 1745 2646 cundo tactui conferentia. Tertio olfactui conferentia. Vinum enim delectat
170 2655 1732 2716 gustum, unguentum emollit ad tactum, & flos redolet ad olfactum, Dicit ergo: Vino
170 2715 1740 2770 precioso & vnguentis nos impleamus. In quo duplicem excessum exprimunt euidenter
175 2759 1737 2826 in suo appetitu. Appetunt in uino maxime raritatem & mensurae nimiae quantitatem.
218 2811 1743 2865 Pro primo dicunt, aino: Non quolibet, sed precioso: id est, chare empto. O
160 2871 1750 2932 mne rarum charum. Secundo addunt: Impleamus, non sufficit intemperatis &
170 2923 1744 2991 gulosis dicere uinum preciosum: nec absolute, uinum bibamus: sed uino precio
170 2976 1740 3030 so nos impleamus: cum tamen natura humana in modico sit contenta. Vnde Boë
161 3025 1745 3083 tius 2. de Conso. pros. 5. Paucis, minimisque natura contenta est, cuius satietatem si
168 3084 1740 3141 superfluis urgere uelis, aut iniocundum quod supereffuderis fiet: aut noxium, &
