2371 3609
576 234 2155 293 ptate. Nam si homo militaris se balneet in delicijs uoluptatis, effoeminabitur
588 275 2155 334 & mollietur, & animositatem amittit. Vnde narrat Valerius lib. 1. quod Cor
579 327 2157 387 nelius Scipio missus in Hispaniam, eo momento quo castra intrauit, edixit ut o
586 399 2149 441 mnia quae uoluptatis causa comparata erant, auferentur, & submouerentur.
598 436 2161 495 Vnde simul duo millia scortorum leguntur abijsse ab exercitu Romanorum.
590 497 2151 548 Et notandum quod nobilissimi principes, qui nec bellis nec armis uinci po
589 550 2158 602 tuerunt, per luxuriam ceciderunt, sic narrat Valerius lib. 9. cap. 1. de Hannibale
589 605 2154 657 duce Carthaginensi, quem muliers propiciose Romanis tradidit occidentum.
599 657 2149 711 Campana, inquit, luxuria sua inuictum Hannibalem armis suis illecebris am
590 712 2155 782 plexata uincendum Romano militi tradidit. Vnde fingit Ouidius de arte A
586 764 2161 821 mandi lib. 2. quod Mars qui DEVS est bellantium, captus est cum Venere uxo
590 818 2157 874 re Vulcani inuisibilibus catenis ligatus, & omnibus dijs coelestibus in derisio
585 889 2158 936 nem ostensus est. Cui historiae illudens Valerius ad Rufinum, de uxore non
593 930 2154 985 ducenda, dicit sic: Mars qui est bellantium demeruit triumphorum familiari fre
591 985 2160 1039 quentia, in quibus expedit maxime prompta strenuitas nil sibi metuens a
586 1039 2157 1091 Vulcano ligatus est cum Venere inuisibilibus catenis, sensibilibus tamen: hoc
584 1091 2158 1158 autem & ad applausum Satyrorum & derisum coelestis curiae. Vult dicere quod
594 1147 2169 1199 Vulcanus fecit catenas inuisibiles, & posuit eas in lecto Veneris, in quibus dum
580 1200 2157 1255 Mars intrasset lectum Veneris, captus & detentus, donec tota coelestis curia
589 1257 2148 1308 eum conspexisset. Exemplum de Holoferne Iudith. 12. De talibus dicitur lob.
594 1324 2106 1372 36. Morietur in tempestate anima eorum, & uita eorum inter effoeminatos.
639 1363 2151 1418 Secundo uoluptas est accumulatiua dolorum uel moeroris & displicentiae:
577 1415 2148 1465 quia naturaliter post uoluptatem sequitur displicentia. Vnde Boët. 3. de con
585 1471 2152 1525 so. pros. 7. Quid autem de corporis uoluptatibus loquar, quarum appetentia
583 1526 2152 1589 quidem plena est anxietatibus: satietas uero poenitentia quantos ille morbos,
584 1579 2151 1634 quam intolerabiles dolores, quasi quendam fructum nequitiae fruentium so
590 1634 2145 1687 lent inferre corporibus: quorum motus quid habeat iocunditatis ignoro. Tri
578 1688 2145 1741 stes uero esse uoluptatum exitus, quisquis reminisci uolet libidinum suarum
572 1743 2149 1796 intelliget, quae si beatos explicare: id est, efficere possunt: nihil causae est quin
587 1797 2146 1850 pecudes quoqe beatae esse dicantur, quarum omnis ad explendam corporalem
573 1854 2158 1905 lasciuiam festinat intentio. Haec ille. Et infra metro sequenti comparat uolu
572 1902 2145 1966 ptatem api, quae est in eodem loco. Primo fundit mel sedendo, & infigit acu
579 1961 2143 2012 leum recedendo. Vnde dicit: Habet hoc omnis uoluptas, stimulis agit feruen
579 2014 2142 2068 tes, apiumque peruolantium. Vbi grata mella fudit & nimis tenaci ferit ictu cor
584 2070 2137 2131 da morsu. Haec prudenter aduerterat. Demosthenes ille philosophus famosus
585 2121 2144 2176 a quo Thais solennis meretrix de Corintho centum talenta petijt pro uno com
581 2177 2150 2229 cubitu. At ille in coelum suspiciens, ait: Non emo tanti poenitere: id est, pro tan
585 2230 2136 2286 to precio non emo poeniteri, quod tamen necessarium foret, si tua fruerer uo
575 2286 2148 2339 luptate. In cuius figuram fingit Ouidius Metamorph lib. 10. quod uirgo quae
583 2348 2137 2403 dam nomine Mirrha patris desiderauit incaestum, & desideratum impetrauit,
573 2408 2151 2460 adiuuante nutrice: tandem cum esset perceptum, fugatur a patre, & in tantam
575 2447 2146 2501 tristiciam incidit, quod fletu suspirijs & gemitibus alterata, conuersa est in ar
583 2502 2137 2558 borem sui nominis, quae adhuc guttas amarissimas quasi lachrymas de se fun
579 2558 2150 2611 dit in signum: quod uoluptatem illicitam corporis perpetuus sequitur dolor
581 2616 738 2663 mentis.
638 2664 2148 2719 Tertio uoluptas carnalis est offuscatiua decoris & sapientiae salutaris. Huius
566 2722 2142 2770 exemplum habemus in Salomone rege, qui femora sua incuruauit mulieri
575 2773 2148 2825 bus, & posuit maculam in gloria sua. Cui historiae Valerius ad Rufinum sic allu
575 2828 2136 2879 dit: Sol hominum Salomon, thesaurus deliciarum *donum, sapientiae singula
571 2883 2132 2933 re domicilium, crasso tenebrarum fuscatus atramento, lucem animae suae, odo
572 2936 2149 2988 rem famae suae, gloriam domus suae, amore mulieris amisit: & postremo incur
580 2996 2135 3053 uatus coram Baalym & I Ecclesiastico dono mutatus est in membrum Zabuli:
577 3046 1852 3097 id est, ex concionatore DEI mutatus est in membrum Diaboli.
