2371 3609
567 240 2148 306 uester coelestis dabit spiritum bonum petentibus se. Et ideo nullus timeat mumn
569 308 2146 367 dum contemnere & paupertatem pro CHRISTO subire: quia DEVS omnibus
572 363 1376 423 sibi seruientibus sufficienter prouidebit
618 407 2130 475 Cum magister nostri ordinis, scilicet frater lordanus in quadam abbatia Ci
566 461 2147 523 sterciensium, receptus fuisset, conuenerunt circa eum monachi secum amicabi
573 514 2146 576 liter conferentes quaesierunt ab eo. Magister quomodo potest ordo uester du
575 585 2152 631 rare, cum nihil habeatis unde uiuatis. Licet mundus sit modo deuotus, tamen
569 624 2154 686 scriptum est in Euangelio, quod refrigescet charitas multorum, & cum non ha
576 679 2155 739 bueritis eleemosynas deficietis. Respondit autem magister mansuete: Si uobis
568 752 2149 800 uidetur, uestra ratio probat, quod uos citius deficietis: quoniam ubi uos alle
569 804 2148 858 gatis, ut praemittitur, quoniam superabundabit iniquitas, refrigescet charitas.
579 841 2152 902 Sed quoniam superabundabit iniquitas, iniqui homines praedones & raptores
574 906 2155 962 auferent bona uestra, & cum uos mendicare nesciatis, deficietis, & ipsi nobis
584 947 2145 1018 de bonis uestris conferent abundanter. Scitis quod pater, qui habet multos fi
575 1005 2164 1065 lios mittendos ad scholas, tres uel quatuor, seniori dat pecuniam pro omnibus:
580 1069 2155 1124 non quoniam plus eum diligat: quia fortassis plus diligit iuniorem: sed quia
585 1110 2156 1174 senior plus est expertus de seculo. lsto modo DEVS dat alicui diuitias huius
581 1166 2161 1234 mundi, non pro seipso tantum, sed pro suis pauperibus, quorum dispensatorem
584 1244 2158 1289 uel senescallum facit talem, & nisi eis erogauerit grauiter, finaliter arguetur. Vn
590 1275 2163 1337 de uos diuites rectores portatis communes pauperum fratrum bursas: sed ca
587 1344 2160 1396 ueat sibi quilibet quod non sit ludas. Iudas enim Ioculos habebat, & ea quae
590 1398 2157 1450 CHRISTVS ordinauit pro pauperibus, asportauit, & in usus proprios conuer
586 1439 2153 1499 tit. Sic modo diuites quidam, qui portant loculos pauperum, sed magis in uolu
584 1508 1544 1567 ptatibus & uanitatibus huius uitae consumunt.
661 1549 2154 1611 Qualiter autem DEVS diuitibus dat diuitias ratione pauperum, docet Au
595 1601 2154 1677 gust. Sermone 24. Diues, inquit, & pauper duo sunt sibiinuicem contraria. Sed
585 1657 2160 1720 iterum duo sibiinuicem sunt necessaria. Nullus indigeret si inuicem se portarent,
579 1712 2158 1766 & nemo laboraret si ambo se iuuarent: diues propter pauperem, & pauper pro
577 1779 2168 1837 pter diuitem factus est. Pauperis est orare, diuitis erogare, DEI pro paruis ma
580 1819 2161 1890 gna repensare: de misericordia eius parua, magna nascitur copia. Foecundus est
586 1886 2167 1943 ager pauperum, cito reddit donantibus fructum. Via coeli est pauper, per quam
582 1929 2169 1984 uenitur ad Patrem. Haec August. Et rationabiliter inhibuit CHRISTVS uolum
577 1986 2161 2049 tarie pauperibus solicitudinem excessiuam circa uictum suum. Ex quo enim prae
583 2038 2156 2091 cipit diuitibus quod sint soliciti circa pauperes sustentandos de suis eleemosy
577 2092 2164 2153 nis: superfluum esset quod pauperes forent etiam soliciti circa idem, & ideo com
571 2152 2160 2201 uenienter dixit discipulis suis Matth. 6. Respicite volatilia coeli, quoniam non
587 2200 2158 2256 serunt neque metunt nec congregant in horrea, & Pater uester coelestis pascit illa
588 2254 2161 2309 Et infra: Nolite ergo soliciti esse dicentes: Quid manducemus aut quid bibe
595 2307 2166 2364 mus, aut quo operiemur. Haec enim omnia gentes inquirunt: scit enim Pater
593 2362 2166 2417 uester quia his omnibus indigetis. Quaerite ergo primo regnum DEI & iusti
602 2418 2167 2471 ciam eius, & haec omnia adijcientur uobis. Haec est autem spes & regula
588 2472 2153 2541 pauperum firmissima, quod si bene seruierint DEO, haec omnia adijcien
589 2531 2172 2580 tur eis: & si non tantum, quantum deordinate appetunt, tamen quantum indi
601 2582 809 2650 gentiae est.
637 2635 2161 2686 Secundo inuenimus in isto Patre qui DEVS est, regularitatem conuenien
586 2692 2157 2743 tis castigationis: inter tria quae pater datfilio secundum philosophum 8. Ethic
589 2745 2172 2809 ponitur disciplina. Dat enim pater filio primo nutrimentum & disciplinam. Et
589 2810 2161 2855 dicitur uulpariter: Melior est puer non natus quam non disciplinatus seu infor
591 2854 2170 2923 matus, ad Heb. 12. Quis est filius quem non corripit pater: Nobilis homo qui
594 2905 2155 2957 habet filios sibi charos, facit eos diligenter castigari, corripi & flagellari pro o
593 2961 2160 3026 mni defectu, ubi grationes & famuli dimittuntur sibiipsis. Ideo dicit Apostol.
589 3015 2154 3068 ad Gal. 4. Quanto tempore haeres paruulus est, nihil differt a seruo cum sit do
589 3075 2172 3138 minus omnium: sub tutoribus & actoribus est usque ad praefinitum tempus a
