2371 3609
556 277 2130 335 seipsum. Non enim solus oculus, quae exterius habentur inspiciens, semeti
558 335 2126 401 psum non ualet intueri. Sed & mens ipsa satis acute aliena delicta contempsans,
571 384 2123 446 tardior est erga suorum cognitionem uitiorum. Et ideo signanter dicitur uni
559 448 2137 496 cuique nostrum illud Hier. 2. Vide quia malum & amarum est reliquisse te Do
566 490 1450 553 minum DEUM tuum, te inquit, non alium
671 535 2134 604 Tertio uideamus fraternam proximorum indigentiam, Gene. 37. Vide si
567 612 2143 658 cuncta prospera sint erga fratres tuos. Sed reuera multi uident fratres suos in
569 671 2141 713 digentes, sicut sacerdos & Leuita uiderunt Samaritanum sauciatum, Luc. 10.
575 709 2137 773 Leuita cum esset secus locum & uideret eum, pertransijt. De unoquoque tali di
578 766 2142 820 citur 1. Ioh. 3. Qui habuerit substantiam huius mundi, & uiderit fratrem suum
567 822 2145 874 necesse habere, & clauserit uiscera sua ab eo, quomodo charitas DEI manet in
578 860 2150 930 illo, quasi diceret nullo modo. Sed uideamus nos pauperum indigentiam, si
583 918 2141 983 cut Samaritanus fecit, qui uulnera alligauit & in stabulum secum duxit, Luc. 10.
584 975 1512 1038 Videbo uos & gaudebit cor uestrum, Ioh. 16.
680 1021 2152 1097 Quarto uideamus aeternam tormentorum uehementiam. Homo qui non di
574 1083 2144 1143 ligenter praeuidet sibi de fouea & puteo, faciliter cadit in eum: sic qui non pro
589 1143 2145 1199 tunde & frequenter imaginatur de poena putei infernalis, non bene cauet sibi,
591 1190 2153 1252 ideo Psal. ait: Oculis tuis considerabis, & retributionem peccatorum uidebis.
580 1248 2160 1311 Et quicumque haec uideret, infallibiliter retraheret se a peccato. Nau. 3. Omnis qui
584 1314 2152 1361 uiderit te, resiliet a te. Vnde Hugo de sancto Victore lib. suo de Anima: Infer
589 1353 2161 1414 nus lacus est sine mensura, profundus sine fundo, plenus ardore incomparabi
584 1409 2152 1470 li, plenus foetore intolerabili, plenus dolore innumerabili: ibi miseriae, ibi tene
588 1461 2150 1524 brae, ibi nullus ordo, ibi horror aeternus, ibi nulla spes boni, nulla desperatio
595 1535 2142 1581 mali. Haec Hugo. Et ideo uidete, uigilate & orate, Marc. 13. Et ad Eph. 5. Vide
592 1569 2148 1632 te itaqe fratres quomodo caute ambuletis, non quasi insipientes, sed ut sapien
590 1625 1569 1686 tes, redimentes tempus: quoniam dies mali sunt.
814 2223 2159 2271 DONSPIRATIOVE posita ludaeorum ad CHRISTVM occi
822 2274 2168 2328 dendum: Hic exequitur de suae conspirationis executione ad suum
820 2333 2169 2383 flagitium efficaciter ad implendum. Ordinant aut quod mors CHRISTI
786 2384 2153 2448 duas habet circustantias poenalitatis uidelicet, quod sit summe mo
599 2442 2157 2504 lesta per amaritudinem acerbitatis: & summe inhonesta per turpitudinem uili
606 2493 2168 2548 tatis, ibi: Morte. Circa primum sciendum, quod omnis poena homini infligenda in
602 2550 2168 2599 duobus consistit, scilicet in uerbis & in factis: per uerba conuiciatiua homo de
607 2600 2163 2655 honestatur: & per facta cruciatiua homo debilitatur. Et ideo istas duas poenas
598 2658 2155 2708 dicunt se uelle inferre CHRISTO. Vnde dicunt: Contumelia & tormentis. Com
605 2711 2157 2775 tumelia quantum ad uerborum dehonestationem. Tormentis quantum ad
604 2762 2161 2815 sensibilem passionem. Quantum ad primum, sciendum quod septem sunt ui
608 2821 2160 2868 tia loquendi, quibus homo proximo suo iniuriatur, uidelicet conuitium, con
609 2870 2163 2925 tumelia, improperium, detractio, susurratio, derisio, contentio. Sunt enim
606 2927 2170 2978 quatuor bona in homine, quae alius homo iniuriose nititur diminuere uel au
598 2972 2176 3031 ferre, uidelicet ueritas, honor, fama & amicitia. Contra ueritatem est con
602 3035 2170 3084 tentio, quae est quaedam inordinata contrarietas in uerbis, per quam ho
609 3088 2181 3142 mo intendit ostendere proximum suum dicere falsum. Contra honorem
