2371 3609
171 270 1754 325 sunt quatuor, conuitium, contumelia, improperium, & derisio. Conuitium est
186 330 1754 396 uerbo quomodolibet hominem dehonestare, siue exprimatur uitium culpae
180 380 1753 437 uel poenae. Sed contumelia nunquam est nisi quando homo iniuriose dehone
181 426 1754 485 statur uerbo exprimente culpam. Vndesi dicam te scabiosum uel caecum, com
183 491 1750 544 uitium est: uel si dicam quod fures uel latro, contumelia: & omnis contumelia
175 538 1754 594 est conuitium, sed non econtra. Improperium est iniuriose recitare hominis in
182 597 1753 653 digentiam praecedentem, sicut quando aliquis iniuriose & contra charitatem
186 653 1753 706 reducit alicui ad memoriam auxilium sibi factum tempore suae indigentiae, &
181 697 1752 761 hoc coram multis: & hoc cedit in diminutionem sui honoris. Derisio autem
194 760 1753 807 est uitium Iudendi, & intendit erubescentiam pro fine. Vnde derisor sub spe
185 812 1752 867 cie Iudi proponit id, per quod facit hominem timere dehonestationem, & potest
181 865 1754 922 in casu esse peccatum mortale. Contra famam hominis est detractio, quae nihil
185 924 1750 970 aliud est nisi dicere uerba iniuriosa & latenter de aliquo, cum intentione dimi
183 969 1750 1026 nuendi famam suam. Vnde contumeliosus se habet ad famam & honorem, si
180 1028 1749 1077 cut raptor ad bona exteriora. Sed detractor est fur famae: quia de ratione de
172 1081 1737 1135 tractionis est quod occulte dicatur. Contra amicitiam autem est susurratio
182 1128 1753 1194 cuius finis est separare amicitiam, occulte, & seminare discordiam: & haec est
180 1187 1751 1250 pessima locutio. Cuius ratio est, quia amicitia est de bonis exterioribus optimum:
182 1245 1743 1294 est enim melior quam fama, uel honor, uel scientia, quae est in ueritate iudican
182 1300 1741 1350 di de rebus, in quibus sine culpa homo potest decipi, & ideo susurratio est pe
176 1349 1741 1409 ior detractione & contumelia. Similiter sicut rapina peior est quam furtum: sic
182 1404 1741 1463 detractio peior est quam conuitium, quae non est contumelia: & peior derisione
188 1456 1733 1511 & improperio, & etiam contentione, quantum est ex genere peccatorum iu
185 1515 1750 1570 dicando. Rixa uero non consistit proprie in uerbis, sed in factis. Vnde rixa est
179 1567 1744 1630 priuatum bellum inter personas priuatas sine publica autoritate: & sic patet
182 1621 1739 1686 quid sit contumelia, uidelicet publice imponere homini peccatum ad diminu
188 1675 1743 1731 tionem sui honoris & hoc iniuste. Per contumeliam autem probatur hominis
175 1728 1740 1786 humilitas. Et per tormenta hominis patientia. Et ideo ut probaret CHRISTI
182 1775 1737 1852 humilitatem, uolebant ei inferre contumelias, & ut probarent eius patientiam,
171 1851 1742 1900 uoluerunt sibi inferre tormentorum molestias: dicunt ergo sic: contumelia &
183 1888 1732 1950 tormentis interrogemus eum, vt sciamus reuerentiam eius: id est, humiitatem &
183 1939 1738 2007 probemus patientiam illius per tormenta. Consequenter ibi: Morte turpissima
185 1998 1734 2053 Ordinant quod mors sua sit inhonesta & hoc per turpitudinem uilitatis, un
176 2056 1727 2107 de dicunt: Morte turpissima condemnemus eum: id est, mortem crucis cum circum
176 2107 1747 2168 stantijs turpissimis. Erit enim respectus, &c. id est, defensionem & excusationem
182 2161 1743 2218 habebimus ex sermonibus illius, quibus dixit loh. 2. Soluite templum hoc, &
176 2218 1743 2271 in tribus diebus excitabo illud, quasi dicerent: Videbimus si post mortem resurgat.
256 2269 1743 2339 Dubitatio literalis. An CHRISTVS fuerit uiolenter occisus. Quod non
170 2337 1731 2392 patet quia fuit uoluntarie occisus: Ergo non uiolenter. Antecedens patet Esa.
174 2394 1754 2448 53. Oblatus est: quia ipse uoluit: Ergo uoluntarie. Et August. 4: de Trinit. cap.
171 2438 1738 2491 28. de paruis, & 11 de magnis: Spiritus, inquit, CHRISTI non deseruit carnem
174 2488 1743 2545 inuitus, sed quia uoluit: & quando uoluit, & quomodo uoluit. Consequentia
182 2546 1731 2597 patet, quia uiolenter factum homini denotat, quod fiat contra eius uoluntatem
170 2596 1725 2673 Praeterea Ioh. 10. dixit CHRISTVS: Nemo tollat a me animam meam, sed ego
169 2655 1728 2718 pono eam a me ipso: sed ille dicitur aliquem occidere, qui tollit animam suam: Er
172 2710 1728 2772 go CHRISTVS non fuit ab alio occisus, sed a seipso. Praeterea CHRISTVS
171 2766 1732 2814 fuit optime complexionatus, & tamen citius fuit mortuus quam latrones, qui
167 2811 1738 2868 in consimili poena fuerunt. Vnde Pllatus mirabatur si iam obijsset, Mar. 15.
169 2866 1728 2921 sed non fuisset sibi mirum si per poenae uiolentiam fuisset occisus: Ergo mor
175 2921 1728 2977 tuus est uoluntarie tantum. Praeterea in morientibus per uiolentiam natura
172 2984 1734 3045 debilitatur paulatim, & tunc deficit: sed in CHRISTO natura fuit fortis quan
179 3029 1728 3084 do moriebatur, sicut patet Matth. 17. Clamans uoce magna emisit spiritum,
174 3083 1729 3138 Praeterea mors sua fuicoblatio DEO Patri pro nobis, sed CHRISTVS obtulit
