2358 3573
235 318 1909 382 mita Carthagine. Qualiscumque alius finis relatus ponitur semper est laetitia in illo, & in illius memoria. horum
242 370 1921 428 meminisse iuuabit si euadat, sinautem in hominium aestimatione vt Homerus viuit vt poeta. ⁋ Dubitatur fina¬
240 412 1909 472 liter. Martyres sponte & cum gaudio passi sunt & pro Christo, vt de apostolis in actis eorum scribit Lucas.
238 456 1906 519 Ibant apostoli gaudentes &c. Sic Agatha, Vincentius & alii. ⁋ Respondetur gaudebant de Christi nomine tollen¬
237 512 1896 563 do ad astra, sed nolebant has plagas fuisse sibi applicatas, ita erat de Christo vt in. xv. distinctionem tertii
243 554 1906 611 sententiarum iam diximus. Ecce fortitudinem pleno ore ab historiographis celebratam, nec imerito: diffici¬
235 597 1900 659 lem enim circa materiam insudat. Nam cum homines carnei sint aegre diras plagas tolerant, sautio corpere tediosum e
243 657 1906 711 in conflictu manus conserendo stare, nihilotamen minus vir fortis honestatem communiugi, liberis, ac propriae vi¬
244 693 1911 759 tae anteponit. Opes, vxor, nati, ac caetera quae mortalibus solent esse cordi a periculosa pugna deterrent, alte
240 744 1897 799 ra ex parte turpis socordia, infamis ignauia ac honesti cupiditas ad prelium alliciunt. Haec fortem ad
244 791 1893 851 certamen impellunt, illa vero nihili ducit. Non ob honorem finalr istud patrat. sed religionis ac boni con
234 835 1903 893 munis gratia. Homo attamen honorem succedere non ignorat. Annalium enim idonei scriptores heroum for
241 888 1896 943 tia gesta celebrant, ac vapparum ignauiam tetrice admodum taxant. Id pauci exemplis enodabimus. Portentosae mo
238 934 1905 987 lis Colias inter allophylos armipotens ad singulare certamen israeleticam gentem prouocabat, nec in eo po¬
240 980 1903 1040 pulo inuentus est vnus qui cum eo gigante dimicare auderet, quoad Dauid adolescens omnim filiorum lesse natu
235 1015 1900 1078 minimus monomachiam non detractaret. Is circungyrata circa caput funda excusso lapide gigantem inter¬
237 1074 1906 1124 emit. Pariforma sudas Maccabaeus strennuissime cum prophanis belligerabat, honesta morte, fortiter ma¬
241 1115 1900 1176 nus conserens, supremum egit diem. Nec minus laudandi sunt Maccabaei illi fratres qui citra reluctamen puer pa¬
240 1152 1903 1222 triis sacris institutis mortem perpessi sunt. prelegerunt enim mortem quam porcillas carnes in sanctionis contemptum
228 1204 1896 1266 manderent. Multo plures in euangelica Luce, heroica fortitudine praediti mortem intrepide tolerarunt. Diocle
232 1258 1903 1314 tiani saeuitia sic christiani affligebantur vt septendecim milia paucis diebus trucidarentur. Christianum nomen
238 1299 1897 1363 ea seuitia abolere ac prorsus eradicare studuit, at deceptus carnifex est: nam ea afflictione res ecclesiastica ma
238 1351 1897 1414 gis floruit, vno enim cadente centum de nouo pietatem sumpsere: seudm parabolam Christi vno grano in terram
238 1393 1906 1449 deiecto multorum est illud seminarium atque origo. Horum memoriam quotannis ecclesia celebrat, vltraque bea¬
240 1447 1899 1504 titudinem in patria qua insigniuntur ab hominibus in terra honestantur. Ethnici in talibus scriptorum laudibus
238 1493 1899 1554 commemorantur vt Cynegirus post Athenienses Medos ac Persas aiose ad rates compulissent nauim fugien
241 1531 1905 1589 tium numero onustam Cynegirus dextera remorari nitebatur, qua amputata, laeua nauim tenuit eaque abscis
234 1584 1897 1639 sa ea mordicus retinuit: nam dentibus ac morsu ablatis manibus pugnauit: nullaque accepta clade factus est
241 1629 1902 1682 remissior, sed potius feruentior. Nec minore fortitudine. Sceuam Cesarianum commemorant, vno eim oculorum
235 1683 1887 1734 excusso, femore atque humero transfixis, scutum centum ac viginti ictibus perforato non deferbuit. Ex opposito
231 1715 1897 1780 Asdrubal nouissimus Carthaginensium ducum Carthagine a Romano duce capta cum magna transfugarum
244 1771 1894 1825 caterua fsculapii phanum ingressus turpique formidine perculsus, suae salutis auidus solus ad Romanos
240 1807 1897 1876 tranffugit: cuius infamiam virago communiunx partesa filios in terram praecipitauit ac turpe mariti effugium puerorum
235 1864 1887 1918 nece mulctauit. Haud dissimilr Heliogabalus interiit qui militari, tumultuatione poene consternatus in
240 1910 1893 1967 feculentae cloacae latebris diffugium quae siuit, eo in secessu multis plagis tranffodiebatur. Maculosae illius vitae ma
237 1955 1896 2010 culosus exitus respondebat. Turpe vitam ante egit, quam ignominioso decessu finiuit. Debebat concitato mi
235 2007 1906 2058 liti sese in tumultu obiectare, ac insurgentem motum auctoritatiue mitigare, ita enim Alexandrum Macedo¬
228 2056 1898 2104 nem ac alios strennuos duces fecisse legimus. Duos socordes post egregios subiunxi, vt illorum exangui for
240 2103 1907 2153 midine heroicorum armipotens fortitudo eluceat. Opposita enim comminus sita magis elucescunt: caelestis vir¬
241 2137 1900 2208 tus tetrum vitium sua generositate foedat: ac spurcum vitium candidam virtutem nobilitat: semper enim
230 2187 1034 2253 emicat incor rupta virtus, ac vitium obscuratur.
552 2261 1669 2355 Tract. III. CAb. I. & Lib. III. CAb. X.
553 2347 1881 2418 Ost hanc autem de temperantia dicamus. Hae namque virtutes partium ea¬
553 2414 1878 2485 rum esse videntur quae sunt rationis expertes: atque temperantiam circa vo¬
549 2464 1889 2536 luptates mediocritatem esse iam antea diximus. Minus enim & non simi
555 2522 1889 2593 liter circa dolores versatur. In eisdem autem & intemperantia esse videtur:
556 2578 1884 2643 sed nunc circa quas est voluptates determinemus oportet. Diuidantur igi
546 2620 1888 2701 tur animae atque corporis voluptates, vt honoris cupiditas, & auiditas disci
223 2688 1896 2765 plinae. Nam tam ambitiosus quam auidus disciplinae eo gaudet cuius est auidus, & corpus nihil,
223 2747 1901 2811 sed mens potius patitur, atque ii qui voluptatibus huiuscemodi alliciuntur: nec temperantes,
226 2797 1895 2864 nec intemperantes dicuntur. Pari modo neque qui circa caeteras voluptates, quae non attribu¬
225 2858 1894 2925 untur corpori occupantur, eos enim qui fabulis & narrationibus delectantur, & circa talia
216 2911 1890 2983 dies consumunt verbosos quidem atque deliros: intemperantes autem non consueuimus ap¬
218 2959 1896 3039 pellare. Nec eos etiam, qui pecuniarum vel amicorum causa dolent. Temperantia igitur non
216 3024 1889 3096 circa animae, sed circa corporis voluptates versatur. Non tamen & circa has ipsas omnes. Qui
220 3091 1903 3150 namque rebus iis gaudent quae visu percipiuntur: vt coloribus, figuris, pictura, nec temperantes
216 3133 1904 3198 nec intemperantes dicuntur. & si videntur & his homines & vt oportet, & magis quam oportet.
