2341 3587
397 214 2080 289 carnem macerent. Ad quartum, nego quod veniale in imperfecto faciat mortale in perfecto.
390 282 2080 346 ⁋ Dubitatur, in quibus stet latitudo temperantiae. Respondetur, ea latitudo a quatuor dependet. Primo
392 335 2078 389 a corporis incolumitate vt capiatur ad eius alimoniam & non vltra: proinde charissime fili alimento
394 374 2071 433 temperate vtitor. Secundo, a bona animae cum corpore harmonia, si fuerit inter haec diaphonia, compescatur
403 422 2074 482 corpus, vt animae pareat. Tertio, vt honestatis cancellos non transilias. Multifariam id expono omnem
401 467 2074 530 coitum nisi vxorium vitato. Nempe omnis talis honesti cancellos egreditur: nec casum admitto quo
397 523 2074 573 carnalis commixtio ad vitae conseruationem requiratur. Enucleo casum sic. Sanus abstinentia corpus
401 567 2072 621 macerabit necnon mortificabit, atque infirmo coitus valde nocet. Secundo, locupletem mercatorem ita opi¬
408 608 2077 669 pare pasci atque principen est indecorum: honestatis enim cancellos ea manducatio transilit: nec mediocris
403 661 2077 717 in fortunis potest ita opipare refici vt opulentus. Talis enim in se in vxorem, in liberos, in amicos, ac in
412 705 2068 764 rempublicam exorbitat. Talis enim heluo extra infirmitatem si suas opes in mare praecipitaret sane delin¬
403 755 2076 810 queret: nam extrariis suis bonis cum discretione eum vti oportet: expedit enim reipublicae vt re sua quisque
423 800 2071 855 decenter vtatur. Sic qui carnes in vigiliis ac festis nostrae dominae in Britannia manderet decori
402 848 2073 903 gyrum transgredereturtest enim contra patriae consuetudinem. Nec honeste ageret nummosus boletos aut
414 895 2079 950 ranunculos praeter consuetudinem regionis esitans. Insuper cibum tali tempore vetitum ne tangito: quocirca
403 937 2070 996 comedentes carnes quadragenario ieiunio, cancellos honesti transgrediuntur: sic omnis comestio ea ten¬
408 980 2073 1047 pestate inconcessa. Quarto, non supergrediaris metas opum tuarum. Pauper enim intemperanter agit ita laute
414 1032 2083 1082 exponendo in escis sicut locuples: & ignobilis sicut illustris. Plerisque videtur ieiunium ecclesiae abiiciendum esse
411 1081 2076 1134 sicut nunc nonnulli deprauati moliuntur: asserentes ob quadragenarium ieiunium homines bonam corporis
415 1121 2086 1180 valetudinem perdere, & ipsum esse a Neotericis inuentum. Respondetur illis, quod hoc ieiunium longa vetustate
418 1168 2070 1224 augmentum assumpsit. In quadragenarii ieiunii fronte in canonicis horis hoc ex Augustino legimus
420 1216 2089 1275 qui dicere videtur ipsum ex institutione domini fuisse institutum: hoc intelligo quoad typum, quia
424 1265 2072 1323 quadraginta dies & noctes in deserto ludaeae ieiunans manducabat nihil. Hieronymus de eo etiam facit
414 1308 2075 1362 mentionem in epistola ad Marcellam, vbi reprobans Montanos, ait nos vnam quadragesimam secundum
417 1356 2076 1410 traditionem Apostolorum toto anno, tempore nobis congruo ieiunamus. Et beatus Ignatius episcopus An¬
415 1406 2072 1460 tiochenus Apostolis contemporaneus tradit quadragesimam circa Apostolica tempora fuisse institutam.
420 1450 2078 1503 Patet in quarta eius epistola quae est ad Philippenses vbi sic ait. Dies festos nolite inhonorare: quadra¬
414 1495 2088 1553 gesimam vero nolite pro nihilo habere. imitationem enim continet dei conversationis. Aliqui Thelos¬
433 1546 2077 1594 phorum ipsum instituisse produnt. sed quo iure illud ieiunium sit institutum aliubi locupletius diximus.
415 1599 2088 1651 Ex his liquet eius antiquitas: vtilitas autem patet, nam ieiunium est laboriosum & corporis insultus nobis
427 1639 2086 1695 intraneos compescit: eiusque petulantiam refrenat. Carnalis lasciuiae compressio & carnis subactio spiritui,
426 1683 2085 1734 maximopere nobis conducit. Et opus quanto poenosius paritate data tanta est deo acceptius. ltaque ieiu¬
420 1729 2085 1786 nium carnis petulantiam spiritui subigens, & laboriosum est magni praemii meritorium: iccirco Epicurei
437 1776 2077 1839 piscium & vitae frugalioris osores frenum labiis imponant & virulentam linguam in ecclesiam exacuere desistant.
426 1826 2078 1882 Ecclesia autem inopes, languidos, caeterosque imbecilles ad ieiunium quadragesimale haud astringit.
427 1878 2079 1931 ⁋ Ambigitur an insensibilitas sit possibilis & deterius vitium quam intemperantia. Respondetur, quod insen¬
426 1919 2083 1975 sibilitas vix est humanum vitium. Belluae enim cibos salutares ab insalubribus discernunt: inclusa vacca
429 1962 2092 2021 vrticas ac alias haerbas edit: quas caballus minime comedit. Cardones stolidus asellus comedit quas
420 2020 2083 2070 alia pleraque bruta recusant: ac homines in gustu tactuque satius iudicant: nobilissimus enim tactus ho¬
417 2062 2086 2116 mini inest, at gustus est particularis tactus. Nihilo tamen minus insensibilitas temporibus quibusdam
415 2105 2076 2164 haud deest, crimine hypocriseos paratur: si superior arctam temperiem magnipendet, inferior cautus &
428 2151 2083 2215 ambitiosus in id vitium ad tempus vt exaltetur incidit. Secundo, mala habitudine corporis eam incurrit.
432 2196 2076 2252 vt morbo ore ac poris tetrisihumoribus repletis cibi interea sunt illi nauseae atque fastidio. Tertio, er¬
421 2258 2088 2304 roneo iudicio insensibilitatem incurrunt. Natura enim paucis authore Boetio est contenta: iste autem nimis
422 2294 2077 2357 parum, sufficiens censet, ac paulatim sic morbum comparat. At ignoratio potest esse vincibilis, & tunc non a
420 2341 2084 2398 toto excusat: sin aliter, prorsus lapsum eleuat. Ad secundam partem quaesiti dicimus, quod exprobrabilior
421 2386 2085 2444 insensibilitate cum intemperantia atque communior malarum filiarum parens: & signanter spurcae libidinis. Stri¬
431 2439 2085 2492 ctam temperantiam cum insensibilitate vulgus hominum ad sidera tollit, attamen illa est homini perniciosior:
434 2482 2089 2538 iudicium enim percutit atque inflat, insaniem demum inducens vt in vitis patrum abunde commemorat. Tales solent
429 2535 2077 2588 esse turgidi & se prae aliis praeferre. Ab intemperantia facilius ad gyrum medii proceditur: illa enim ra¬
428 2574 1411 2641 tionem non omnino deiicit: eam tamen laedit atque hebetat.
841 2664 1934 2731 Tract. III. Cap. III. & Lib. III. Cap. XII.
753 2713 2089 2778 Ostra autem sponte, magis intemperantia, quam timiditas comparatur. Haec
776 2780 2080 2844 nim ob voluptatem, timiditas fit ob dolorem: quorum alterum expetimus,
766 2831 2080 2900 alterum fugimus. Et dolor quidem distrahit atque corrumpit naturam eius
772 2887 2080 2958 qui habet ipsum: voluptas autem nil tale facit. Magis igitur intemperan¬
765 2948 2090 3008 tia nostra sponte, quam timiditas comparatur: quapropter & reprehensione
648 3006 2083 3069 gimagis esse digna: Nam ad res afficientes voluptate facilius est assuescere.
447 3055 2076 3131 Sunt enim complures tales in vita: & assuefactio fit sine periculo. In rebus autem formi¬
435 3104 2089 3185 midolosis, contra. Videbitur etiam timiditas non perinde atque singula sponte agendi prin¬
434 3165 2090 3254 cipio subiici. Haec enim non affert dolorem: sed illa adeo dolore distrahunt, vt & arma proii¬
