2354 3603
456 272 2144 354 foeminis se commiscere, & vndique delectationibus furenti voluptatum appetitu insurgunt: & concupiscen¬
475 330 2143 401 tiae exequutio & actus ipse exterior innatam cupiditatem luxuriare facit. Qa si perturbationes vehe¬
468 386 2145 440 mentes sint, rationem extrudunt atque eiiciunt, hoc est rationem offuscant, vt in septimo libro videbitur. In¬
465 428 2136 494 fert postea corollatium dicens. Quapropter oportet vt concupiscentiae mediocres sint & perpaucae rationi
480 476 2138 540 non aduersantes: tale quid temperatum castigatumque vocamus. Nulla voluptas nisi ea quae estrationi
471 528 2133 583 conformis est admittenda. Quidam de honesta voluptate librum inscriptum emisit. In cibo & mode¬
481 567 2131 625 rato potu est innata voluptas: sic & in studio & in aliis voluptatum actibus si quis studiosus extiterit.
491 613 2132 676 vt viuere autem puerum sub paedagogi praeceptionibus oportet, ita cupiditas parere debet rationi. ld
484 665 2134 717 enim solum cupiendum est, quod ratio recta efflagitat. Ex quo iterum fit vt temperatus a ratione non discre¬
478 714 2139 776 pet. Honestum enim est ad quod vteroe scilicet & paedagogus & ratio tamquam ad scopum prospicit. Propositum pae¬
490 754 2137 820 dagogi est honestas: sic propositum rationis rectae vt appetitus delectationem omnem honestam respuat.
483 795 2134 870 Dicebat perbelle saepenumero Agesilaus: Pulchrum est hostium moenia expugnare, sed multo pulchrius
479 843 2128 904 foedas voluptates continere. ⁋ Circa solutionem huius capitis per modum dubitationis argumentor
476 891 2137 960 Primo, Fortitudo est temperantia praestabilior: ergo timiditas est intemperantia deterior. Tenet conse¬
489 934 2126 1003 quentia, quia semper meliori peius opponitur, septimo, octauo & nono Ethicorum. ⁋ Secundo dubitatur
488 992 2126 1061 de speciebus temperantiae. ⁋ Ad argumentum dico, quod maiori virtuti vitium oppositum est peius,
476 1033 2134 1089 paritate data: modo timiditas circa magis difficile insudat, vt in litera philosophus dicit: modo inten¬
479 1086 2120 1140 perantia habet aliquas malas partes annexas: & est magis in nostra sponte sita. Modo vitium quanto
475 1133 2125 1197 magis est in nostra facultate situm, tanto est exprobrabilius. ⁋ Ad dubitationem respondetur, quod spe¬
475 1178 2121 1245 cies temperantiae sunt sequentes, sobrietas circa potum, cuius oppositum est temulentia: hoc est excessiua
479 1217 2124 1282 potatio cuius) vna pars est ebrietas omnem rationem alienans: & haec est humillima seu abiectissima, &
481 1272 2118 1338 virum ad statum brutalem deiicit. Mulieres Romanae tempore Romuli temulentia maculatae morte
477 1311 2112 1378 plectebantur. Circa esibilia sunt temperantia regularis & ecclesiae ieiunium: cuius quadragenarium in verno
484 1363 2113 1427 tempore est antiquissimum: & ratione diutinae consuetudinis maxime seruandum. Circa venerea sunt trea
472 1403 2125 1481 castitatis species, virginalis, vidualis, & coniugalis, cum earum oppositis, fornieatione simplici, moechia.
477 1448 2133 1523 incestu, stupro, raptu, infando scelere, & reliquis. ⁋ Verum hic ob Haerefiarehas & eorum assectatores virgi¬
477 1505 2120 1568 nitatem exterminantes qui candida denigrant & atra dealbant ambigitur: quem locum inter has casti¬
472 1546 2126 1619 tates virginalis nitor sibi vendicet: & videtur quod infimum, in lege enim Mosaica rarentius erat in vsu¬
475 1588 2122 1655 Filia Hiepte virginitatem suam in Montanis, quia semen in Israele non suscitauit, deflebat, vt in libro
473 1634 2123 1708 ludicum memoriae est proditum. ⁋ Respondetur, quod de multiplicando populo dei tunc copulae erat
469 1684 2117 1755 indulgendum, & ea lex fuit vmbra solum & typus legis gratiae. In noua autem lege Christipara vir¬
484 1730 2119 1803 ginitatis tesseram explicuit, ad cuius vexillum multae virgines ocyus conuolarunt. Ioannes Sebedei.
475 1782 2111 1853 Ioannes Sacharie, Agnes, Agatha. Vrsula, nostra Britanna agmen virginum agens densum: hi sequun¬
471 1825 2110 1889 tur agnum quocumque ierit, vt Ioannes in Apocalypsi scribit causam subiungens: quia cum mulieribus non
471 1867 2109 1944 sunt coinquinati, sed virgines permanserunt. Luculenter contra louinianum Hieronymus virginitatem
469 1927 2117 1989 connubio praeferendam monstrat. Et patet ratione Abdicare enim in vniuersum venerea est splendidius
475 1962 2121 2033 quam partem eorum abiicere. Inter hasce ergo castitates virginitas absolute apicem sortitur: licet ex circun¬
477 2017 2110 2083 stantiis viduitas hanc vel illam exuperet. Sic Annae, de qua Lucae secundo, viduitas vsque annos. Sa. &
469 2054 2113 2132 Magdalenae caelibatus & vitae puritas post conversionem triginta annis rigorose seruata, Agnetis virgi¬
472 2110 2115 2174 nitatem perbreuem exuperant. Et castitas communiugalis Abrahae ob singularem praerogatiuam in ea relu¬
472 2152 2114 2221 centem aequatur huic virginitati aut illi: simpliciter tamen virginitas reliquos duos castitatis ramos
463 2191 2113 2272 supergreditur. ltaque connubialis castitas absolute inter has tres species infimum sortitur locum: quae ta¬
463 2251 2123 2315 men est pulchra facilisque si vir probam nactus fuerit foeminam: sed si impudicam, morosam & turture
477 2285 2112 2355 loquaciorem inuene rit, est magna calamitas: propterea non ab re sancti virginitati primas dedere partes.
470 2341 2115 2400 ⁋ Dubitatur, an gula intemperantiae filia sit mortale delictum. Respondetur, quod gula est appetitus in¬
468 2389 2107 2451 ordinatus cibi vel potus saepius venialis: quando non est notabilis excessus a latitudine medii: quandiu
475 2431 2108 2501 enim quispiam gyrum medii vere vel inuincibiliter tenet minime exorbitat: si plurimum a latitudine
468 2479 2108 2549 medii deuiet in corporis discrasiam, gula est letalis: communius tamen iam venialem suspicor. Si vero
459 2530 2105 2589 quispiam voto contraeat qui ecclesiae praeceptioni deliberate, formaliter, interpretatiue ve, mortaliter
469 2574 2102 2635 delinquit. leiunium tamen ecclesiae ad corporis dispendium minime hominem deuincit: quando esset ieiu¬
459 2614 2102 2689 nium in corporis laesionem notabilem, in occulto manducet ne alios malo exemplo scandalizet. Obscoeni¬
457 2660 2105 2733 tatem ac exprobrabilitatem intemperantiae concludentes, dicimus quod bruta est intemperantiae foeditas,
469 2704 2098 2781 Stante enim litera Aristotelica semper in diatribis Philoxenus siculus infamen appellation subibit.
466 2754 2112 2831 Ecquid asoto Nerone detestabilius? Ameridie ad mediam vsque noctem epulas cum bellariis protrahe¬
469 2800 2102 2877 bat: omnium nepotum altissimus gurges: inexplebilem ventris ingluuiem ceu deum colebat: inter scor¬
470 2856 2099 2927 torum atque ambubaiarum ministeria coenitabat, vino largius hausto tetram in libidinem horrendamque
474 2895 2107 2968 dictu ruebat. Hoc Suetonius detegit. Nonne Sardanapali inaudita intemperies Assyriorum imperium
472 2950 2107 3007 magna industria partum prorsus euertit, asinus bipes inter homines non connumerandus. Eius epita¬
476 2991 2107 3062 phium in Tusculanis quaestionibus Cicero commemorat: quod enim potius cornutum bouem quam hominem
462 3043 2114 3106 fuisse indicant. De moribus deprauatis non de natura loquor. Polyphagi eum & edaces vitam abbre¬
466 3087 2107 3154 uiant, & ad bellicos sudores sunt ineptissimi. obesis enim ventribus ingenii acumen atque memoriam
459 3128 2113 3207 hebetant: de patinis plusquam de philosophia cogitant. Gulosis, Epaminundas Thebanus aequissimo iure
456 3178 2111 3250 infestus fuit: qui quendam portentoso aqualiculo ab acie reiecit, affirmans tres clypeos talem ventricosum
469 3226 2113 3305 tegere non posse. Mensas dapsiles diuitiis affluentes sicut cicutam spernebat, gastrimargosque insimula¬
