2349 3589
466 243 2128 334 dandi actum rectum sequuntur. Et etiam cum voluptate vel sine vllo dolore. ld enim quod
474 322 2124 400 per virtutem efficitur afficit voluptate: aut fit cum indolentia sane: minime vero affert do¬
466 377 2125 443 lorem. At is qui dat quibus non oportet, aut non honestatis gratia, sed ob aliquam aliam cau¬
472 442 2125 504 sam: non liberalis, sed alius quidam dicetur. Et itidem is qui dando dolet: honestis enim acti¬
475 490 2125 555 bus talis pecunias anteponit: quod quidem non est liberalis. At vero neque capiet vnde non
484 554 2124 616 oportet. Talis enim acceptio non est eius qui pecunias non magnifacit. Nec etiam ad postu¬
474 608 2133 677 landum propensus erit: facile namque suscipere beneficia, non est hominis beneficia conferentis.
489 655 2127 721 Verum vnde oportet accipiet: ex propriis inquam rebus: non quia idipsum honestum sit, sed
477 710 2133 779 quod necessarium vt donare possit. At neque res suas negliget: quippe cum per illas quibusdam affe¬
470 766 2122 836 ctet opem afferre. Neque quibusuis dabit, vt quibus oportet, & quando, & vbi est honestum,
472 823 2122 882 largiri possit. Attinet etiam nimirum ad hominem liberalem: vt in dando adeo exuperet, vt
466 875 2126 950 sibi ipsi pauciora relinquat. Est enim liberalis non ad seipsum respicere. At enim pro faculta¬
468 934 2134 1006 tibus ipsa liberalitas dicitur: liberalis enim actio non in multitudine rerum quae dantur, sed
480 989 2134 1053 in habitu dantis consistit. hic autem pro facultatibus erogat, nihil igitur prohibet, eum magis
478 1046 2122 1120 esse liberalem qui pauciora largitur: si modo minores ei sint facultates. Magis autem illibe¬
479 1103 2127 1160 rales esse videntur, qui non compararunt sibi facultates, sed ab aliis acceperunt. Nec enim experti
474 1157 2122 1229 sunt indigentiam: & opera omnes sua amant, vt parentes atque poetae. At vero facile non est
475 1212 2121 1291 liberalem diuitem esse. Quippe cum non sit ad capiendum & conseruandum, seu ad erogandum
474 1266 2116 1333 procliuis, neque magni per se faciat ipsas pecunias: sed causa dandi. Quapropter & accusatur
474 1324 2122 1386 fortuna, quod homines ii qui maxime sunt digni, minime sunt locupletes. Accidit autem id
473 1381 2125 1444 ipsum non sine ratione. Fieri enim non potest vt is pecunias habeat, qui non adhibet diligen¬
472 1439 2125 1497 tiam vt habeat ipsas: quemadmodum & caeteris in rebus fieri solet. Attamen non dabit quibus
474 1490 2118 1564 non oportet, neque quando non oportet, & de caeteris talibus simili modo. Non enim ageret
470 1546 2126 1620 liberalitatis ipsius lege, & consumptis ad haec ipsa fortunis, ad ea quae oportet, & cum oportet,
465 1602 2117 1670 sumptus facere, dareque non posset. Etenim is est (vt paulo ante diximus) liberalis qui pro
473 1655 2119 1717 facultatibus erogat, & in quibus oportet. Qui vero exuperat, prodigus est. Quocirca ty¬
469 1723 2128 1778 rannos prodigos non dicimus: non enim facile videtur esse dando, ac erogando tantam rerum
468 1781 2116 1839 quas habent copiam exuperare. Cum igitur liberalitas mediocritas sit circa dandas capien¬
479 1832 2114 1898 dasque pecunias, liberalis dabit in quibus oportet, & quod oportet: tam in paruis quam etiam in
470 1880 2110 1942 magnis: atque cum voluptate: & accipiet vnde oportet, & quod oportet. Nam cum virtus circa
468 1935 2114 1991 vtrumque sit mediocritas, vtrumque faciet vt oportet: sequitur enim dationem bonam talis acce¬
469 1992 2115 2065 ptio: ea vero quae non est talis, contraria est. Ea igitur quae sequuntur, fiunt in eodem simul,
476 2056 2110 2116 contraria vero non fiunt. Qa si praeter id quod & bene sese habet, contigerit, ipsum pecunias
475 2103 2113 2173 erogare, dolebit sane: moderate tamen & vt oportet. Ad virtutem enim pertinet, vt pro qui¬
460 2159 2123 2237 bus oportet, & vt oportet voluptas fiat ac dolor. Est etiam in rebus pecuniariis lenis socius
462 2213 2104 2287 ipse vir liberalis. Potest enim iniuriam pati quandoquidem pecunias non multifacit: ma¬
460 2274 2106 2340 gisque moleste fert: si quid cum oporteret non erogauerit, quam dolet si quid cum non oporteret.
473 2329 2117 2384 erogauerit. Simonidisque sententiam non probat. Prodigus autem & in hisipsis delinquit:
467 2384 2119 2454 nec enim laetatur nec dolet pro quibus oportet, & vt oportet. Atque hoc magis patebit per
464 2432 962 2523 ea quae deinceps dicemus.
753 2503 2113 2578 fEinceps autem de liberalitate dicamus. Prima huius primicapitis quarti libri
811 2562 2114 2622 conclusio est. Liberalitas est mediocritas in erogandis & accipiendis pecuniis. Patet.
812 2608 2114 2672 Vnaquaeque virtus est tantum circa illam materiam circa quam operatio respondens laudatur.
816 2658 2104 2722 Quando dicit liberalitatem esse circa pecuniam generale dat documentum ad deprehen¬
811 2705 2115 2764 dendum circa quod obiectum est quaelibet virtus. Quia enim virtus est circa bonum laudabi¬
811 2754 2108 2816 se, ideo quaelibet virtus est circa illa circa quae operatio virtutis laudatur. Q lau¬
809 2799 2110 2861 detur circa pecuniam probat per aliqua negatiua in quibus aliae virtutes efferuntur
464 2849 2104 2906 & dicit deinceps, vt dicenda dictis in calce tertii assumat. Non enim in bellicis rebus vti ipse fortis: nec in
461 2895 2107 2958 iis in quibus temperans puta in gustu aut tactu, nec rursus in iudiciis laudatur ipse liberalis: sed iustitia
453 2944 2115 3003 in hoc laudanda venit: sed in dandis & capiendis pecuniis laudatur. Capere etiam interdum est liberalitatis.
454 2986 2113 3039 Pecunias hic vocamus omnia quorum aestimatio pecunia mensuratur, vt bos, equus, vestis, liber. Pecunia
464 3034 2106 3086 a pecore denominatur, quia omnis pecuniae pecus fuit radix. Adhuc in quarta aetate post orbem conditum
454 3082 2104 3132 regibus Ilsrael Moab centum millia arietum annua pendebat. 5. Regum. . Apes, oues, boues, capras, & praeter
459 3131 2101 3180 hominem, omne animal quod in hominis est peculio pecus vocitamus: sed etiam fucos qui sunt apes non
451 3178 2112 3239 mellificantes dixit Virgilius pecus. Ignauum fucos pecus a praesepibus arcent. Hicantequam vlterius pro¬
464 3223 2116 3293 grediamur videtur liberalitas non esse solum circa ea quae pecunia mensurantur: quoniam donum doctrinae
