2308 3593
382 218 2059 301 ventosorum regum Egypti: & vnionis Cleopatrae Agypti reginae absumptae in obsonio vno praesenti
382 290 2059 356 Marco Antonio. Preciosissimam enim margaritam aceto liquefactam, quae inaestimabile aurum valere di¬
388 336 2065 399 cebatur, lubrica mulier consumpsit. propterea Plinius recte sordidum Cleopatrae conuiuium appellauit, quo
388 385 2053 448 morsu vno regni consumpsit opes. Postea ponit sex proprietates magnificentiae: quarum prima est. Magni¬
394 436 2065 490 ficus scienti similis est. Nam quid decens quid decoruve sit capit: & ante cum libramine digerit quibus
390 478 2065 539 impensis tale opus perficere valeat: & magnos continue facit sumptus. Magnifici enim opera magna
399 526 2065 579 sunt & decentia. Dictum est in secundo libro, quod habitus operationibus determinantur, & iis operabilibus
401 576 2063 634 quorum est habitus: sed magnifici habitus magnus est & decens, & sumptus magni & decentes: taliaque
396 620 2054 670 sunt eius opera: nam magnum magna decent, sicque sumptum magnum esse oportet vt operi congruat, & opus
404 668 2069 720 ipsum decens vt sumptus sit opere dignus, vel opus sumptus transcendat: satius est pecuniam superfluam
396 713 2063 765 cum opere perfecto relinquere quam pecuniam opere incompleto deesse. Secunda magnifici proprietas est quod hone¬
406 760 2052 811 statis causa id faciet. Hoc enim cuilibet virtuti est commune. Tertia, quod cum iocunditate id faciet: hoc item
398 807 2062 863 omni virtuti est peculiare. Et sine parsimonia, hoc est cum pecuniae copia: quia exacta sumptuum ratio &
390 856 2054 912 supputationis diligentia ad pusillitatem attinet. Quarta proprietas est, quod potius considerabit quonam pacto
403 900 2052 956 pulcherrimum erit opus quam quanti constiterit, & quomodo erit confectum quam vt per minimos sumptus. Quinta
393 946 2064 1008 proprietas quae est & alia conclusio. Necesse est magnificum liberalem esse: per quam conclusionem remouet dubium
387 1001 2056 1051 ne quispiam credat magnificum prodigum. Nam liberalis sumptus facit quos oportet: & quod in sumptibus ma
403 1041 2059 1097 gnum est ipsius magnifici est. Decens magnitudo sumptuum sine liberalitate non est. proinde in suis agen¬
402 1094 2064 1147 dis est liberalis, cum liberalitas circa eadem verset. Sexta proprietas est, quod magnitudo est liberalitatis. hoc
408 1132 2058 1190 est non est sine liberalitate. Vnde extrahitur alia conclusio. Sumptuum paritate magnificentius facit opus quam qui¬
400 1187 2048 1241 uis non magnificus. Non enim est eadem virtus possessionis & operis, hoc est non est eadem perfectio possessionis
400 1227 2060 1285 siue pecuniae quae expenditur, & ipsum opus. Virtus possessionis est illa quae plurimo precio est digna &
399 1278 2059 1334 preciosissima vt aurum, opus quod magnum est atque pulchrum. Talis enim operis aspectus est admirabilis, & quod est
394 1327 2060 1382 magnificum est admirabile. Ex his cocludit, quod virtus operis magnifici consistit in operis magnificentia: sunt
402 1368 2056 1420 autem impensae quas dicimus esse ipsa honorabilia, hoc est quas dicimus honorabiles, vt ea quae dei aut
403 1415 2059 1468 heroum causa fiunt qualia sunt templorum dedicationes, consecrationes, extructiones & sacrificia: & circa omne
403 1463 2059 1527 diuinum. Licet enim vnum posuerit deum. S. Physicorum, &. ia. Metaphysicae, quem dicit adorandum primo caeli: tamen
406 1507 2058 1555 hic loquitur cum vulgo de deorum pluralitate, & circa publicam magnificentiam, vt si in aliquo loco publico ludi
404 1553 2060 1612 sunt instituendi, eos splendide facere oportet, sicque censendum est de nauium praefectura, ponte, hospitali.
400 1602 2046 1658 aut epulo & publice dando ceu Salomon fecit Reginae Saba, & magis magnifice post templi perfectam
407 1648 2059 1703 structuram. Et losias de celebratione Phase. a. Regu. Atque in vniuersis (vt diximus) ad agentem respe¬
412 1694 2056 1748 ctus habeatur, quisnam sit & quas habeat facultates. Nam opera facultatibus digna illisque respondentia esse opor¬
406 1741 2054 1797 tet: & non sat est opus dignum esse verum etiam auctorem decere requiritur. ⁋ Infert corollarium inquiens. Ex quo
405 1786 2059 1842 fit, vt pauper magnificus esse non possit, nisi prius opulentus magnificentiam acquisiuerit, nunc per infortu¬
406 1834 2056 1886 nium factus inops. Talis enim est magnificus, sicut dicimus quod caecus non habet distinctam notitiam colorum
413 1881 2059 1927 nisi prius viderit. Quippe pauperi haud suppetunt ea quibus multos decore faciat sumptus. Et patet
410 1924 2049 1982 sic. Omnis magnificus habet multas opes quibus potest decenter operari: sed nullus pauper habet mul
404 1971 2054 2027 tas opes: itaque nullus pauper est magnificus. In camestres. Inops tamen potest habere volitiones latas sicque
404 2018 2060 2081 conditionatas: si haberem opes sic magnifice facerem vel volitiones categoricas inefficaces quae ad magnificem
402 2068 2058 2122 tiam non sufficiunt, & potest habere nolitiones vitiis oppositas. Et licet opes congestae sint instrumentum ma¬
402 2116 2058 2170 gnificentiae: tamen inopia siue mediocritas quae est impraesentiarum paupertas, est status non minus securus ad
404 2158 2052 2216 bene beateque viuendum: & hoc sat est. Si pauper supra vires talem prouinciam aggrediatur fatuus & desipiens
404 2209 2050 2263 merito reputetur, cum praeter dignitatem & decentiam illud aggrediatur. Id vero quod recte sese habet a virtute
399 2252 2059 2312 emergit, virtus est rectae rationi semper concors: ea ratio est eius regulatrix sexto Ethicorum. ⁋ Alia con¬
404 2304 2055 2362 clusio. Magnifica aggredi opera eos decet qui ex antecessoribus tales facultates habuerunt per manus,
400 2349 2050 2400 aut sua industria, vel per eos qui ad ipsos pertinent. & summatim nobiles & claros & eiusmodi. Nam hi omnes
405 2396 2044 2442 amplitudinem habent & dignitatem sufficientem. Magnificus igitur praecipue in huiusmodi rebus erit: ac in hu
400 2441 2046 2493 iusmodi sumptibus magnificentia vt dictum est. Porro haec maxima & honoratissima sunt. Hoc enim pacto
403 2493 2044 2545 opulenti reges & antistites magnificas domus in gymnasiis cum praediis perpetuis studentibus ordina¬
399 2535 2040 2593 runt vt in nauarrae collegio Parisii, in nouo collegio Oxoniae aut diuae Magalenes, in sancti Saluatoris
400 2583 2050 2642 museo in diuo Andrea. & Aberdoniae. In literario ludo casses doctrinae acquiruntur quibus astuti haere¬
400 2626 2050 2682 siarchae irretiuntur. ⁋ Alia conclusio. In priuatis rebus semel instar magnifici fecisse sufficit, vt cum fiunt
390 2675 2050 2731 nuptiae aut aliquid tale: & circa hospitum susceptiones retributiones & munerationes, vt cum Themisto¬
406 2729 2045 2783 cles Domitis Persis Spartam inuiseret. Regum legatis honestatis & amicitiae gratia munera ampla vt
391 2774 2053 2830 celata argentea vasa tribuuntur. Magnificus ad seipsum non est sumptuosus, sed ad publica. Et magnis
400 2814 2056 2874 fici munera simile aliquid habent iis quae deo sacrantur. Deus nostrorum non eget: quoniam bonorum nostrorum non
402 2870 2052 2927 eges dicit Psalmographus, sed ob eius reuerentiam ampla in eum exponimus: sic in reges magna praesta¬
406 2915 2043 2965 mus. licet respublica non plurimum egeat, sed ob reuerentiam talia facimus. Munera quae in rempu¬
394 2957 2044 3006 blicam exponuntur similitudinem quandam sortiuntur cum iis quae diis dedicantur. Bonum commune
399 3003 2049 3057 est quid diuinum vt in primordio primi retulimus. Per deos primum opificem & eius sanctos qui illibate
410 3052 2056 3109 in hac valle lachrymarum vixerunt intelligimus. His qui in diuorum coetum relati sunt magnifici prin¬
398 3109 2060 3159 cipes templa augusta aedificant. ⁋ Alia conclusio. Magnifici est domum suis diuitiis congruen¬
408 3150 2056 3204 tem habere, & in eis magis sumptus facere quae diutius facta manere possunt, faciat columnas
412 3193 2060 3262 marmoreas quia durabiliores sunt, & senestras non tales, quia caducae & vitreae sunt. Plus exponere
