2323 3603
932 231 1633 324 Tract. II. Cap. I. & Lib. IIII. Cap. III.
771 309 2117 371 FAgnanimitas autem circa magna quidem vel ex ipso nomine versari vi¬
796 371 2109 446 detur: circa quae vero versatur, primum accipiamus oportet. Atque nihil
779 442 2113 496 refert, siue habitum ipsum, siue eum consideremus qui habitum habet.
772 485 2108 549 Videtur itaque magnanimus is esse, qui magnis est dignus, & dignum se¬
746 537 2108 603 se magnis esse censet, qui nanque non pro dignitate hoc facit stolidus est.
799 599 2119 659 At eorum qui praediti sunt virtute: nemo demens, nemo stolidus est. Is
786 651 2098 712 igitur quem diximus, magnanimus est. Qui nanque parua meretur, &
448 708 2110 781 hisce dignum seipsum censet, modestus quidem, at non magnanimus est: magnanimitas enim
444 765 2104 836 in magnitudine, sicut & pulchritudo corpore in magno consistit. Parui vero vrbani qui¬
441 816 2097 888 dem sunt, & membris appositi, sed non pulchri. Is autem qui est indignus, & magnis di¬
433 881 2110 946 gnum seipsum censet, est lentus. Non est autem omnis lentus, qui maioribus quam meretur, di¬
433 924 2112 1003 gnum seipsum censet. At is qui se dignum minoribus quam dignum sit censet, pusillanimus est,
442 996 2108 1061 siue magna, siue mediocria mereatur: siue parua quidem, minoribus vero seipsum dignum
440 1045 2101 1116 esse existimet. At maxime videbitur is qui magnis est dignus. Quid enim faceret, si tantis
439 1115 2103 1165 non esset dignus: Est igitur ipse magnanimus magnitudine quidem extremus, ratione au¬
445 1163 2115 1223 tem eius quod oportet medius. Dignum enim eo seipsum censet, quod ad dignitatem suam
455 1207 2107 1272 accommodatur: illi vero exuperant, & deficiunt. Qa si magnis se dignum censeat, & sit dignus,
455 1261 2111 1334 & maxime maximis: circa vnum maxime versabitur ipse. Dignitas autem ad externa dici¬
443 1328 2120 1399 tur bona, maximum vero id asseuerant omnes esse, quod diis ipsis tribuimus, & quod maxi¬
452 1385 2110 1446 me homines qui sunt in dignitate affectant: quodque dari praemium ob res pulcherrimas so¬
451 1440 2118 1501 let. Tale autem est ipse honor, hoc est enim bonorum maximum, sed externorum. Circa igi¬
457 1485 2117 1560 tur honores & inhonorationes, magnanimus vt oportet versatur. Et sine etiam ratione, ma¬
451 1553 2114 1617 gnanimi circa honores esse videntur. Viri nanque magni, maxime seipsos dignos esse hono¬
447 1597 2111 1664 re pro dignitate censent. Sed pusillanimus deficit tam ad seipsum, quam ad ipsius magnanimi
456 1649 2114 1722 dignitatem. Tentus autem respectu quidem sui exuperat, non tamen ipsum magnanimum.
457 1709 2111 1772 Atqui magnanimus ipse, cum fit maximis dignus, fuerit optimus sane. Melior enim maio¬
452 1769 2114 1832 ra semper meretur, & optimus maxima. Eum ergo qui vere magni est animi, bonum esse
454 1821 2106 1890 oportet. Atque magnanimi videbitur id esse quod est in vnaquaque virtute magnum: nulloque
450 1873 2118 1952 pacto magnanimo competit aggresso pericula fugam ob timorem arripere, aut iniuriam fa
464 1926 2112 1988 cere. Gratia nanque cuius is aget turpia, cui nihil est magnum? Singula vero consideranti ma
465 1983 2115 2060 gnanimus si non fit bonus, ridiculus omnino videbitur. Nec etiam dignus erit honore, si
462 2050 2116 2114 prauus fit. Quippe cum honor praemium sit virtutis, ac bonis hominibus tribuatur. Vide¬
462 2096 2121 2157 tur igitur ipsa magnitudo animi, tanquam ornamentum quoddam esse virtutum: nam maiores
461 2150 2119 2224 efficit ipsas, & sine illis ipsa non fit. Quamobrem difficile est vere magnanimum esse, non
456 2204 2104 2280 enim esse potest, si non omnis probitas assit. Magnitudo igitur animi, maxime circa hono¬
454 2266 2110 2327 res & inhonorationes versatur. Atque magnanimus pro iis quidem honoribus qui & magni
456 2321 2111 2392 sunt & a studiosis hominibus offeruntur, moderate laetabimur, tanquam accommodatos sibi vel
455 2374 2117 2437 minores etiam adipiscens. Virtute enim accumulata, nullus dignus honor fieri potest. Ac¬
458 2431 2105 2495 ceptabit tamen, quia maiora nequeunt exhiberi. Sed eos honores quos quiuis homines &
459 2482 2114 2559 paruis tribuunt parui pendet omnino: non est enim his dignus. Similiter & id quod est ho¬
465 2542 2121 2610 nori contrarium: non enim iure fuerit circa ipsum. Vt igitur dictum est, vir magnanimus,
463 2594 2119 2660 maxime circa honores versatur. Et circa tamen diuitias, & potestatem & omnem prosperi¬
463 2643 2128 2713 tatem, aduersitatemque fortunae, quocunque euenerit modo, moderate sese habebit. Et naeque ve¬
464 2707 2116 2776 hementer in prosperitate laetabitur, neque nimiam in aduersitate dolebit. Neque enim circa ho
460 2761 2106 2829 norem ita sese habet, qui quidem maximum bonum est. Potestates enim diuitiaeque propter
451 2823 2115 2892 honorem expetuntur. ltaque qui haec habent, per ipsa honoribus affici volunt. Cui igitur &
453 2876 2113 2948 honor est paruum: huic & caetera parua sunt. Quapropter ipsi magnanimi, contemptores
463 2934 2117 2996 esse videntur. Videntur autem & prosperitates fortunae, ad magnanimitatem conducere.
453 2989 2128 3048 Nobiles enim & ii qui sunt in potestatibus constituti, vel diuites, digni censentur honore.
462 3037 2119 3110 In excellentia nanque consistunt, atque omne bonum quod excellit, dignum est magis honore:
462 3096 2124 3176 quapropter & talia, magis magnanimos faciunt. Aquibusdam enim honorantur, re autem
458 3159 2116 3226 vera, solus bonus est honorabilis. Atque ii quidem quibus insunt ambo: digni magis honore
452 3218 2127 3291 censentur. Qui vero sine virtute talia bona habent, ii non iure seipsos dignos magnis hono
