2359 3590
276 233 1956 312 ribus censent, neque magnanimi recte dicuntur. Non enim sunt haec, sine accumulata virtu¬
290 298 1949 356 te. Contemptores autem petulantesque fiunt. Non est enim facile, sine virtute moderate res fer
284 348 1951 415 re secundas. Atque cum aequabiliter ferre non possint, putentque se caeteris antecellere, illos qui
286 409 1945 466 dem despiciunt: ipsi vere quicquid contigerit, agunt. Imitantur enim, etsi similes ei non
277 462 1959 541 sunt. ldque faciunt in quibus possunt. Ea igitur quae a virtute proficiscuntur, non agunt. De¬
289 516 1955 589 spiciunt autem caeteros. Sed magnanimus iure despicit: opinatur enim vere, vulgus autem
292 682 1959 757 si non sit dignum omnino viuere. Est etiam talis, vt beneficia conferat. Et pudeat ipsum, si
296 579 1951 638 vt contingit. Non autem parua pericula subit, nec periculorum est cupidus, propterea quod res
279 632 1946 695 paucas multifacit. Sed subit magna, atque cum in periculo versatur, vitae suae non parcit: qua¬
277 741 1931 803 suscipiat beneficia. Illud enim superioris est, hoc inferioris. Et in retribuendo, maiora bene¬
273 801 1938 871 ficia conferat. Hoc enim pacto debitor insuper fiet is, qui pimus contulit, atque suscipiet be¬
280 851 1952 911 neficium. Videtur etiam, & eorum quidem meminisse, in quos beneficia contulit: eorum au
290 910 1939 972 tem non meminisse a quibus ipse suscepit. Est enim is qui suscepit, inferior eo qui contulit
274 965 1939 1028 beneficium. Ipse vero vult superior esse. Et cum voluptate quidem audit ea quae contulit, si¬
271 1022 1936 1094 ne autem voluptate ea quae ipse accepit. Quapropter & Thetis non enarrat beneficia loui:
284 1077 1939 1136 nec Atheniensibus Lacedaemonii quae contulerunt in illos, sed quae susceperunt ab illis. Est
264 1131 1929 1184 etiam magnanimi, neminis, aut vix indigere: subministrare autem prompte. Et ad eos qui¬
274 1187 1927 1253 dem homines qui in dignitate sunt constituti prosperitatibusque vtuntur fortunae, magnum
268 1243 1931 1309 esse, ad medios autem mediocrem. Illos enim superare difficile est, & gloriosum: hos autem
275 1297 1934 1354 facile. Et inter illos quidem gloriari, non est ingenerosum: inter humiles autem est importu
272 1350 1927 1428 num: quemadmodum viribus contra imbecillos contendere. Est etiam magnanimi, non adi¬
278 1411 1922 1475 re ea quae afficiuntur honore, & vbi alii primas occupant partes, & ociosum esse ac tardum,
265 1472 1931 1535 nisi vbi magnus est honos, vel opus: & paucas quidem agendas res aggredi, magnas autem
272 1512 1927 1585 & praeclaras. Necesse est etiam palam ipsum, tam odisse, quam etiam amare, quippe cum metu¬
267 1573 1909 1633 entis sit occultare. Et magis ipsi curae veritatem quam opinionem esse, & aperta loqui ac age
268 1628 1912 1691 re, est enim hoc contemptoris: quapropter vtitur libertate, est enim & libertate vtentis
283 1684 1925 1752 Quapropter contemptor est & etiam verax, nisi dissimulatione vtatur, qua quidem ad
281 1737 1921 1800 multitudinem vtitur. Et non posse ad alium viuere nisi ad solum amicum: est enim serui¬
262 1796 1915 1858 le. Quapropter & omnes adulatores seruiles sunt & omnes humiles adulatores. Nec est pro
261 1851 1922 1911 cliuis ad admirandum. Nihil enim apud ipsum est magnum nec est sibi mali memor illati.
268 1900 1919 1971 Non est enim magnanimi meminisse praesertim mala, sed potius despicere. Nec de ho¬
272 1962 1916 2023 minibus loquitur. Etenim neque de seipso, neque de alio dicet. Nec enim vt laudetur ipse nec
268 2018 1921 2075 vt alii repraehendantur, est ipsi curae. Nec rursus est laudator. ldcirco nec maledicus, ne in
264 2073 1923 2141 inimicos quidem nisi ob contumeliam. De necessariis praeterea rebus vel paruis minime
271 2126 1911 2189 est querulus: & ad precandum procliuis. Est enim studentis circa haec ita sese habere. Est eti
259 2184 1905 2257 am talis, vt res magis pulchras, sineque fructu, quam fructuosas vtilesque possideat: est enim magis
263 2239 1899 2304 sufficientis. Insuper ipsius magnanimi motus tardus esse videtur, & voax grauis, & locutio
256 2297 1908 2351 tarda. Non enim properat is qui circa pauca studet. Nec est vehemens qui nihil existimat ma¬
260 2346 1912 2423 gnum. Acumen autem vocis & celeritas, propter haec ipsa fieri solent. Talis est igitur ipse
259 2409 1912 2482 magnanimus. Is autem qui deficit, pusillanimus est, qui vero exuperat, lentus. Nec igitur hi
262 2463 1912 2539 mali esse videntur (quippe cum mala non faciant) sed aberrare. Pusillanimus enim meretur
258 2521 1907 2589 quidem bona, iis tamen seipsum priuat quibus est dignus. Atque malum quoddam habere
268 2581 1904 2642 videtur: quia bonis seipsum dignum non censet, & seipsum ignorare. Appeteret enim ea
259 2626 1908 2697 quibus est dignus, cum sint bona. Non tamen stolidi tales homines, sed pigri potius esse vi¬
253 2690 1912 2755 dentur. Talis autem opinatio videtur & deteriores ipsos efficere. Singuli namque appetunt
259 2738 1912 2811 ea quibus sunt digni. Demouent sese & a praeclaris actibus & officiis quasi sint indigni, & a
251 2793 1906 2853 bonis externis simili modo. At lenti, stolidi sunt, & seipsos ignorant, & etiam clare. Nam qua
255 2850 1922 2914 si sint digni res eas aggrediuntur quae honorantur. Deinde redarguuntur. Vestituque se, &
253 2916 1905 2976 gestu, & similibus ornant, & prosperitates suas manifestas esse volunt. de ipsisque etiam dicunt.
255 2975 1912 3038 vt ob ipsa afficiantur honore. Magnitudini autem animi pusillanimitas opponitur magis
253 3020 1912 3101 quam lentitudo. Fit enim magis, & peior est. Magnitudo igitur animi circa honorem (vt dixi¬
251 3075 723 3149 mus) magnum versatur.
370 3125 1915 3201 Agnanimitas quidem &c. In exordio huius quarti libri primum de liberalitate philosophus
367 3192 1916 3252 est loquutus, deinde magnificentia liberalitatis apice, aut virtute condistincta nobilioreque men
355 3239 1908 3322 tionem fecit, nunc vero magnificentiae magnanimitatem eximiam virtutem & caeterarum
