2366 3604
269 243 1958 327 mine saltem doleat. Postea ostendit quo modo magnanimus se habet circa materias secundarias &
272 318 1935 379 non praecipuas, quemadmodum sunt potestates & diuitiae, & ponit conclusionem dicens. Non modo
275 364 1949 420 circa honores & inhonorationes, sed etiam circa opes & potestatem & secundam atque aduersam fortu¬
264 408 1945 468 nam magnanimus moderate sese geret. Hoc ipsum ostenditur. Qui moderate sese habet circa maius
270 455 1946 527 bonum & maius malum, moderate se habebit circa minus bonum & minus malum, sed magnanimus
268 509 1936 562 moderate se habebit circa honores & inhonorationes, honor autem est maius bonum quam bonum for¬
264 560 1945 618 tunae, & inhonoratio est maius malum quam infortunium, igitur. Quia honor sit praestabilius bonum quam bo¬
262 599 1943 656 na fortunae, patuit superius: quia deo tribuitur. Et patet aliter quia potestates, opes & similia ob hono
266 644 1940 710 rem expetuntur, & per eas qui expetunt honorari volunt: igitur cui honor paruum est, & caetera talia
272 694 1699 754 ob honorem quaesita, parua sunt: quapropter magnanimi contemptores esse videntur.
265 720 1928 798 ⁋ Alia conclusio. Secundae fortunae magnanimo conducunt. Patet: quia nobiles & locupletes ob illas
272 781 1927 837 honorantur, ergo ob opes magnanimus magis saltem a vulgo efferetur, sed secundum veritatem so¬
262 832 1927 885 lus bonus est honorandus, quia honor est praemium virtutis, sed ii quibus ambo insunt bona fortunae
266 878 1925 937 & virtus, magis honore digni censentur. Aliquis tamen non ob virtutem propriam, sed alienam laudat, vt qui
268 933 1934 987 praeest, pro quanto gerit vicem dei & praelati. Quicumque sunt subiugo seruitutis dominos suos honore di¬
260 976 1934 1037 gnos arbitrentur, primae ad Timoth, sexto. Et patrem etiam malum laudabo a quo habeo esse. Exo¬
265 1032 1935 1087 di vigesimo. Honora patrem tuum & matrem tuam. Et senem venerari detet Leuitici. xix. Coram ca¬
259 1068 1921 1125 no capite consurge, honora personam senis. Diuites enim non honorantur ratione precisa opum, hoc
265 1118 1937 1175 enim esset peccatum, sed quia altiorem locum obtinent, vel vt euitetur eorum malum: vel ne inflati
267 1172 1933 1223 videmur. Et sic intelligatur illud lacobi secundo. Si introiret in conspectu vestro vir habens annu¬
264 1203 1925 1262 lum aureum, in veste candida, & pauper in sordido habitu, & intendatis in eum qui indutus est veste prae¬
255 1264 1933 1318 clara & dixeritis ei: tu sede hic bene, pauperi autem dicatis tu sta illic, aut subsede sub scabello pedum
257 1308 1933 1377 meorum. Pauperes in fortunae bonis virtute micantes praediuitibus etiam praeponuntur, sed communius opulem
255 1344 1778 1409 ti inopibus praeponuntur, sed non ratione opum: & hoc voluit diuus lacobus in canonica epistola sua.
251 1396 1919 1459 ⁋ Alia conclusio. Qui sine virtute talia bona habent nec iuste seipsos magnifaciunt, neque ratione magnani¬
249 1443 1912 1506 mi dicuntur. Non enim sunt haec sine accumulata virtute, vt superius meminimus. Opulenti stne virtute
253 1492 1917 1543 sunt contemptores & petulantes, hoc est tumidi in proposito. Non enim est facile sine virtute res ferre secun¬
249 1538 1915 1597 das, & quia aequabiiter ferre non possunt arbitrantur se caeteris antecellere. Illos quidem despiciunt & contemnunt si
257 1584 1918 1644 obliquis viis, amicorum mediis, aut aliter male eas opes adepti sunt gloriantur se caeteris praestantiores, probitate
253 1632 1912 1684 & industria se pollere gloriantur, ipsi igitur quicquid contigerit agunt imitantur magnanimum qui alios iure contem¬
249 1670 1912 1735 nit, & eius similes non sunt attamen faciunt id vt ei assimilentur in quibus pabent. Insuper tales qui a virtute profi
249 1724 1909 1791 ciscuntur non agunt, & vtcumque caeteros floccipendunt. Magnanimi sola agunt quae ipsa virtus affert, neque vtcunque
258 1770 1900 1833 sed iure aspenantur alios. Vere iudicant qui paruipendendi veniunt: vulgus autem vt cotingit ita cito paruipendit probos
243 1818 1902 1881 sicut improbos. Hic ponit proprietates quae accipiuntur secundum dispositiones magnanimi. Et duas proprietates
253 1867 1915 1925 ponit quae accipiuntur per comparationem ad exteriora pericula. ⁋ Et sequitur alia conclusio. Magna¬
249 1917 1919 1975 nimus non parua pericula subit, nec talium periculorum est auidus, sed magna vt oportet fortiter ag¬
253 1968 1914 2022 greditur: parua non aggreditur, quia pauca admodum sunt quae magnifaciat & digna existimet, vt ea
247 2013 1906 2066 aggrediatur, magna subit, quia ea se digna opinatur. Quae cum subit & in ipso discrimine insudat vi¬
250 2062 1908 2119 tae suae minime parcit, quasi omnino non sit dignum viuere: sed in hoc egregio actu mori appetit, aut
256 2107 1905 2157 probe vincere, pro diuino cultu, iustitia communi, & huiusmodi magnis decertat. Consequenter ponit
246 2155 1909 2207 quinque proprietates magnanimi, acceptas per comparationem ad beneficia quae sunt liberalitati pro¬
250 2192 1911 2247 pria. ⁋ Et sequitur alia conclusio. Apraefatis magnanimi est beneficia conferre & pudet eum beneficia
246 2243 1897 2298 suscipere, quae si primo susceperit, cum foenore reddit, vt primo conferentem sibi deuinciat. Tertia pro
237 2288 1903 2346 prietas est. Magnanimi est meminisse eorum quibus beneficia contulerit, non autem ab aliis se benefi¬
246 2337 1907 2402 cia suscepisse. Nempe is qui beneficium recipit inferior est illo qui beneficium dedit: sed magnanimus,
245 2382 1910 2443 appetit conferendo esse superior, & cum voluptate magnanimus audit se beneficia contulisse: sine io¬
244 2439 1909 2487 cunditate audit se beneficia accepisse, quia vnum est decorum, excellens & honorificum, alterum vero
237 2485 1911 2538 non tale. Eapropter Thetis aquarum dea vt fingit Homerus vates, non narrat beneficia sua loui: neque
247 2521 1912 2582 Atheniensibus lacedaemonii, quae in illos contulerunt, sed quae ab ipsis acceperunt. Non quod magnani¬
247 2571 1915 2630 mus obliuiscatur beneficia ipsi facta, quia studet ea exuperare, sed cum voluptate suam dationem &
231 2617 1899 2680 facta honore digna capit. Hercules enim quando fatalibus flammis cremabatur, sua egregia facta in
232 2670 1906 2724 mentem (vt poetae produnt) reuocauit, vnde Quidius. Ergo ego foedantem peregrino templa cruo¬
234 2710 1893 2772 re, Busirem domui, & quae fequuntur. Prudentis est dum tristitiam immergentem excutere vult, men¬
232 2759 1900 2810 tis aciem in honesta delectabilia conuertere, quae sunt ei cordi. Ex ista proprietate edocemur si quippi¬
240 2805 1891 2858 am ab alio expetere volumus, enarremus beneficia eius aut maiorum nobis aut amicis nostris con¬
241 2857 1922 2916 cessa. Hac enim via multo facilius eius animum mulcebimus nobis condescendere, Thetis & Lacedae.
228 2900 1894 2959 moniorum exemplum imitantes. ⁋ Alia eius proprietas est. Ostendit se nullius aut paucorum indi¬
237 2946 1905 3011 gere, indigentibus tamen libenter suppetias fert, non neglectis inopibus. Ita facit ad eos qui in digni¬
228 3001 1917 3054 tate constituti sunt. Magnanimi est eos beneficiis vincere: reuera ad mediocres mediocriter se habet.
225 3038 1912 3101 secundos superare non est difficile, primos vero gloriosum, & inter illos gloriari non est ingenerosi. Sa¬
226 3091 1907 3147 cerdotii prouentus sacerdotis est in pios vsus conferre, quia illorum bonorum perbtur non est absolutus dmuns, sermo est
235 3133 1911 3188 de illo qui plenum dominium rei habet. Humiles superare non est pulchrum, & est quasi robustum viribus
225 3183 1922 3240 contra imbecillos contendere. Humilis est abiectus & humilitas abiectio. In abiecta tamen significatione
229 3229 1919 3301 thaeologi vtuntur, de qua acceptione dubitatiue paulopost indagabimus. Non est magnanimi ad ho¬
