2360 3608
434 247 2124 331 nores properare, & illa in quibus alii primos occupant accubitus, verum ad haec piger est nisi vbi est
432 320 2116 371 magnus honor aut grande opus incumbit. Non enim ad parua agenda accedit, sed solum ad ma¬
453 367 2128 428 gna & decora. Palam odit aut amat, metuentis est occultare, sed magnanimus non est tumidus. Et
443 418 2126 469 magis ipsi curae veritatem quam opinionem esse, & aperte loqui ac agere. Nam magnanimus est contem¬
449 461 2122 520 ptor eorum quae vere bona non sunt, & ideo sua libertate vtitur. Non enim probos contemnit, nec
449 514 2124 566 quempiam honore suo fraudat, sed non plus reueretur quam par sit. Et verax est nisi dissimulatione non¬
445 554 2120 611 nunquam ad multitudinem vtitur, qua dum ipsi conniuendum est, tum cupit semper inniti veritati, &
442 602 2123 658 veritas interdum odium apud imperitam plebeculam parit. Vtitur ad eam ironia, & veritatem non
442 642 2128 708 semper illi nudat. Non posse cum aliis nisi cum amico viuere est seruile, quapropter omnes adulato¬
445 699 2126 749 res seruiles sunt, & omnes abiecti assentatores non habent cum quibus viuunt, nisi cum solo amico.
445 741 2128 795 Argyropilus ita procedit, duae aliae translationes hunc passum opposito modo intelligunt, scilicet
447 791 2122 847 magnanimum non posse nisi cum amico viuere. Humiles & adulatores cum omnibus conueniunt,
453 837 2116 892 sed hoc est seruile. Et hoc quadrat cum his quae Aristoteles magnanimo attribuit, quia est aliorum
444 880 2126 941 contemptiuus & non est obsequiosus, cum paucis conuenit. Alia conditio. Magnanimus non est pro¬
448 938 2125 990 cliuis ad mirandum. Ob nouitatem & arduitatem miramur, at magnanimus nihil arduum censet,
445 980 2126 1037 nec refricat iniuriam illatam. Caesarem in hoc laudant, quod nullorum nisi iniuriae eum immemorem prae
445 1026 2135 1086 dicabant. Iniurias vile pependit, solum magna prosequitur, nec de hominum factis aut propriis loqui¬
442 1070 2133 1125 tur, signanter alios reprehendendo & seipsum efferendo. Non est laudator, neque maledicus, nec de ini¬
451 1116 2132 1165 micis loquitur nisi ob quaedam vitia in ipsos inuehit, eosque reprehendit, nec de necessariis hoc est bo¬
438 1161 2128 1222 nis vtilibus vel paruis minime est querulus, neque ad precandum pronus, non pro aliis aut pro se inter¬
442 1212 2117 1269 cedit. Nam haec facere est eius qui circa talia insudat. Res praeclaras sine fructu citius eligit possidendas,
451 1257 2128 1310 quam fructuosas abiectasque. Citius scholasticus magnanimus mathematicas curat artes quam iura lucratiua.
450 1299 2124 1362 Et eques auratus potius pulchros equos & decoram structuram quam boues aut oues cum agnis in quibus
441 1346 2129 1414 plus est emolumenti, quia hoc est magis sufficientis. Eius motus est tardus, loquutio grauis & stabilis.
453 1400 2138 1451 incessus celeritas & linguae volubilitas est ob aliquod quod homo ardenter cupit attingere, hoc magna¬
450 1446 2121 1500 nimo non cenuenit. Pusillanimus & lentus citius aberrare videntur quam esse praui: nulli mala inferunt.
456 1492 2120 1543 Sed pusillanimus cum bona mereatur se psum dignum non existimat, & sic sua bona ignorat, si seipsum
445 1541 2135 1599 cognosceret vtique appeteret ea bona quibus dignus est. Non tamen stolidi tales homines sunt, sed resi
456 1586 2125 1640 des & morosi, digni sunt, & opinio eos deteriores facit, singuli nanque appetunt ea quibus sunt digni.
451 1636 2128 1695 Dimouent enim se a praeclaris exercitiis officiorum quasi essent indigni & ab externis bonis, & sic pi
457 1692 2136 1742 gri videntur. Intellectus erroneum iudicium est eis causa male agendi. Appetitus actus & habitus est
459 1732 2127 1790 pusillanimitas, sicut est magnanimitas. Opposita sunt in eadem potentia. Omnia mala docuit ociosi
457 1780 2126 1835 tas. Cato dicere solebat: quod homines nihil agendo male agere addiscunt. Et gymnosophistae ocii ratio¬
463 1822 2134 1877 nem strictius quam negocii exegerunt. Et mellificae apes fucos ignauum pecus a praesepibus arcent. Nec di¬
456 1869 2127 1927 ui Augustinus, Ambrosius, Hieronymus, Graegorius, & caeteri patres caelo digni sacerdotia recusarunt,
454 1914 2135 1964 iugiter in vinea domini sabaoth siue sacerdotiis laborarunt. Et quia homines ambitiose se ad magnos
453 1962 2134 2014 honores ingerunt, in aliorum scandalum & iacturam animarum tam ex parte pastoris quam gregis, ab
459 2007 2130 2061 his caducis honoribus sese retraxerunt, more Aaron. Honorem oblatum & non petitum finaliter ce¬
461 2057 2128 2115 perunt, sciebant enim cathedram plerisque esse pestilentiae sedem & exitialem: eapropter securius praeeli
461 2106 2131 2165 gerunt in humiliore loco quam in excellentiore stare. Non fixerunt cogitatus super bona sua sed super
458 2152 2129 2205 mala. Non dubium est nonnunquam ipsos perperam egisse, pro pterea tamen non erant pusillanimi. Tur
459 2200 2132 2259 gidi autem & stolidi sunt & seipsos ignorant. Tanquam digni res honorificas aggrediuntur, deinde redargu
457 2244 2134 2297 untur. Vestitu, gestu, annulis & similibus se ornant, prosperitates suas iactant voluntque manifestas
460 2287 2128 2343 haberi: seipsos etiam praedicant vt propter sua verba honorentur, ignorantes illud. Laudet te os alie¬
464 2337 2122 2392 num, & laus proprio in ore sordescit. Magnanimitati pusillanimitas magis quam lentitudo aduersatur,
456 2384 2128 2439 tum quia homines magis ad pusillanimitatem inclinantur, itaque est deterior ex regulis malitiae vitii
456 2428 2122 2483 in secundo, tum secundo pusillanimitas est lentitudine deterior, quia prodesse renuit, alter autem prae¬
453 2483 2128 2536 esse his cupit quibus vires suae sunt impares. Non erant pinguia sacerdotia apud Ethnicos, sicut sunt
460 2525 2122 2579 inter verae pietatis cultores. Propterea nunc magis lentitudine laboratur quam pusillanimitate. Sacer¬
456 2569 2116 2625 dotia cum ocio quod homines quaerunt, tenent, id autem apud Ethnicos facere non poterant pro¬
445 2618 1138 2686 pterea in hoc non miraberis.
478 2701 2129 2771 FIrca hanc materiam multae dubitationes siue quaestiones formandae sunt. Primo dubitatur an
480 2766 2128 2827 magnanimitas sit specialis virtus. ⁋ Respondetur est specialis virtus. Habet enim specialem
459 2788 2128 2863 materiam circa quam insudat, scilicet honores & inhonorationes. Honor est exhibitio reueren¬
456 2855 2129 2920 tiae in signum virtutis. ⁋ Contra hoc arguitur. Secundum Aristotelem in litera, ad magnanimum
450 2903 2132 2963 pertinet illud quod est in vnaquaque virtute magnum, ergo non est specialis virtus. Secundo non li¬
451 2943 2137 2999 cet appetere honores: ergo maledictum est. Antecedens patet, quia laudantur ii qui honores aufugi¬
460 2991 2133 3049 unt. Saul Israelitarum primus rex honorem refugiebat, cum enim ad celsitudinem regiam euehere¬
453 3043 2153 3106 tur sese occulit. Et sacer Ambrosius cum mediolanensibus antistes deligendus esset aufugit. Et de
454 3083 2135 3148 Catone maiore narrat Liuius quod quanto magis honorem recusauit tanto magis illum insequeba¬
445 3129 2143 3194 tur. In principio nascentis ecclesiae, cum eadem opibus fioreret, plerique heroici viri caelo digni a
444 3184 2140 3236 sacerdotiorum culmine sese retraxerunt praeeligentes delitere sub modio quam concionatoris munus,
453 3231 2029 3298 in suggestu declamandi sumere. lsti sane non erant pusillanimes, nec lenti: itaque magnanimi¬
