2366 3601
229 256 1928 343 ⁋ Ad priorem rantionem respondetur quod magnanimitas praesuppositiue est circam omnem aliam vir¬
225 324 1908 385 tutem, quia illae praesupponuntur ad hoc vt quis sit vere magnanimus. ⁋ Ad secundum responde¬
229 370 1912 431 tur quod licet appetere actus virtutum qui sunt honoris causa: Primo ardua opera magnanimus expe¬
232 427 1914 488 tit & secundario honores. Secundo quis potest expetere honorem. Patet, potest expetere pecuniam,
228 473 1921 530 amicitiam & alia bona tam externa quam interna, modo inter externa bona honos magnum locum oc
223 514 1911 575 cupat. Honos enim alit artes & omnes ad studia accendimur gloria, secundum Tullium in tusculanis.
223 559 1910 620 Non petit quis honorem vltimate pro se, sed illum finem in altiorem resoluit pro salute rei publi¬
233 608 1903 676 cae & gloria Dei. Placet viro vt honoretur. ld enim est signum virtutis in eo, & hoc eum in virtutis
235 653 1919 714 via alit. Virtus laudata crescit. Hac via alii ad virtutes stimulantur. Reprobantur illi qui suum hono¬
223 709 1914 764 rem negligunt: hoc est quando perpetrant turpia tunc inhonorem incurrunt, quos dedecus non ar¬
225 745 1914 813 cet a vitio. Et ad probationem antecedentis concedo. Homo enim potest rationabiliter contemnere
234 807 1914 862 etiam honorem, ipsum enim importune petere est vitiosum. Inhonorationem euitat magnanimus
231 849 1624 909 quae nec ad se valet & rarissime ad aliud valet, erit tamen sapienti materia patientiae.
234 893 1897 958 ⁋ Dubitatur secundo, an praestabilius sit honorare quam honorari. ⁋ Respondetur per propositiones qua¬
228 947 1900 996 rum prima est. Esse dignum honorari est praestabilius quam esse dignum honorare. Nam melius est meru
226 983 1909 1044 isse aliquid laude dignum quam illi debitum soluere. Honorans enim debitum & praemium aliquod acci¬
230 1043 1906 1091 dentarium tribuit ei qui bene operatus est. Secundo solus studiosus est dignus honorari, quilibet in¬
224 1088 1913 1137 differenter est honorare dignus igitur. Secunda propositio. Accipere honorem sibi debitum est actus
230 1126 1913 1183 bonus. Patet quia accipit debitum. Secundo, quia placet illi quod alius exercet officium suum. Tertio,
233 1181 1905 1237 quia placet ei quod Deus in eo honoretur & virtus ipsa: ipse enim ob Deum & virtutem honoratur. Ter
222 1220 1907 1277 tia propositio. Actus honorandi hoc est volitio honorandi alium est melior volitione honorem ac¬
227 1275 1907 1326 eeptantis. Patet, quia actus quo soluitur debitum est melior actu quo illud debitum suscipitur. Stu¬
226 1312 1913 1377 diosum honorans debitum soluit, alter probus solutionem capit & vult illam solutionem capere. Item
216 1371 1531 1422 honoratio actiua est difficilior & suapte natura laboriosior quam honoratio passiua.
233 1408 1888 1469 ⁋ Contra illud argumentor: illud est melius quod conuenit Deo & caeteris maioribus quam illud quod
229 1465 1890 1513 conuenit minoribus, sed Deo & maioribus conuenit honorari. Secundo illud quod conuenit soli pro
229 1510 1905 1561 bo est praestantius illo quod & bono & malo conuenit, sed honorari conuenit soli bono non autem ho¬
222 1551 1887 1605 norare. ⁋ Ad priorem dicitur quod non omne id quod conuenit meliori & superiori extrinsece est mei
231 1593 1888 1651 lius. Secunda ratio probare satagit ponere meliorem conditionem in eo cui conuenit quam aliud ad alium
223 1641 1891 1697 sensum. Maior vniuersaliter intellecta est falsa, puta si intelligatur melius aut actus melior in vtente. Pre¬
236 1684 1891 1745 terea argumentor. Opulentos etiam malos honoramus, ergo honor non est signum virtutis. Respondetur
227 1735 1891 1800 quod interdum aliquos honoramus malos superiores ob bonum obedientiae, interdum vt eorum mali
222 1789 1894 1842 uolentiam euitemus. Oportet enim incendere candelam vnam vt aiuntem vel coram cacodaemone non
234 1830 1889 1891 vt? prosit, sed vt non obsit. ⁋ Tertio dubitatur an magnanimitas est pars fortitudinis. ⁋ Respondetur
230 1878 1892 1932 non est pars subiectiua eius, sed eius pars potentialis. Aliqui partem potentialem nomine principalis virtutis
226 1923 1885 1979 appellant: etiam aliqui vocabula confundunt. ⁋ Quarto dubitatur an quis potest inordinate honorem petere.
234 1969 1900 2033 ⁋ Respondetur affirmatiue, vt petendo honorem puer se finaliter non referendo in alium vlteriorem finem, vt ambi¬
233 2020 1894 2079 tiosus vel si quis appetit excellentiam de aliquo quod non habet, praesumptuosus est in ambiendis magistrati¬
220 2064 1894 2122 bus. Et ambitio in appetendis honoribus magnanimitati aduersatur, secundum diuersas consideratioes. Vni
232 2121 1885 2170 virtuti in genere multa vitia opponuntur. Mille sunt magnanimitates specie distinctae & multo plures,
221 2160 1893 2217 sic de extremis. ⁋ Contra, honor est praemium virtutis secudm philosophum, sed virtutis praemium est appetendum.
226 2208 1891 2265 Secundo honor retrahit semper a malo, ergo nunquam inordinate appetitur. ⁋ Respondetur quod honor est praemium
222 2252 1894 2313 quod alius homo poest studioso dare, sed beatitudo est praemium virtutis aut eius actus, secudm fidem & vtilitas con
229 2296 1895 2353 munis secundm philosophum. ⁋ Ad secdm nego maiorem. Multis enim fuit & erit occasio male agendi. Hoc sti¬
216 2343 1895 2405 mulo dictaturam perpetuam Caesar rapuit, & Aristocraticam politiam in Monarchiam euertit. Vnde Salustius in
222 2401 1879 2454 Catilinatio, Gloriam honorem & imperium bonus & ignauus equae sibi optant, vnus dolo & fallaciis, alius
228 2442 1879 2499 autem virtutis via. ⁋ Quinto dubitatur quare Hugolinus hanc Aristotelis magnanimitatem theologorum
224 2492 1888 2540 superbiam vocarat. ⁋ Respondetur quod inscite hoc fecit. Verum propter affinitatem ad timiditatem sic vocabat.
228 2535 1875 2592 In multis conditionibus exterioribus conveniunt, re ipsa tamen differunt. ⁋ Sexto dubitatur: quae virtus sit humili
221 2587 1895 2638 tas. ⁋ Responsio, apud exteros humilis est humi deiectus secundm illud Virgilii. Atque humiles habitare
220 2631 1894 2687 casas. Et dicimus nebulonem aut ignobilem humili loco & obscuro esse natum. Theologi in virtute non multum
222 2675 1886 2727 ab hac significantia dissona accipiunt. Matthaei. xi. dicit seruator: discite a me quia mitis sum & humilis corde. &
226 2719 1894 2778 de Christifera virgine canit ecclesia, Quia respexit humilitatem ancillae suae. Ex his patet humilitatem esse
217 2776 1895 2827 virtutem quae est pulchra, cum virginis humilitas tacita virginitate impense efferatur. Et Aug. in lib. de virgi¬
224 2820 1900 2881 nitate ait humilitas pene tota disciplina Christiana est. Humilitatis actus, per quem habitus cognoscitur, e
209 2875 1896 2921 nolle tendere inordinate in ardua, & nolle ire in mirabilibus super se. Licet intellectus iudicium sicut aliae
221 2918 1894 2967 vittutes morales praesupponat, ad voluntatem pertinet secundum dicta. Astipulatur diuus Augu. in lib. de poe¬
214 2951 1882 3014 nitentia. Humilis est qui eligit abiici in domo domini magis quam habitare in tabernaculis peccatorum.
219 3001 1874 3062 ⁋ Septimo dubitatur an sub magnanimitate includatur, sicut species sub genere. ⁋ Respondetur nega
204 3050 1890 3109 tiue. Magnanimus enim appetit honores & potestates honorificas, quibus est dignus, vt sese in virtu
206 3097 1891 3149 tis materia exerceat: sed humilitas refrenat animum ne in excelsa tendat & altiora pro virili euitat.
217 3135 1901 3205 ⁋ Sed contra illud argumentor: Eadem virtus inclinat hominem ad appetendum honorem quo di c
204 3200 1887 3252 gnus est & ad recusandum honorem quo indignus est, ergo humilitas est pars magnanimitatis, im¬
214 3236 1900 3309 mo est magnanimitas. Antecedens patet inductiue de fortitudine, temperantia & caeteris omnibus,
