2352 3604
423 249 2146 326 ture grauiter aegrotaret audissetque pecuniam pro reficiendo capitolio a decutionibus cunctantius pen¬
440 312 2146 372 sitari, praecipiti ita mox excandescens, violento impetu ruptis praecordiis animam efflauit. Irae incom
429 361 2138 420 moda ex sequentibus disce. Alexander ira accensus Clitum Philippi patris Alexandri, sub quo diu
433 402 2144 465 stipendia fecerat, laudes recitantem & filio praeferentem, telo transegit: qui ante Alexandri vitam sub pri
444 454 2138 505 mum accessum Asiae seruauerat. Periandet etiam Corinthius hac perturbatione calescens grauidam vxorem
444 498 2138 551 interemit, deinde mentis compos effectus postquam per calumniam pellicum id actum comperisset, denuo ira
444 550 2125 607 excandens, imperat subito eas omnes rogo cremari. Filium quoque suum pro matris interitu eiulantem
447 597 2134 654 abdicauit. Cato iunior irae non erat expers, & si ad illam tardior esset, tandem tamen commotus implacabilis
444 642 2144 697 atque inexorabilis fuit, immeditabilis haec ira est quae ea laboranti dura tabe ac moerore vitales spiritus
440 688 2144 736 conficit, nec talis potest cum aliis viuere. difficulter enim cum iracundis homines victitant. Eapropter Ma¬
453 734 2125 794 cedo post Clitum infurore peremptum non tantum irae indulsit. ⁋ Alia conclusio in ira exuperantium, est discrimen,
448 780 2135 829 nempe quidam cito irascuntur citoque irasci desistunt quod est optimum, sicut fumus subito crescit nec diu durat, & pa¬
446 824 2140 886 lea facile incenditur facileque ea consumpta ignis extinguitur. Extinctionis subitariae causa est, reddunt vindi
446 875 2136 928 ctam ac propter acuitatem eam exterius effundunt, summe bilosi itacundi sunt: estque bilis cholera, sunt qui ad quod¬
444 919 2136 972 libet etiam caducum displicibile indignantur. Deinde secundam speciem iracundorum ponit dicens. Ama¬
448 969 2138 1017 ri autem cum difficultate placantur, & iram longo tempore retinent, comprimunt eam & non effundunt,
447 1016 2134 1064 sed vbi reddiderint vindictam cessant, quia ratione vindictae voluptatem capiunt & tristitia ex paruipen
454 1059 2144 1119 sione accepta euanescit, donec vltionem habuerint, pondus sustinent. Quia istorum ita non est mani
453 1110 2140 1161 festa, nemo suadet eis iram mitigare. Sed vt ita in se occlusa decoquatur & dirigatur mora opus est.
444 1160 2140 1212 Sunt isti sibi & suis amicis cum quibus conuiuunt permolesti. Temporis successu ita tepescit & deco¬
469 1205 2132 1264 quitur. lsti sunt melancholici qui ob grossitiem humorum iram susceptam pigre digerunt. Sicut fer
452 1253 2137 1302 rum aegre calorem admittit quem admissum diu retinet. Ista ergo ira bifariam extinguitur, vno mo
455 1298 2140 1345 do ab extrinseco si vindicent, alio modo per concoctionem affectus in magno tempore. Post haec ter¬
464 1348 2130 1399 tiam speciem iracundiae ponit dicens. Tertii sunt infensi & acerbi, qui sine vindicta non reconcilian¬
455 1390 2126 1441 tur. Consulto hi retinent ira quo ad supplicium de eo qui iniuriam fecit habeant. Et sic iram hi duo fouent, sicut
454 1439 2141 1493 ignis cineribus opertus noctu. Hi tertii secundos in malitia transcendunt, cum irae causam foueant: secundi autem
460 1486 2139 1546 eam suae remissioni naturali relinquunt. Tertii paruis canibus comparantur qui nunquam acceptae percussionis
463 1529 2126 1584 obliuiscuntur, nec a percussoris aduenientis latratu quiescunt. Primi irati homines summae bilis communiter non sunt ma
454 1574 2137 1637 li, quia sunt apti, reputantur tamen a circumspectis stolidi, quorum societate non gaudent. ⁋ Alia conclusio. Irae exu¬
457 1625 2125 1678 peratio magis mansuetudini quam irae vacuitas aduersatur. Probatur, quia illud vitium ad quod homo magis
458 1677 2130 1735 inclinatur magis virtuti opponitur, secundo Ethicorum, sed homines magis ad puniendum iniuriantem quam
459 1721 2129 1770 ad remittendum inclinantur: igitur. Secundo excessus irae est defectu deterior, ergo plus virtuti oppo
466 1762 2132 1820 nitur. Antecedens patet, infensi & etiam amari sunt ad vitae consuetudinem difficiliores. ⁋ Alia conclusio. Non est
461 1812 2129 1866 facile cognitu quando est medium & quando est lapsus in extrema. Hoc dictum est in fine secundi libri. Nam qui
458 1864 2133 1916 parum transgreditur non vitupeartur siue ad excessum siue ad defectum se flectat. Interdum deficientes laudamus & man
454 1910 2126 1961 suetos eos dicimus. Similiter infensos & iracundos aptos ad dominandum dicimus, & viriles: quia punirent
457 1951 2119 2011 sontes vt insontes in pace viuere quaeant. Igitur signare ratione vbi sit limes, est difficile, sed aliquam sunt paruia: medi¬
467 2001 2123 2054 um est laudabile, extrema vituperabilia. verumtamem si parum a medio decesserit, parum ac leuiter carpendi sunt.
459 2047 2136 2111 (Tunc eum est ira venialis) si plusculum magis, si maximum vehementer, sunt increpandi. Aliqui vt Martinus
460 2098 2134 2151 magister decepti existimant decessum a tota latitudine medii esse virtutem, aut non esse vitium. Sono verbo
458 2141 2126 2189 rum Aristotelis mouentur, sed eius verba intrutinate legunt, cum dicat pro comperto satis haberi extrema esse
476 2190 2137 2244 vitiosa, sed qui ad parum latitudinis medii cancellos praetergreditur, parum arguendus est. Vulgus non vocat virum
469 2232 2129 2288 qui parum a sobrietatis via decesserit ebrium: nec qui paulo plus expetit in honoribus, non arguitur vt lentus, sicut
463 2281 2131 2337 Aristoteles superius dixit, cum lentos tanquam stolidos carpamus, non autem talem, sed tamen talis moraliter loquendo est
457 2326 2125 2379 lentus. ⁋ Circa hanc literam dubitatur primo an ira sit in casu assumenda. Secundo quomodo se habeant
463 2371 2131 2424 mansuetudo & clementia. Tertio quid sit ita. Quarto quare aliqui citius irascuntur quam alii, & quo mo¬
468 2422 2119 2472 do iracundia sit praecauenda. ⁋ Ad primam dubitationem respondetur quod Tullius & Seneca iram omnem
472 2467 2128 2527 vituperabilem autumant. Verum philosophus eius est propugnator. Ipsamque assumendam Homerus
467 2517 2120 2572 ingeniorum fons (vt Aristoteles Ethicorum tertio recitat) suspicatur. In veteri testamento psalmo
460 2563 2126 2621 graphus iram non vituperat sic canens, lrascimini & nolite peccare. Eas ob res affirmatiue ad dubita
464 2613 2135 2666 tiunculam respondemus etiam loquendo de ipsa ira affectu, quia coadiuuat virum ad exercendum
462 2660 2126 2720 actum honestum, & a recta ratione imperatur vt eum adiuuet. Seneca aliquas mancas rationes facit.
478 2702 1729 2755 ⁋ Contra hoc argumentor. Impedit ira animum ne possit cernere verum.
467 2748 2125 2812 ⁋ Respondetur quod non semper ira est assumenda, sed solum quando homo apprehendit resistenti¬
470 2799 2127 2856 am vel timore suum officium non exercet, tunc assumere iram solum moderatam, siue in bello, si¬
470 2847 2123 2901 ue extra bellum est licitum. Illud dictum Catonis intelligitur quando est ira immoderata: modo Ari¬
468 2892 2119 2941 stoteles de moderata intelligit, quae fortitudinis aut alterius virtutis actum acuit sicuti coscultellum
470 2937 2119 2996 & seta filium secum inducit. ltaque cum prudentia praeuia moderata ita est assumenda, tunc solum quando acuit ad
486 2990 2137 3045 punitionem rationi consentaneam sensum non obnubilans. ⁋ Ad secundum respondetur quod habent diuer¬
474 3032 2134 3091 sas materias totales Clementia enim est circa diminutionem poenarum, sicut seueritas est circa ipsarum infli
469 3079 2128 3134 ctionem ex integro. Actus clementiae est velle poenam legalem attenuare, & seueritatis actus est velle illam integram
466 3129 2134 3187 infligere. Et crudelitatis est in poena infligenda excedere, sicut Alexander excessit in Beti Gazae praefecto, ad cu
459 3174 2131 3233 ius talos lorum ligabat quod ad currum fixit vt trucem hostem immaniter laniaret. Clemens legales poenas atte¬
469 3224 2135 3296 nuat, manendo tamen in latitudine iustitiae, alioqui peccaret. Mansuetus tenet medium inter iracundiam & irae vacuitatem.
