2370 3606
224 274 1917 351 fert, sed cum bene habituatus fuerit in fine gaudebit dicetque cum nea horum olim meminisse iuuabit.
225 336 1899 401 Et quod vulgo dicitur dulcia non meruit qui non gustauit amata. Et gaudentes ferulae supposuere manus. Ta
226 372 1906 442 lis est igitur ipse medius, sed nomine vacat, vti superius retulimus. Post haec de vitiis affabilitati oppositis loquitur
224 416 1891 493 dicens. Is autem qui delectat si id agat studens esse iucundus non ob alid vocatur placidus, sin emolumenti causa sui.
231 472 1899 539 vt in re pecuniaria, adulator est. Qui omnibus se opponit, contentiosus, inhumanus & discolus est, iste omnia enim
234 514 1899 582 improbat. Deide concludendo infit. Videntur quoque extrema inter sese solum aduersari & non ad ipsum medium, quia
222 555 1903 635 ipsum appellatione vacat. At non est ita, & extremum extremo & medio vti in aliis opponitur. Nec est aiaduer
230 605 1900 677 sione indignum, quod agrestis ipse loquacissimus est deterior placido, eapropter Aristoteles duplici nomine hoc de
228 650 1917 723 testandum vitium nuncupat, cum talibus cotentiosis difficillimum est conuiuere. ⁋ Dubitatur an contentio sit peccatum. Respondetur. I
235 696 1918 767 Contentio est veritatem agnitam clamore impugnare, & sic notum est esse pecctum. Etiam est peccatum si falsitas cum clamo I
223 747 1893 815 re & inordinate impugnatur: saepe enim est ad aliorum scandalum. Vn Aplus secudae ad Timo. ii. ait. Noli verbis con¬
226 794 1901 861 tendere, ad nihil enim vtile est, nisi ad subuersionem audientium. Pont esse contentio de illo de quo non est contendendum,
228 834 1895 909 & adhuc est peccatum vt de primatu contendere. Vn Lucae. xxii. Facta est contentio inter discipulos lesu quis eorum
229 883 1893 953 esset maior. Et quia ex contentione saepius discordia oritur, quaeritur an discordia est peccatum. ⁋ Resndetur quod concordia con
222 930 1896 1005 iungit multos in vnum bonum diuinum, vel ad proximi aedificationem: discordiaque illi opposita, est malum &
231 974 1893 1055 grande pecctum. Prouerbiorum. vi. Sex sunt quae odit deus, & septimum detestatur aia eius scilicet ponere discordiam inter
230 1030 1898 1100 fratres. Et discordia poent esse ex intentione, quando quis scienter & a proposito trahit homines a bono diuino vel bo¬
225 1077 1887 1143 no proximi, & hoc & grande peccatum, & charitati aduersum. Nonnuumquam autem est contrarietas praeter intentionem, vt cum
235 1118 1897 1192 duo intendunt honorem Dei & proximi, sed aliter censent in intellectu, vnus opinatur inuincibiit vno mon¬
223 1167 1902 1236 alius autem alio modo, & talis discordia poent esse sine peccato, talisque inter sctons contingit, sicut contigit inter
229 1217 1901 1276 Paulum & Barnabam. Actuum. xv. Facta est dissensio inter eos ita vt disciderent ab inuicem. Barnabas enim vole
235 1257 1907 1326 bat vnum tertium accipi ad ipsorum comitatum quem abnuebat Paulus. Silt hoc inter angelos etiam bonos con¬
228 1312 1898 1374 tigit, Danielis. x. Et doctores probi saepe sine peccato dissentiunt. ⁋ Contra primum membrum obiici¬
241 1352 1909 1427 tur sic. Paulus Actuum. xxiii. posuit discordiam inter Saduceos & Phariseos, vt liberaretur, sed si discordia est
236 1401 1900 1477 peccatum, quia non sunt facienda mala vt inde eueniant bona, Paulus male egit, quod non est dicen
235 1448 1895 1513 dum. Resndetur quod sacer Paulus intendebat aliqua licita vtpote sui liberationem, & vt Pharisaei ad suam opinionem
240 1499 1891 1561 immo fidem de resurrectione excitarentur id fecit, existimabat tamen Saduceos sua placita defensuros, & sic inter
232 1544 1889 1611 hos sectatores discordiam quam non per se intendebat sparserat, sicut in insidiis, & de facto lacob sepius dixi¬
229 1589 1899 1653 mus, illud licet facere inter perctores. Matthaei. x, non veni pacem mittere, sed gladium. ⁋ Tertio dubitatur an
228 1646 1894 1711 pax & concordia coincidant. ⁋ Rendetur negatiue. Sicarii enim sunt concordes habentes vnum cor in malum, sed hoc
235 1680 1889 1751 ad pacem non satis est. Non enim est pax cum impiis. Vltraque concordiam, pax bonam tramquillitatem connotat. ⁋ Quar¬
241 1733 1884 1795 to dubitatur an assentator tenetur restituere illud quod adulatione acquisiuit. ⁋ Quinto an audiens detractorem
244 1782 1885 1849 peccet. ⁋ Ad quartum dicitur, quod non: si a prudente aliquid dono habeat alium inani gloria pro suo emolumento
237 1824 1888 1896 pauit. Sed adulator adulatione semper peccat, si enim hominem puer tuo bono honesto laudaueris aut vt eius sae¬
244 1880 1897 1933 uitiam euites, iam est affabilitas cum sit rationi concors, & non adulatio. ⁋ Ad quintum dicitur quod si quis audiat de
234 1919 1894 1980 tractorem, & eum inducat ad illote loquendum de proximo quem odit non minus peccat quam ipse detrahens, immo ma
237 1962 1903 2038 gis: cum eum ad detrahendum inducat. Alio modo quando detractio ei displicet, sed non resistit quantum & vt ratio
242 2013 1891 2072 exigit, & sic etiam peccat, praeponit enim timorem humanum charitati dei, & proximi. Obiter quaeris quid est detra¬
237 2064 1912 2118 ctio. ⁋ Respondetur detractio est alienae famae occulta denigratio, ponitur occulta ad discrimen contume
236 2114 622 2193 liae quae fit in praesentia.
561 2156 1595 2217 Tract. IIII. Cap. II. & Lib. IIII. Cap. VII.
561 2192 1897 2278 Irca eadem fere versatur & arrogantiae mediocritas: quae quidem & ipsa no¬
561 2260 1901 2344 mine caret. Atque non inutile fuerit de iis etiam pertractare. Nam & ea ma¬
556 2313 1893 2391 gis quae ad morem pertinent percipiemus, si de singulis fuerit pertractatum.
565 2373 1897 2448 Et virtutes etiam ipsas mediocritates esse credemus, si id in omnibus fue¬
570 2439 1889 2496 rit ita sese habere perspectum. De iis igitur qui in conuictu ad volupta¬
436 2484 1878 2556 aetem congrediuntur atque dolorem, iam diximus. Sed nunc de veracibus
236 2533 1890 2628 mendacibusque similiter & in verbis & in actibus, & in fictione dicamus. Arrogans itaque prae¬
237 2594 1894 2674 clara, & ea quae non insunt, & maiora quam insunt, fingere sibi videtur. Dissimulator autem con¬
235 2665 1888 2724 tra, negare quae sibi insunt, aut imminuere solet. At medius, cum sit talis: vt vnumquodque qua
232 2708 1887 2777 le est ipsum dicat, atque ostendat, tam vita, quam verbis est verax, ea sibi inesse confitendo quae in¬
227 2759 1885 2835 sunt, & neque maiora neque minora. Fit autem vt horum vnumquodque quispiam & alicuius &
228 2817 1882 2888 nullius rei causa faciat. Atque qualis est vnusquisque talia tam dicit quam agit, & ita viuit, nisi ali¬
233 2869 1881 2948 cuius gratia agat. Per se autem mendacium improbum est, & vituperabile. Verum autem
232 2947 1883 3013 probum, ac laudabile. ltaque verax quidem cum sit medius, est laudabilis. Mendaces autem ambo vi
225 2996 1889 3060 tuperabiles sunt, sed arrogans magis. At enim de vtroque dicamus oportet: prius autem de vera¬
225 3047 1897 3114 ci. Atque non de illo nunc dicimus, qui in stipulationibus verum dicit, & in iis quae ad iustitiam & iniu¬
229 3095 1910 3170 stitiam pertinent (haec enim ad aliam accommodantur virtutem) sed de eo qui in quibus hoc nihil refert, &
227 3156 1912 3225 in verbis & in vita ex eo vera dicit, quia habitu talis est, atque talis aequus & bonus esse videbitur.
225 3208 1916 3306 Qui namque verum amat, & in quibus nil refert, vera dicit, is multo magis vera dicet in quibus ies
