2351 3596
480 218 2191 314 improbum est: nihilo magis ob idipsum probum erit quempiam res turpes agentem vere¬
487 294 2179 374 cundari. At vero neque continentia virtus est, sed est quaedam permixta. Ostendetur autem
499 345 1478 431 de ipsa posterius. Nunc de iustitia dicamus oportet.
637 411 2186 509 E verecundia autem &c. Prima conclusio. Verecundia non est virtus: estque similior affectui quam habitus
573 439 2186 553 qui est genus virtutis. Probatur haec conclusio per diffinitionem verecundiae. Diffinitur enim per
629 529 2180 593 timorem qui est affectus sic: Verecundia est quidam dedecoris timor: sed timor est affectus: & est ille
502 559 2180 641 timor circa dedecus ferme, similiter vt circa res formidolosas timor esse solet. Nam qui verecundantur
511 619 2170 701 erubescunt: qui vero interitum inhorrescunt pallent. Ex quo fit vt vtrumque ad corpoream passionem ac¬
504 664 2175 735 commodetur: ergo magis ad affectum quam ad habitum pertinet. Probatur facile eadem conclusio. Omnis vir¬
504 703 2173 789 tus est in potestate habentis: non autem verecundia. Secundo, omnis virtus est habitus, non autem verecundia.
508 753 2180 838 Tertio, virtus non est cum corporis motu, sicut phlosophus dicit: rubor autem fit cum corporis motu: igitur.
501 803 2184 885 ⁋ Secunda conclusio. Non omni aetati sed iuuenili verecundia congruit. Hanc affirmatiuam conclusionem
496 856 2175 921 circa pudorem ponit. Erubescit, salua res est: secundum Comicum: signanter in iuuene. Sane eos qui iuue¬
503 896 2177 978 nilem viuunt aetatem putamus verecundos esse oportere: quia non degunt sine perturbatione & pro¬
509 938 2172 1016 pterea plurimum delinquunt. Per verecundiam autem arcentur a peccatis. Secundo, nos iuuenes verecundos
495 995 2175 1059 laudamus, cum Xenophontis iuuenis speciosissimi verecundiam Socrates intellexit eum ad literas alle¬
498 1033 2171 1111 xit. Pudor & laudis studium sunt iuuenibus necessariae: hoc calcar ad virtutes, illud frenum, a sordibus arcens.
506 1078 2178 1164 ⁋ Ponitur tertia conclusio negatiua. At senem nemo laudabit quod verecundus sit. Nihil enim eorum ipsum
490 1136 2178 1207 oportere putamus agere pro quibus emanare verecundia solet. Affectus sunt iam in senibus sedati: & ex¬
502 1177 2180 1255 perientia & ratione iam norunt peccata esse detestanda. ⁋ Quarta conclusio. Homini probo verecundia non
497 1229 2163 1302 congruit. Probatio. Nam verecundia pro rebus improbis fit: atque viro probo talia agenda non sunt. Verum enim
500 1272 2178 1352 quaedam in rei veritate sint mala, quaedam vero hominum opinatione turpia: non refert. neutra enim sunt
513 1325 2166 1404 agenda: quare non est ei verecundandum. Mouet illic dubitationem qua quispiam dubitaret de turpi secundum ho¬
499 1363 2171 1443 minum opinionem, quod reuera non est tale. Respondet, abstinebit etiam ab illo. Siquidem a specie mali abstine¬
498 1406 2165 1494 bit: sicut iubet Apostolus. Secundo, improbum est talem esse vt aliquid turpe agat: non aget igitur vir pro¬
491 1455 2169 1540 bus aliquid turpe & absonum. Reuera est existimare quempiam: ideo probum esse quia ita sese habet vt
492 1501 2170 1591 si turpe quicquam commiserit verecundetur. Nam pudor est pro his quae quis sua sponte facit: at vir probus
497 1550 2170 1637 numquam res turpes faciet. At dicet aliquis viro bono est verecundandum ex suppositione, hoc est si perperam
497 1590 2158 1682 egit, verecundabitur. Hoc nihil est: in virtutibus nihil est verecundia dignum. Non sequitur, verecundari ex
497 1639 2165 1731 suppositione convenit probo: ergo verecundari ei competit: cum nihil maligne saltem in magnis peccatis agant:
489 1697 2166 1771 minora autem peccata non sic erant ab Ethnicis sicut a Christianorum schola nota. Etiam talia in tertio
490 1731 2162 1825 Ethicorum venia digna censuit. Nullus studiosus sine his minimis degit secundum legem communem vitae.
493 1778 2152 1871 Postea refellit aliam cauillationem ibi: quod si pudentia. Obiectio est, haec impudentia de turpi est prauum,
492 1830 2149 1915 ergo pudor de malo est bonum, per locum ab oppositis. Responsio, non opponuntur, vtraque enim est circa
480 1881 2156 1962 materiam quae virtuti aduersatur: vtrumque istorum vitium imbibit: non pudere de peccato perpetrato si aliquid
483 1918 2151 2011 perpetretur: & pudere de peccato commisso. Postea dicit. At vero neque continentia est virtus. Quaereret
485 1977 2152 2050 aliquis ab eo quandoquidem ad bonum verecundia allicit, quare non est virtus. Respondttur. Pene vnum simile
483 2014 2153 2104 dabitur: continentia no est virtus, cum adhuc passionum insultus vehementes patiatur in suo subiecto, sicut
492 2064 2152 2149 verecundia cum qua affinitatem habet. differunt tamen quia continentia quae est virtuti permixta est bonus ha¬
493 2107 2159 2200 bitus & virtutis initium, & virtus etiam nisi valde stricte loquendo: sed de hoc a nobis in septimo locu¬
489 2160 1117 2222 pletior sermo (si superi sinent) fuerit.
496 2207 2143 2300 ⁋ Dubitatur, an inhorrescens & verecundus timore eodem modo secundum corpus moueantur. Respondetur
480 2263 2143 2342 quod non, hic enim rubescit, si est extra aleam mortis formidat ingloriationem: propterea sanguis exterio¬
484 2303 2153 2390 ra petit ne homo colore destituatur: ille pallet quia calor petit interiora vt cor roboret periculo immi¬
477 2352 2146 2444 nenti resistere: & tunc homo est animosior & hoc si ad partes superiores moueatur, si ventrem & partes infe¬
485 2392 2148 2493 riores petat aluum dissoluit, & tunc homo est metu perculsus. ⁋ Secundo dubitatur, quia Aristoteles dicit quod
472 2433 2154 2534 solum verecundandum est de vitio. Contra, verecundatur quispiam si aluum exonerans inuenitur, vel cum propria co¬
465 2490 2147 2576 iuge rem habens, similiter de caluitie sua vt Caesar & alii de aliis corporis difformitatibus, de amicorum
462 2526 2135 2632 furto & probro, similiter si membra pudenda inueniantur discooperta homo erubescit, more protoplasti,
474 2595 2129 2679 qui sibi perizomata exfrondibus ficulnis post peccatum assumpsit, vt pudibunda membra operiret. Hoc te¬
482 2640 2129 2723 tigit Aristoteles. . Rhetoricae inducens disceptationem Antiphontis & Dinoysii super quibusdam proximo
471 2680 2125 2774 mortuis contra verecundiam reuelatis. Et patet de facto Can circa verenda patris nudi dormientis.
482 2720 2128 2809 qui propterea maledictionem tetram a patre audiuit. ⁋ Pro harum obiectionum solutione dicas, quod ve¬
491 2782 2130 2854 recundia vera apud prudentem & constantem solum prouenit pro peccatis a nobis commissis, cum in hominum
469 2817 2131 2914 notitiam deueniunt: circumspectus syllogizat vxoris impudicitiam, filiorum malitiam sibi non imputari: quare se
480 2868 2143 2947 ab illo affectu praeseruat. Plerique autem sunt inconstantes & aliqui sunt nimium pudentes qui gratis hoc cor¬
474 2927 2144 3010 poris motu notantur: quibus si occultum peccatum imponatur commouentur, licet sint insontes perinde ac si
475 2975 2120 3054 essent noxii. Vel dicatur quod verecundia bifariam capitur. Vno modo, pro hac passione connotando quod a vitio
475 3009 2134 3091 emergat, hoc est a culpa commissa, vel ab ea ne committatur: & sane ea apud prudentem maximum corpo¬
479 3058 2136 3150 ris motum facit. Alio modo capitur pro tali affectu etiam sine culpa proueniente: at haec oculatum parum
470 3106 2133 3196 nisi cum primo motu turbat. Sic etenim sibi intrinsecis: quare tristis es anima mea & quare conturbas
468 3155 2135 3247 me? Non peccasti. Hoc modo martyres hunc affectum pati poterant, qui coram multitudine confusibiliter
475 3195 1282 3292 ducebantur ad immerita supplicia & tormenta.
