2371 3607
205 225 1750 432 eSLIRERQVIMTVSxe
514 394 1619 487 TRAC TAT Vs PRIMVs. CAp. I.
714 525 1861 622 Eiustitia autem & iniustitia consideremus oportet, circa quales
714 598 1871 671 actus versentur: & qualis nam mediocritas sit ipsa iustitia: &
706 665 1873 721 linter quae iustum ipsum medium est. atque haec consideratio eundem
715 716 1874 777 seruet modum doctrinae quo antea dicta considerauimus. Vide¬
703 764 1876 824 lmus itaque omnes talem habitum dicere iustitiam velle, quo ho¬
704 819 1877 890 mines apti sunt ad res iustas agendas. & quo iusta agunt, & vo¬
702 876 1866 951 lsunt iusta. Fodem modo talem habitum & ipsam iniustitiam di¬
697 935 1876 1015 llcere, quo iniurias agunt homines, resque volunt iniustas. Qua¬
720 1003 1874 1052 propter & nobis haec primum vt in figura subiiciantur. Non enim
710 1043 1869 1121 in scientiis & potentiis atque habitibus res sese habet eodem modo.
217 1095 1865 1183 Eadem namque potentia scientiaque contrariorum esse videtur. Sed contrarius habitus non est
206 1154 1864 1228 contrariorum: nempe a sanitate sana duntaxat, & non contraria fiunt. dicimus enim quempiam
217 1215 1864 1281 ambulare sane, cum perinde ambulat atque sanus. Saepe igitur contrarius habitus ex contrario
215 1274 1879 1335 cognoscitur: saepe etiam habitus ex subiectis. Nam si bona corporis habitudo sit nota, & ipsa
211 1326 1870 1399 mala corporis habitudo fit manifesta. Ex iis quae bonam habitudinem efficiunt corporis
217 1378 1878 1461 ipsa bona habitudo fit nota, & ex ipsa rursus ea quae faciunt ipsam. Si enim habitudo bo¬
199 1431 1871 1513 na sit spissitas carnis, & malam habitudinem raritatem esse carnis, & id quod efficit habi¬
211 1490 1879 1566 tudinem bonam, efficere spissitatem in carne, necesse est. ⁋ At vero plerumque sequitur si alte¬
212 1553 1867 1622 rum pluribus modis dicatur, & alterum pluribus dici, vt si iustum, & ipsum iniustum. Vi¬
212 1611 1867 1676 detur autem tam iustitia quam iniustitia pluribus modis dici: sed quia propinqua est ipsarum
214 1663 1857 1733 aequiuocatio, latet: & non ita vt in iis quae longe distant, est manifesta. Multum enim talia
206 1713 1859 1790 differunt forma. Patet enim clauem aequiuoce dici & eam quae sub collo est animalium. & eam
211 1770 1864 1848 qua ostia clauduntur. Sumatur igitur quot iniustus dicitur modis. Atque videtur iniustus
214 1840 1859 1904 esse & qui a legibus exorbitat, & qui plus capit, atque iniquos. Quare patet & iustum esse eum
214 1897 1873 1949 qui legitime facit: & eum qui aequus est. lustum ergo est quod legitimum, & quod est aequum.
216 1936 1872 2005 Iniustum vero quod est contra leges, & quod est iniquum. Cum autem iniustus, & pluris fit
204 2002 1876 2066 auidus: non erit ipse circa omnia bona: sed circa ea duntaxat in quibus consistit prospera
210 2045 1870 2123 fortuna, atque aduersa, quae simpliciter quidem semper sunt bona: alicui vero non semper:
216 2105 1872 2175 homines autem illa sibi optant, atque persequuntur: at non oportet. Sed optare quidem ea quae
211 2170 1866 2231 sunt simpliciter bona, & sibiipsis esse bona: expetere autem ea quae sibiipsis sunt bona opor¬
215 2220 1873 2283 tet. Iniustus autem non semper plus, sed minus etiam expetit in iis quae sunt simpliciter
213 2270 1869 2345 mala. Sed quia videtur & minus malum quodam modo bonum esse, & plus habendi cupi¬
212 2325 1872 2402 ditas ipsius est boni, fit vt pluris ob idipsum videatur auidus esse. Est autem iniquus Choc
210 2387 1872 2466 enim continet, & est commune) & legum transgressor: hoc enim, legum inquam transgressio. i¬
216 2449 1704 2504 iniquitas, omnem iniustitiam continet. Et est ad iniustitiam omnem commune.
568 2550 1886 2628 Eiustitia &c. Philosophorum princeps miro ingenio exacte docuit de omnibus
570 2610 1878 2670 virtutibus moralibus quas secundo libro explicandas nominauit: nunc autem de
564 2664 1882 2718 iustitia virtutum praeclarissima ac cognitu difficillima loquitur. Ipsa autem, vt
571 2706 1885 2766 ait, virtutes omnes in se complectitur: quare convenienter alias ante eam scripsit, &
571 2757 1872 2815 integrum librum huic vni virtuti accommodauit: quem in tres partes principales
559 2803 1879 2857 distrahit. In quarum prima de iustitia proprie dicta commentatur: in secunda de
484 2831 1877 2897 aequo & bono. In tertia de iustitia translatiua. Prima pars duobus tractatibus
214 2901 1888 2955 nodatur: duae posteriores totidem expediuntur. Rursus in quinque capita prima pars seiugatur. In pri¬
211 2938 1885 2998 mo de iustitia in communi edocet, describendo & diuidendo ipsam in iustitiam legalem siue legitimam,
211 2986 1881 3047 & in iustitiam particularem. In secundo capite materiam iustitiae particularis explanat, ipsamque in iusti¬
216 3041 1879 3091 tiam commutatiuam ac distributiuam scindit. Tertium caput monstrat quo modo medium in iustitia distri¬
205 3088 1879 3150 butiua est sumendum. Quartum medium inustitiae commutatiuae ostendit. In quinto errorem Pythagoricorum
208 3129 1878 3189 conuellit. Primo hic a quodam confuso & generali auspicatur, postea particulatim procedit. Talis est
211 3179 1870 3229 motus Aristoteli peculiaris. Accedo citra verborum prodigalitatem ad literam. Prima conclusio. Nunc
214 3220 1888 3303 de iustitia & iniustitia est considerandum, circa quales actus existant, & qualis sit inter eas mediocritas: &
