2365 3609
213 270 1911 360 male vti ideo semper & omnibus sunt bonae. Homines autem illa sibi optant scilicet bona fortunae atque per¬
203 353 1911 406 sequuntur, at non oportet: sed oportet optare ea quae sunt simpliciter bona, & etiam quae sibi sunt bona. Ac
211 394 1907 453 si dicere vellet a deo debemus categorice & sine conditione petere ea quae sunt simpliciter bona & bona no¬
218 450 1903 501 bis hoc est virtutes: non autem alia nisi conditionaliter puta si nobis sunt bona. Et eodem modo de cor¬
216 498 1903 549 poris incolumitate aut fratris. Alia conclusio. Iniustus non semper plus sed interdum minus expetit, vt
208 532 1900 594 in simpliciter malis, in expensis & laboribus minus appetit. Est dubitatio incidens quod iniustus non semper
221 581 1913 653 petit plus: Respondet philosophus minus de malo comparatum maiori malo videtur bonum: sic dici¬
217 637 1900 695 mus melius est perdere digitum quam brachium: & quanto minus de malo appetit, tanto plus appetit de bo¬
207 680 1895 738 no: & sic est iniustus quia semper pluris auidus. Dubitatur circa dicta primo. Iniustum dicitur tripliciter, & iu
220 727 1897 782 stum solum dupliciter: ergo pluribus modis dicitur vnum oppositorum quam reliquum. Secundo quo modo
220 773 1903 835 se habeant illa tria, illegale auarum & iniquum. Ad priorem haesitationem respondetur quod illa regula pri¬
210 817 1893 879 mi topicorum intelligitur quando vnum oppositorum alteri extremo in omni acceptione aduersa¬
211 866 1909 932 tur. Secundo dicitur quod iustum, cum suo contrario etiam bifariam dicitur. Vno modo iustus est animus
226 918 1900 970 aut homo qui legibus paret. Secundo modo qui est aequus tam in accipiendo quam in diuidendo. Itidem iniu
222 962 1899 1021 stus bifariam deducitur scilicet in iniustum illegalem ac in iniustum inaequalem. Iniustus illegalis est
222 1012 1900 1072 sanctionis spretor. Illegalis vlterius distrahitur in habendo plus de bonis minus de malis. lustus est aequi
226 1057 1900 1117 obseruantissimus, aequalitatem tam in bonis quam in malis quaerit. Quoties ergo dicitur vnum oppositorum,
225 1105 1904 1163 toties reliquum dicitur: loquendo de oppositione primaria ac immediata. Subdiuisione neglecta. Etiam di
223 1152 1897 1207 citur iniustum non trifatiam, sed solum bifariam capitur. Illud quod tertium membrum videtur, secun¬
222 1203 1905 1260 dum membrum speciatim solum enucleat. Ad secundam dubitationem respondetur quod omnis auarus est
219 1245 1900 1306 inaequalis & non contra. Auarus semper appetit plus debito in bonis, & minus in malis, vtpote labori¬
229 1293 1903 1353 bus & impensis quas mala reputat: sed iudex innocentem condemnans sui odio aut alterius partis amo¬
225 1344 808 1415 re, non est auarus: est tamen iniquus.
271 1434 1907 1501 Cum autem legum transgressor sit iniustus, qui vero legitime facit iustus: constat omnia
230 1486 1904 1577 legitima esse quodam modo iusta. Ea nanque quae a facultate ferendarum legum sunt de fini
223 1560 1895 1626 ta: legitima sunt. Et horum vnumquodque iustum dicimus esse. Ipsae autem leges de omni¬
223 1607 1920 1681 bus dictant, coniectantes aut communem omnium vtilitatem, aut optimorum, aut principumn,
235 1677 1903 1732 vel virtute, vel aliquo alio tali modo. Quare vno modo dicimus iusta ea quae foelicitatem.
233 1718 1905 1796 eiusque partes societati ciuili efficiunt & conseruant. Praecipit autem lex & ea agere, quae ad
229 1776 1910 1848 virum pertinent fortem: vt non deserere locum in acie, non fugere, non abiicere arma. Et
231 1842 1910 1907 item ea quae sunt temperantis: vt non committere adulterium, non libidine vti. Et etiam
233 1887 1908 1956 ea quae sunt mansueti: vt non pulsare: non conuicia dicere. Et in caeteris identidem virtuti¬
239 1952 1903 2014 bus atque vitiis: alia iubens alia vetans: recte quidem ea quae recte posita est. deterius autem
226 2012 1894 2063 ea quae inconsulte est exarata. Haec igitur iustitia perfecta quidem est virtus: at non absolu¬
227 2055 1895 2142 te, sed ad alium: Atque ob idipsum iustitia praeclarissima persaepe virtutum esse videtur. Et
229 2109 1709 2196 neque est hesperus ita, neque lucifer admirabilis. Et prouerbio dicere consueuimus.
229 2175 991 2242 lustitia in sese virtutes continet omnes.
280 2193 1906 2288 Atque perfecta maxime virtus est: quia perfectae virtutis est vsus: idque ex eo quia non ad se
238 2280 1902 2349 solum, sed ad alium etiam is qui ipsam habet, vti virtute potest. Complures enim in propriis
234 2339 1900 2404 quidem vti possunt: sed in iis quae sunt ad alium nequeunt. Et propterea sententia Biantis
232 2391 1892 2467 illa bene sese habere videtur: magistratus virum ostendit. Ad alium enim est: & in societa¬
239 2448 1899 2527 te iam ipse magistratus consistit. Ob id autem ipsum & alienum bonum ipsa iustitia sola
239 2504 1919 2579 virtutum esse vid etur: quia ad alium est. Agit enim ea quae alii vel principi, vel reipublicae
241 2562 1911 2626 conferunt. Pessimus igitur est qui ad seipsum & ad amicos vtitur prauitate. Optimus au¬
240 2614 1918 2690 tem non qui ad seipsum, sed qui ad alium vtitur ipsa virtute. Hoc enim est opus difficile.
234 2675 1915 2749 Haec igitur iustitia non pars virtutis: sed tota est virtus. Similiter & iniustitia huic contra
241 2732 1905 2804 ria non vitii pars sed totum vitium est. Quid autem interest inter hanc iustitiam & virtu
247 2785 1932 2860 tem ex iis quae diximus, innotescit: sunt enim idem: esse autem non est idem, sed quo quidem
244 2846 1559 2903 est ad alium, est iustitia: quo vero talis est habitus, simpliciter virtus.
292 2943 1916 3016 Alia conclusio. Cum autem legis transgressor sit iniustus, qui legitime facit est iustus: omnia legitima
235 2999 1914 3057 sunt quodam modo iusta. Dicit quodammodo quia omnis lex positiua datur in ordine ad aliquam poli¬
247 3054 1926 3117 tiam: sed quod est iustum in politia aristocratica non est iustum in timocratica. In priore est respectus ad
242 3105 1925 3162 optimates & patricios: in posteriore vero ad omnes. Patet tertio politicorum. Ea quae fiunt a facultate, &
235 3151 1918 3197 authoritate ferendarum legum sunt definita & decreta, legitima sunt: & vnumquodque horum dicimus
241 3197 1920 3262 iustum. Ipsae enim leges de omnibus decernunt coniectantes ad omnium vtilitatem aut optimorum in poli
240 3242 1921 3292 tia aristocratica, aut principum in monarchia, vel tyrannorum: vel virtute. hoc est respicit vtilitatem stu¬
