2368 3609
183 285 1865 390 praedicationem & est generalis quia actus aliarum virtutum dirigit in bonum. ldem propterea dicitur generalis er
187 354 1866 437 go per causalitatem, sicut sol est causa vniuersalis multorum effectuum ab eo producibilium: sicut secundum theo¬
171 403 1873 485 logos dicitur charitas est virtus generalis, pro quanto actus aliarum virtutum ordinat ad suum finem scilicet bonum
180 457 1873 528 diuinum. Tunc restat exponere vltima verba literae quae transcurrenter detegimus incipiendo vbi est difficul¬
180 495 1863 570 tas. haec ioitur iustitia non est pars virtutis. Hanc distinguo, aut quod non sit pars subiectiua virtutis & sic nego,
180 546 1878 616 immo est: aut quod non est via de virtutibus praecedentibus, & hoc est verum. Nec est earum vna aut omnes simul sumptae?
175 596 1868 669 sed est omnes per quandam aequiualentiam. Alius sensus sed est tota virtus imperatiue cum lex actus omnium
186 636 1869 720 virtutum praecipiat, vt dicitur in litera. & facinora vitiorum vetat: proinde comparatiue est quoddam totum, sicut cha¬
187 681 1878 762 ritas sed elicitiue est vna virtus. Et quia fortitudini imperat vt fortiter agat ob commune bonum, fortitudo
188 738 1867 817 dici potest: ac pari iure temperantia sicut actus aliarum virtutum, & aliae virtutes charitati propter eius imperium
184 790 1873 859 applicantur. Dicente Apostolo primae Corinth. xiii. Charitas patiens est, benigna est. &c. Et vocatur bonum alie
187 833 1871 906 num iustitia in recto quia eius finitio est maximopere circa alienum bonum desudare: & in hoc iustitia operan¬
192 870 1873 956 tis splendescit. Similiter & iniustitia huic contraria non vitii est pars sed cum omnium vitiorum actus imperet
188 934 1873 1003 totum vitium est Sequitur in litera: Quid autem interest inter hanc iustitiam quae omnibus aliis imperat & virtu
201 978 1873 1039 tem absolute, quae non est ad alterum, ex dictis innotescit. Quia aliarum virtutum actus imperat & eorum est cau¬
183 1017 1887 1094 sa: sunt enim idem hoc est idem actus est elicitus a virtute absoluta. hoc est temperantia aut fortitudine, & impe¬
194 1068 1875 1136 ratus a iustitia. Vel sic & melius iustitia & virtus sunt idem: esse autem non est idem. haec est distinguenda, aut quod esse
192 1121 1884 1193 essentiae puta ipsa res existens non sit eadem, & hoc repugnat nuperrime dicto, & per consequens sensus ille est
198 1164 1873 1239 negandus. Alius sensus est, esse non est idem, alia ratione habet hoc esse scilicet virtutis & denominationem alia
189 1200 1881 1279 ratione scilicet iustitiae: & hoc patet per verba sequentia, quae hunc sensum exponunt. Esse quo est ad alium est iu¬
202 1255 1887 1324 stitia: hoc est pro quanto a iustitia imperantur tales actus dicuntur iustitia, & iustitiae actus imperati, quo vero
187 1300 1889 1372 est talis habitus simpliciter est virtus: & hoc vno modo exponendo simpliciter. i. absolute non in ordine ad
197 1350 1884 1419 alium: sicut cum iustitia praecipit sobrie viuere ob bonum commune, & vetat moechari ob disturbium in republica.
195 1395 1891 1467 Pro quanto hi actus imperantur a iustitia legali denominationem iustitiae merito sibi vendicant: pro quanto a
196 1442 1881 1518 temperantia eliciuntur sunt temperantiae actus. Alio modo: ea ratione qua talis est habitus, est virtus, quia haben¬
205 1487 1882 1558 tem perficit & eius opus bonum reddit: ex diffinitione virtutis, secundo ethicorum. Et ille actus inquantum lega¬
191 1536 1882 1610 lis iustitiae est actus, perfectionem habet super temperantiam inquantum huiusmodi. Alio modo sic intellige. lusti¬
199 1581 1893 1653 tia legalis siue legitima bifariam consideratur. Vno modo pro quanto actus aliarum virtutum imperat: & sic non est
202 1634 1889 1699 vna virtus sed tota: alio modo consideratur in se & sic est vna specialis virtus: & realiter virtus, ratione tamen
204 1674 1892 1750 differens. Virtus dicit habitudinem ad subiectum & ipsius opus perficit: sed iustitia est ad alium. Nec est magnum
202 1723 1887 1798 discrimen inter hasce expositiones. Ista iustitia legalis tamen virtus cardinalis non iudicatur. Ob eius raritatem
211 1765 1888 1853 perpauci suas actiones ad bonum commune referunt. Contra non est idem virtus boni viri & boni ciuis ter¬
208 1823 1876 1891 tio politicorum: ergo idem actus non est ob bonum publicum & bonum priuatum. Respondetur concedendo ante
203 1865 1880 1933 cedens: plerique enim heremicolae bene solitarie viuere sciebant qui non erant assueti cum aliis viuere, sed consequem
209 1914 1884 1988 tia est nulla. Dubitatur quo modo iustitia praeclarissima est virtus: difficilius enim est persistere in acie vbi
217 1961 1873 2032 venitur in apertum discrimen vitae quam exercere actum iustitiae: ergo est nobilior virtus. Respondetur quod tempor
217 2010 1888 2075 pacis & tempore belli necessaria est iustitia: talem sicarii inter se & latrones vtcumque seruant. Tolle iustitiam quid
210 2057 1883 2123 sunt regna nisi latrocinia: dicit Aug. iiii. de ciuitate dei. Nobilitatem ex obiecto iustitia legitima quae & lega
209 2099 1890 2172 lis est, sibi vendicat. Rationem in oppositum non mouet. Capio optimum indiuiduum iustitiae vt nolle deserere actum
201 2149 1897 2214 iustitiae in vitae aperto discrimine. Haeres de sublimitate iustitiae. Respondetur quod de actiua virtute & non specu
220 2195 1899 2265 latiua loquitur. Nam foelicitas est ea praestantior, decimo ethicorum. ⁋ Dubitatur quo modo intelligitur illud.
218 2243 1919 2324 Magistratus virum ostendit. Responsio, Plerique in vita monastica & oeconomica sese bene regunt, quia illa vita I
213 2289 1920 2373 paucioribus indiget quam vita politica & regitiua: & cum magistratus constituuntur deficiunt, eorumque vires frequem pe
219 2344 1893 2411 ter ad hanc prouinciam haud sufficiunt. Secundo cum quis est positus in specula & vitia & virtutes illius depre¬
209 2386 1887 2453 henduntur: non autem in inferiori subsellio. Regum, antistitum & aliorum authoritatem habentium, & virtutes si quae¬
211 2430 1892 2502 sunt splendent & vitia sordidiora quam sint censentur. nam in omnium ore sunt. Simia summo loco collocata in¬
212 2489 1920 2557 caudata ab hominibus cernitur: in afea a paucis conspicitur. Tertio sic. Dantur duo sub modio aequaliter pru I
222 2540 1922 2597 dentes vnus ad dignitatem vtpote cancellariam aut praesulatum euehitur, alter sine sacerdotio delitescit: prior au¬ I
225 2571 1897 2656 thoritatis gratia vbi sua prudentia & virtus emicat omnium horarum vir reputatur: alter autem in humili lo
214 2625 1892 2697 co degens non effertur & ob opum poenuriam tanquam stultus floccipenditur, & sic per hunc maxime modum
223 2683 691 2767 magistratus virum ostendit.
603 2756 1442 2854 lib. V. TTACTI. Cap. II.
563 2807 1923 2899 Vaerimus autem eam iustitiam quae virtutis est pars, est enim quaedam, vt. I
556 2874 1925 2952 diximus. Et item iniustitiam eam quae pars vitii quaedam est. Esse autem hanc per
525 2937 1915 3022 giniustitiam, hoc indicat signum. Qui nanque caeteris vitiis operatur, iniu¬
517 2998 1900 3058 Friam quidem facit: at non plus capit: vt qui clypeum timiditate proiecit.
461 3042 1897 3142 aut qui conuicia ob iracundiam dixit, aut qui non attulit ob illiberalita¬
228 3100 1911 3189 ixx. Facans. vxi. AXtem per pecunias opem. At cum quispiam saepe plus capit: nullo tum eiusmo
225 3158 1921 3236 di vitiorum is operatur, nec etiam vniuersis, aliqua autem prauitate. Vituperamus enim il
226 3233 1911 3291 lum, atque ob iniustitiam. Est ergo alia quaedam iniustitia, vt pars totius iniustitia quaedam.
232 3273 1915 3363 Et iniustum itidem quoddam vt pars totius iniusti quod quidem est praeter legem. Praeterea
