2368 3606
183 279 1879 380 charitas illi supereminet: scribente doctore gentium ad Colo. iii. induite vos sicut dilecti dei viscera miseri
186 329 1880 429 cordiae: & paulo post. Super omnia charitatem habete. Item misericordia est ad alium nonnunquam de prae¬
193 382 1886 463 cepto: & sic est iustitiae actus. ⁋ Ad secundum dicitur quod tametsi iustitiam ministrare sit necessarium ne¬
194 434 1902 520 cessitate praecepti. est timen spontaneum ex libertate arbitrii & hoc non tollit meritum. gloriam tamen su¬
195 472 1893 566 pererogationis subducit dicente diuiniloquo paulo. i. Corinth. ix. Si euangelizauero non est mihi gloria:
198 528 1870 614 necessitas enim mihi incumbit. Caue autem lector ne circunueniaris a putantibus opus praeceptionis non
203 568 1874 663 esse meritorium. ⁋ Ambigitur a quibusdam primo pro qua culpa depositarius ad restitutionem est obno
206 617 1881 699 xius si depositum pereat. Scito quod depositum est aliquid custodiendum alicuius fidei traditum. nostra non
211 682 1888 743 nisi apud putatos bonos deponimus. Quo praelibato dico depositarium regulariter non teneri nisi ad do¬
212 710 1891 793 lum vel ad latam culpam. depositio enim est deponentis gratia & non depositarii: si depositarius pro custo¬
220 758 1891 850 dia rei mercedem acceperit: vel si inter se conuenerint de leui atque leuissima culpa, contractus ei est obser¬
213 805 1896 895 uandus. Siquidem contractus ex conuentione non iniqua robur vsurpant. dixi non iniqua: conuentio enim
219 852 1894 932 vt depositarius de dolo malo non obligaretur esset, iniqua & lapsuum spelunca prorsusque rescindenda. Cae¬
211 900 1888 990 terum non potest depositarius vti deposito nisi consensum depositoris expressum aut praesumptum verosi¬
208 948 1897 1023 militer habeat: si tamen deponens nullo modo consensisset, me verosimiliter ita praesumente nihil interest:
221 993 1906 1070 hoc mihi satis est ne a giro medii exorbitem. Si enim depositum sit pecunia, possum impune illa vti nec
219 1040 1900 1120 lucrum aut eius partem illi refundam: sat enim est depositum illi integrum restituere, si vero mihi pecuniam
218 1095 1903 1179 clausam in sacculo custodiendam tradat, indicium est quod cupit illam pecuniam non distrahi. Nihilo tamen mi
228 1132 1892 1215 nus in ea distractione parum aut nihil pecco: mihi enim in vsu pecuniae prosum, nec illi obsum dummodo
214 1183 1901 1264 sum semper paratus depositum ipsi petenti restituere. Haec est lex depositi vt depositarius deponenti semper
230 1232 1900 1312 restituat etiam si deposuisset vt certo tempore restitueret. Hoc enim est lege cautum L.i, si deposuero ci i. ti¬
220 1279 1906 1353 tulo minus materiam strictim agitamus. Interdum depositarius depositum minime depositori reddet: hoc
226 1332 1903 1416 quod ipse rationabiliter velle est obstrictus: vtpote si deponens est fictus amens per id temporis mucronem de¬
229 1375 1893 1460 positum minime illi exigenti restituam. Nam verisimile est quod seipsum aut alium quempiam mucrone
226 1421 1905 1498 transfoderet: etiam si iureiurando affirmauerim me semper mucronem illum eo petente restituturum. xxii.
220 1466 1899 1538 qui. ii. cap. ne quis. Illum casum ius naturae excipit. Secundo quando verus dominus cum fure deponente
229 1517 1887 1589 in repetitione conueniunt, tunc dominus rei furi anteponitur. ⁋ Secundo dubitatur quid est accommo
227 1561 1897 1635 datum & quae eius natura. dicitur quod vsus rei gratuito in accommodatione praestatur, retento dominio
228 1610 1912 1696 penes accommodantem. Suboritur auctarium: si commodo accipiens pro vsu rei nonnihil tradat, desinit
232 1658 1910 1732 esse accommodatio, tuncque est locatio. Accommodatum accommodantis esse non desinit quare accommodatum
225 1704 1896 1776 in manu accommodantis perit, patet: quia ipse est dominus rei: & hoc nisi commodo accipiens in culpa extite
231 1750 1902 1837 rit. Nec potest commodo dans accommodatum ante vsum rei expletum reuocare: nam interim commodo acci¬
233 1801 1911 1890 piens dispendium incurreret nisi commodans in similem iacturam etiam simul incideret. In mea enim re
231 1856 1908 1922 meae indemnitati potius consulam quam tuae, licet enim grauamem interea patiaris, mea non interest. Nec propterea me
240 1895 1915 1976 iuuito potes alioqui rem meam accommodato capere. Si gradarium tuum mihi accommodaueris diuum Fiacrium visen
231 1949 1906 2017 di gratia, tum deldolo, lata culpa, leui atque leuissima tenebor: nam ad vsum meum gradarium suscepi, de for
237 1985 1921 2069 tuito tamen casu minime obligabor: & similiter si illum per nuneium remitto, nisi in illo paciscar, vel
241 2037 1906 2109 in mora restituendi fuerim, siue equus sit precio aestimatus siue non, aestimatio enim vltra naturam contra¬
241 2081 1903 2160 ctus obstringit neminem. verum id operatur si sonipes mea culpa perdatur deterioretur ve, quid refunde¬
234 2129 1911 2206 re astringar. ⁋ Hic incidenter haesitas. Limitaneus habet caballum accommodato: hostilis insultus de omnibus
244 2178 1909 2261 rapiendis occurit: an commodatarius potest suas opes potius quam caballum seruare. Responsio si accommodatio gratia
245 2223 1899 2301 accommodantis fiat, accommodatarius res suas etiam viliores praereciosioribus accommodantis in seruando praeferat:
241 2270 1911 2350 secus est si accommodatum sit gratia sui factum: seipsum paritate alteri praeponet: sin res accommodata sit preciosa,
247 2317 1900 2400 accommodatarii vilis tunc non omnia sunt paria. Dubitatur etiam de furto, an omne tale sit mortale. Respon
256 2362 1914 2442 detur quod furtum est contractio rei alienae clanculum inuito dimino. Suboritur auctirium. Qui. inuentum non restituit
237 2419 1912 2485 furtum committit: patet per diffinitionem furti. Affirmatiue ad quaesitum respondetur. Nam in praeceptis decalogi
243 2471 1924 2544 prohibetur: nisi tamen ob paruitatem ablati, ac in deliberationem id proueniat. Exemplum primi vt pomum
247 2512 1911 2588 aut cerasum pendens extra hortum furari. Ablatum enim non est notabilis bonitatis. Etiam datur actus indelibe
246 2555 1921 2634 ratus circa materiam letalem. Ob talem indeliberationem stat dare furtum quod sit veniale peccatum. Deliberatio for¬
251 2599 1919 2681 malis est iudicium intellectus interdum completum de omnibus circumstantiis quandoque incompletum. Deliberatio inter¬
247 2649 1915 2736 pretatiua est quando habetur tempus suffciens ad deliberandum, & mora praetermittitur. ⁋ Aliquot iaculis con¬
254 2692 1920 2773 clusionem pulsabimus. Diximus quod ablatio pomi aut cerasi non est laetalis: ponatur quod successiue auferantur omnia
250 2744 1911 2822 cerasa ab horto per volitiones distinctas singulis cerasis respondentes: si prima volitio non est letifera, pari iure
259 2793 1917 2875 nec secunda, tertia ac quarta & sit in abyssum. Respondetur quod octaua aut nona volitio virtute praecedentum
250 2838 1924 2915 est mortalis, iam enim alienum contractans non Ignorat se habere alienum notabilis bonitatis Si successiue
248 2884 1912 2963 siue plures cerasa singula adimant nullo aliquid sciente de alio, nullus letaliter delinquit: sin id sciant, vnusquisque
258 2933 1921 3006 letifero crimine innodatur. Vnde fit vt si idem habeat. viii. distinctas volitiones quibus velit subducere
256 2981 1926 3056 haec. viii. cerasa, quaelibet illarum volitionum ob praesentiam & similitudinem alterius sit mortalis. Dissentaneum est
254 3037 1920 3103 affirmare illic mortale ex venialibus vel non peccatis componi: attamen tota congeries non est multo deterior
252 3075 1921 3162 quam vnus actus quo vult omnia haec cerasa surripere. Haesitas super veritate istius? Aliquis iniuriam facit & non
257 3118 1951 3200 est iniustus, fieri enim potest vt quispiam coeat cum muliere sciens cum qua coit, sed non ob electionis I
250 3172 1937 3261 principium sed ob affectum iniuriam agit, sed iniustus non est, & quae sequuntur. In exordio capitis
255 3218 1936 3292 Aristoteles solum disputat, dubitationem excitat interrogans qui fieri queat vt quispiam iniuriam
248 3264 1946 3345 faciat & non sit iniustus. Quonam pacto illa iniuria oritur ex qua homo iniustus euadit: secundum
