2356 3610
464 264 2148 389 multas iniustitiae species paradigmata ponit vt fuit adulter & latro. postea rogando hanc dubitationem
456 349 2138 436 rite motam innuit: quasi diceret non parum interest quempiam iniuriam ex habitu patrasse an ex affectu
452 400 2142 472 & perturbatione. Inter soluendum indicat, qui facit iniuriam sine electione & deliberatione praeuia non est
453 442 2138 518 dicendus iniustus. Caeterum bifariam quispiam aliquid facit. Vno modo eligens atque id volens: & hoc est
457 489 2153 577 illud per se intendere. obiectum per se actum specificat vt electione occidens, furans, moechans ve talis di
456 539 2144 623 ci debet homicida, fur, moechus. Obiectum per accidens operantem haud denominat, quando illud praeter
457 586 2147 670 illius intentionem euenit. dirigo spiculum in campo inter diuum Marcellum ac Gentiliacum iuuen¬
461 629 2140 714 culus ouium custos in rubo mihi incognito latet: cadens sagitta illum perimit: ea hypothesi stante ho¬
456 682 2150 765 micida non appellabor: potest enim esse ignoratio ita inuincibilis, vt nullo modo peccem si scrutinium
455 726 2132 807 sufficiens inter sagittandum fecerim. Ille tamen est occisus quem occidi: at non est peccatum homicidii.
448 776 2136 855 Et si lacob Liam loco Rachelis lecto suo impositam prima nocte cognouisset, ignorantia inuincibilis
451 826 2143 895 contingere poterat. Sed an debeat dici castitas matrimonialis: an scortatio, an vero adulterium, est de no¬
449 872 2133 951 mine contendere. Soleo illam copulam matrimonialem appellare. Sic si inuenio alienum meis mixtum
454 930 2135 999 quod meum reor, non sum propterea fur, licet alienum cepero. Rursus potest esse ignorantia vincibilis
452 973 2134 1044 non in toto excusatiua & tunc in omnium istorum operatione exorbito: & adhuc cum ex electione haec non
438 1019 2138 1096 facio non sum dicendus fur latro aut homicida, tametsi peccato homicidii peccem. Obiectum per accidens
443 1065 2131 1142 hoc est non intentum vix quempiam minus imputabiliter denominat. Subito ira commotus sine maliuolen¬
446 1116 2137 1187 tia praeuia sane delirat atque peccat, & tamen quia sine electione ac deliberatione id patrat, in truculentorum homi¬
437 1165 2127 1244 cidarum numero est collocandus, verum totius difficultatis cardinem Aristoteles octauo capite locuple¬
454 1206 1473 1290 tissime diluit. in eo plenam dilutionem cum his paucis expecta.
874 1284 1574 1393 Lib. V. Tracta. I. Cap. III.
790 1395 2132 1488 Vm autem iniustus sit iniquus, & iniustum iniquum, constat & aliquod
782 1460 2126 1542 medium esse iniqui: atque hoc est ipsum aequum. Quo enim in actu. plus
774 1516 2126 1605 est & minus, in eodem est etiam aequum. Si igitur iniustum iniquum est, iustum est
773 1571 2131 1656 aequum. Quod quidem & absque ratione cunctis ita esse videtur. At cum
762 1604 2127 1718 aequum sit medium, iustum medium quoddam erit: ipsum autem aequum
532 1666 2115 1781 SSSRRin minimis est duobus. Necesse est igitur ipsum iustum, & medium esse,
441 1740 2115 1832 & aequum: & ad aliquid, & quibusdam. Atque quo medium quidem est, hoc aliquorum est,
442 1785 2119 1884 quae quidem plus sunt & minus: quo autem aequum est, duobus est: at quo iustum est qui¬
445 1846 2122 1931 busdam est. Ipsum ergo iustum in minimis quatuor consistat necesse est. Quibus enim est iu¬
438 1913 2117 1983 stum duo sunt: & res in quibus & ipsae duae sunt. Atque eadem est aequitas quibus atque in qui¬
438 1961 2120 2054 bus. Nam vt sese habent ea in quibus: sic sese habent & illa. Si enim non sunt aequi, non
437 2022 2122 2111 aequa habebunt: sed hinc pugnae nascuntur & incusationes atque querelae: cum aequi non aequa,
442 2068 2119 2165 aut aequa non aequi habent ac potiuntur. ld ita esse ex eo quod pro dignitate fit, constat. lu¬
441 2129 2113 2220 stum enim quod in distributionibus est, omnes vno ore pro dignitate quadam oportere esse
430 2192 2114 2265 dicunt. Ipsam tamen dignitatem non eandem omnes inquiunt esse: sed populares quidem
442 2234 2124 2322 libertatem, pauci vero potentes opulentiam, nonnulli nobilitatem, optimates vero virtutem.
435 2297 2117 2374 lustum ergo rationum quandam comparationem subit. Comparationem namque rationum
427 2348 2109 2446 subire: non absoluti numeri solum, sed numerabilis etiam omnino proprium est. Etenim con
434 2408 2107 2497 paratio rationum aequalitas est rationum & in quatuor minimis est: & seiunctam quidem
436 2471 2107 2547 in quatuor esse constat. An non & continua in quatuor est? Vno nanque termino vtitur vt
439 2520 1926 2601 duobus, & bis illum sumit. Hoc pacto, vt A. sese habet ad R. sic R. sese habet ad C.
797 2573 1842 2680 xii.vi.iii.
819 2644 1795 2716 ARqu
483 2674 2123 2768 Bis igitur dictum est ipsum E, quare si Rbis positum fuerit quatuor erunt ea quae com¬
442 2751 2111 2832 parationem subeunt rationum. Est autem & ipsum iustum in quatuor minimis: & ratio ea¬
435 2813 2105 2884 dem est. Sunt enim seiuncta similiter & quibus & quae. Erit ergo vt est A terminus ad H
443 2862 2107 2950 terminum: sic C terminus ad terminum D. Et mutato ergo ordine vt A sese habet ad C¬
436 2914 2097 3007 ita Rsese habebit ad A. Quare & totum ad totum, quod quidem distributio ipsa coniun¬
430 2968 2110 3059 git. Et si ita compositum fuerit, iuste coniungit. Coniunctio igitur Atermini eum C, & R
435 3036 2114 3116 cum D:iustum est id, quod ad distributionem a ccommodatur: & est medium eius quod con
435 3094 2090 3172 parationem rationum non subit. Quod enim subit ipsam, medium est. lustum autem subit.
697 3146 1785 3219 xiiviviiiiiii.
696 3183 1972 3293 Achilles Aiax Munus Achillis. Munus Aiacis
693 3254 1769 3350 ARAD¬
