2357 3603
194 270 1065 365 ludicium fuerit perrectum, atque exitus aequus.
202 330 1903 420 ⁋ Persaepe enim discrepat, nam si qui magistratum gerens percusserit quempiam: non de¬
197 415 1886 482 cet eum repercuri. Et si quispiam eum qui magistratum gerit percusserit: is non solum reper¬
195 470 1886 535 cutiendus est, verum etiam supplicio afficiendus. Praeterea multum inter se differunt, id
202 523 1876 593 quod sponte: & id quod inuitus quispiam fecit. Sed in societatibus commerciorum, tale iu
210 578 1885 660 stum Crepassio inquam) per comparationem rationum, & non per aequalitatem continet ci
210 639 1878 713 uitatem. Ciuitas enim tum conseruatur: cum retributio fit vt comparatio flagitat ratio¬
206 699 1873 755 num. Nam homines aut reddere malum quaerunt, quod ni faciant seruitus esse videtur: aut
198 751 1885 812 retribui sibi bonum, quod nisi fiat, actus dandi, beneficiumque non fit. At ciuitates his con¬
208 800 1885 870 seruantur. Quamobrem & Gratiarum templum in ciuitate media condunt, vt retributio
212 852 1883 925 sit: hoc enim gratiae proprium est. Nam is qui suscepit, subministret vicissim: & qui minus
204 917 1886 987 contulit, & ipse rursus incipiat conferre oportet. Coniunctio autem quae per diametium est.
205 973 1904 1038 facit eam retributionem quae per comparationem rationum efficitur: hoc pacto. Sit aedificator qui
215 1031 1332 1095 dem a, sutor autem b. domus in c, & calceus collocetur in di
838 1085 1890 1157 ⁋ Aedificatorem igitur ab sutore accipere opus illius, &
827 1142 1885 1220 ipsum illi suum dare oportet. Si igitur primum sit id iu¬
827 1195 1887 1273 stum quod comparatione rationum est aequum: deinde re
829 1260 1882 1329 passio fuerit: erit quod dicitur, sin minus, non erit aequum:
839 1314 1903 1373 neque constabit societas. Nihil enim prohibet vnius opus
826 1366 1890 1435 alterius opere praestabilius esse: haec igitur ad aequalitatem
826 1426 1879 1497 redigantur oportet. Est autem hoc & in caeteris artibus.
826 1478 1888 1543 Etenim e medio tollerentur, nisi agens ageret, & quantum
832 1533 1879 1598 & quale: & patiens pateretur hoc & tantum, & tale. Non
821 1593 1877 1655 enim duobus ex medicis fit societas, sed ex medico atque
825 1653 1881 1706 agricola: & ex diuersis omnino, ac inae quabilibus. Verum
831 1698 1881 1774 hi redigantur ad aequalitatem oportet. Quapropter ea vni
831 1764 1889 1833 uersa quorum est permutatio inter sese comparabilia quo
826 1821 1884 1889 dammodo esse oportet. Pro quo nummus in vsum hominum
219 1873 1876 1940 venit. & fit quodammodo medium. metitur enim cuncta: quare & excessionem atque defe¬
206 1939 1892 1991 ctionem: quotnam calcei domui vel victui sunt aequales. Oportet igitur quot est aedifica¬
212 1983 1882 2050 tor ad sutorem: tot pro domo, vel alimento calceos esse. Qua si hoc non fuerit, non erit per¬
208 2046 1884 2113 mutatio, neque societas. Hoc autem non erit, si non aequa quodammodo fuerint, oportet er
208 2088 1886 2170 go aliquo vno mensurari cuncta: sicut & ea antea diximus. Hoc autem est reuera quidem
214 2156 1891 2223 indigentia ipsa: quae omnia continet. Nam si non indigeant, aut non similiter: non erit per
208 2210 1881 2273 mutatio: aut non eadem erit. Nummus autem ex instituto factus est: vt pro indigentia sit &
221 2267 1886 2333 propterea nomen hoc habet, quod non natura constat: sed lege. Et in nobis est situm ipsum
214 2314 1886 2386 mutare atque inutilem facere. Erit igitur tunc repassio: cum redacta fuerint in aequalitatem:
221 2376 1878 2458 vt quod est ad sutorem agricola, id sit opus sutoris ad agricolae opus. Oportet autem in fi¬
207 2429 1876 2504 guram comparationis rationum ducere, cum permutare voluerint: sin minus alterum extre¬
213 2483 1889 2552 mum excessus habebit vtrosque. Sed cum habent sua, sic aequales & socii sunt: quia haec aequa¬
214 2538 1882 2603 litas in ipsis fieri potest. Atque sit agricola quidem a, & alimentum c. Sutor autem b. & opus
215 2598 1876 2663 ipsius quod in aequalitatem iam est redactum dquod si hoc pacto non esset repassio, non esset
218 2654 479 2735 sane societas.
1512 2691 1574 2772 p
522 2682 712 2785 Agricola
1175 2689 1304 2786 Sutor
892 2688 965 2773 A
525 2766 793 2843 Alimentum.
1180 2768 1330 2845 Calcei
904 2767 971 2836 C
214 2876 1891 2944 ⁋ Ipsam autem indigentiam continere, vt quiddam vnum, hoc sane declarat. Cum enim
214 2938 1883 3009 aut ambo sese non indigent mutuo, aut alter: non fit permutatio, sicut fit, cum eius quis¬
213 2990 1876 3064 piam indiget quod habet ipse: vt vini, pro quo dat ille triticum exportandum. Opor¬
211 3054 1883 3124 tet igitur haec redigi ad qualitatem. quod si nunc non indigeat: nummus quasi vas interce¬
217 3105 1886 3168 dit pro permuratione futura: eam si ipsa indiguerit fore. Liceat enim oportet hunc afferen
217 3167 1870 3236 ti accipere. Patitur igitur idem & ipse. Non enim semper aequale potest: attamen magis ip¬
207 3213 1864 3291 se persistere solet. Iccirco diffinitae sint precio res omnes oportet: sic enim erit permutatio
218 3271 1900 3347 semper: quae si si erit, societas erit. Numus igitur (vt mensura) res ipsas metiendo, redigit ad p
