2345 3609
456 273 2149 352 aequalitatem. Et enim neque societas fuerit sine permutatione: neque permutatio sine aequalita
456 337 2143 409 te: neque aequalitas sine communi mensura. Atque re quidem vera fieri nequit vt ea quae ad
453 401 2139 465 eam differunt, conueniant communi mensura: attamen ratione indigentia satis fieri potest.
455 448 2134 531 vnum quid igitur esse oportet atque hoc ex suppositione. Quapropter nummus vocatur. Hic
460 524 2140 577 enim facit vt omnia mensura conueniant, mensurantur enim omnia nummo. Sit domus
473 563 2145 636 quidem a, vnciae autem decem b: & lectica collocetur in c. Atque a quidem dimidium sit ip¬
469 623 2141 693 sius b: vt precium domus quinque vnciae sint: aut aequale: c autem id est lectica sit pars deci¬
466 687 1897 761 ma ipsius b. Patet igitur quod lecticae domui sunt aequales, sunt enim quinque.
673 729 1957 799 ADomus RVnciae decem CTectica.
667 787 1969 855 Vnciae. VVncia. i.
529 841 2138 919 Hoc autem modo permutatio erat, anteaquam esset nummus. Nihil enim interest siue lecti¬
453 915 2146 974 cae quinque, siue precium quinque lecticarum detur pro domo. ⁋ Dictum est igitur quidnam
466 969 2140 1031 sit iustum atque iniustum. His autem determinatis: constat iuris actionem medium inter
454 1013 2149 1089 haec esse: agere inquam ac pati iniuriam. Alterum enim est plus habere: alterum minus. lusti
453 1078 2138 1137 tia autem non eodem modo quo priores virtutes mediocritas est: sed quia medii est: hoc est
459 1126 2142 1201 aequi. In iustitia autem extremorum. Et iustitia quidem est qua iustus dicitur electione actiuus
461 1184 2143 1249 iusti: atque distributiuus: & sibiipsi ad alium: ac alii ad alium: non hoc pacto vt commodi quidem
462 1248 2145 1315 plus sibi tribuat & proximo minus: in commodi autem contra: sed aequi, quod ex comparatione
465 1290 2148 1367 rationum emergit: & alii simili modo ad alium. lustitia autem contraria iniusti. Hoc autem est exu
472 1365 2140 1423 peratio & defectio commodi vel incommodi contra comparationem rationum. Quapropter iniu
454 1417 2134 1480 stitia exuperatio est & defectio, quia est exuperationis & defectionis: in se quidem exupera
458 1470 2139 1535 tionis eius quod est incommodum: in aliis autem in toto quidem similiter: eius profecto quod
469 1525 2152 1592 a comparatione rationum exorbitat: vt contigerit. Iniuria autem minor quidem est iniuriam pa
460 1569 2140 1649 ti: maior autem iniuriam facere. De iustitia igitur ac iniustitia: quaenam sit vtriusque natu¬
459 1635 1775 1711 ra, sit dictum hoc modo. Similiter & de iusto vniuersaliter atque iniusto.
525 1702 2142 1799 ldetur autem &c. Prima huius capitis conclusio. Pythagorici non bene diffiniunt iustum simpli¬
582 1789 2143 1851 citer repassionem. Repati autem est omnino simile pati illi quod alteri feceris vt est lex talionis
589 1822 2131 1884 moysaica lege. Probatur haec conclusio, primo, nam repassio nec ad iustitiam distributiuam nec ad iu
460 1878 2128 1934 stum emendandi gratia accommodatur, tametsi repassionem rhadamanti iustam esse dicant. Fuit autem rhada
456 1933 2141 1992 mantus rex Lyciae louis ac Europae filius seruantissimus aequi, hinc a poetis fingitur apud inferos culpas
463 1972 1504 2050 nocentum explorare. Postea hesiodica carmina memorat quae sunt.
466 2022 1126 2080 Si quae quis faciat, eadem patiatur & ipse.¬
463 2070 1117 2137 ludicium rectum fuerit vindictaque recta.
459 2101 2144 2180 Probat quod nec contrapassi lex valet in iustitia distributiua aut commutatiua: licet ille legislator rhada¬
463 2162 2133 2216 mantus eiusdem sententiae fuerit cum Pythagoricis vt Hesiodus vates canit. Nam si quis magistratum ge¬
460 2216 2142 2268 rit & quempiam percusserit, non aequum est eum repercuti. Pari forma, hoc est cum secundo si aliquis magistra¬
462 2262 2128 2318 tum gerentem pulsauerit, is non modo repulsandus est, verum etiam extremo supplicio afficiendus. Tertio
464 2306 2149 2373 similiter si quis sua sponte aliquid commiserit, & alter simile inuitus commiserit: non ambo repati debent
459 2356 2139 2414 similiter. Plurimum enim refert quempiam sponte sua vel inuitum quic quam committere: illic repassum ma¬
456 2410 2143 2461 net idem si similiter puniantur, et iustum non manet idem: ergo iustum & contrapassum siue repassiim
463 2448 2133 2505 non sunt idem conuertibiliter. propterea ciuitates refugii erant in terra promissionis pro iis qui inciden¬
456 2494 2132 2546 ter ac calefacti occiderant: ac qui odio concitati, deliberato animo acciderunt, a cornu altaris auellebantur,
456 2542 2143 2600 Deuteronomii. is. Et consentanee ad hoc immunitatem ecclesiae pontifex maximus stabiliuit Dubitatur. Nam in
466 2599 2140 2650 capite precedenti philosophus dixit quod in iustitia commutatiua non consideratur diuersa conditio personarum, & quod non re
454 2636 2139 2701 fert si prauus studiosum rebus suis priuauit an ediuerso, nunc autem oppositum docet. Responsio. In illis mensuratur
457 2686 2131 2745 nocumentum secundum rem substractam. In fortunis enim idem est si nobilis a me subtraxit centum acsi ignobilis: sed
461 2732 2141 2792 cum iniuria est personalis tunc quantitas nocumenti considatur secundum circumstantiam personae. Vel dicas
463 2779 2133 2843 quodllicet punitio sit inaequalis, satisfactio cum in hac iniustitia potest esse aequalis. Plus punitur subtrahens cali
458 2832 2136 2887 cem a templo, quam inueniens & non restituens tantundem argenti a pertranseunte perditi: hi tamen duo ad aequa
458 2874 2143 2937 lem restitutionem arcentur & inaequaliter puniuntur. In principis percussione tota respublica, cuius ipse
455 2921 2146 2987 est caput, laeditur. Postea declarat quomodo iustum commutatiuum & contrapassum sunt idem. Ibi sed
460 2972 2140 3032 in societatibus commerciorum &c. Intendit dicere quod iustum commutatiuum continet in se contrapassio
451 3017 2146 3078 nem non secundum aequalitatem, sed secundum proportionem. Et si dicas. In iustitia commutatiua me¬
454 3061 2149 3120 dium accipitur non secundum proportionem geometricam, quae in proportionis aequalitate consistit: sed
457 3118 2138 3172 secundum proportionem arithmeticam, quae in quantitatis aequalitate consistit. Respondetur sicut, nuper¬
455 3160 2136 3222 rime responsum est, quod circa iustitiam quae est circa res exteriores, semper oportet esse aequalitatem rei ad
464 3212 2140 3269 rem, sed non actionis & passionis, quod contrapassum denotat. vt vnius artificis actio est maior quam alterius.
460 3254 2143 3333 Hec actio sicut domificatio est maior quam ferrum super equum tuum imponere. Conclusionem propositam
