2356 3601
244 312 1933 392 fic probat. lustum commutatiuum continet illud per quod ciues tranquille conuiuunt: sed hoc fit secundum
250 378 1939 430 conclusionem quam probare satagimus: igitur. Consequentia liquet cum maiore. Minor sic probatur.
250 424 1933 483 Si vnus ciuis nonnihil pro alio ciue facit alius elaborat facere pro eodem proportionabiliter. Ecce
259 468 1933 532 literam. Sed in societatibus commerciorum, hoc est commutationum tale iustum est repassio per compa¬
257 520 1933 572 rationem rationum & non per aequalitatem continet ciuitatem: quia vnius opus est alterius opere
256 567 1934 621 praestabilius, vt patet de portante grossos lapides ad aedificium & de lapides preciosos praeparante. Tunc
256 609 1939 660 optime conseruatur tranquillitas in ciuitate cum retributio fit vt comparatio flagitat rationum: nam
248 658 1940 711 homines reddere malum quaerunt, hoc est homines laesi malum poenae laedentibus infligi optant, quod
254 705 1934 762 nisi fiat videbitur seruitus & plusquam seruitus. Sic de beneficis dicatur, hoc est qui beneficia in alios con¬
247 751 1936 804 tulerunt, quaerunt sibi reddi & rependi beneficium. Et illud est aequum. quod iusti rependant serui¬
251 801 1930 857 tus videtur esse, vt beneficia aliis conferentes alia non recipiant. His, scilicet mulctando sontes ac be¬
247 845 1934 902 neficis rependendo vices, ciuitatum concordia conseruatur. Veteri deuerbio dicunt. Manus manum
236 897 1934 954 fricat. Sine recompensatione beneficia e medio tolluntur. Famulus salarium capiens gratuitum be¬
238 942 1931 995 neficium haud accipit: at si beneficium susceperit maiore sedulitate atque promptitudine eum famu¬
243 986 1930 1047 lari addecet: si secus fecerit amicitiae conditionem violat. Quamobrem Gratiarum templum in media
238 1037 1930 1098 ciuitate & non in suburbiis construunt, vt beneficiorum meminerint, hoc enim Gratiae peculiare est.
244 1075 1931 1143 Nam is qui suscepit beneficium subministret vicissim oportet: & qui minus contulit rursus auspice¬
250 1128 1931 1197 tur conferre. Illam retributionem valoris facit quaedam coniunctio sumpta secundum diametrum.
249 1170 1313 1233 Eac vnum quadratum cum duplici diametro: ponatur Aaedificator
242 1222 1325 1270 in vno angulo quadrati, & super eandem lineam in angulo re¬
245 1273 1306 1330 spondente ponatur E sutor: & domus C respondeat Rin angulo
241 1321 1310 1375 contradictorio, & sic Dcalcei ipsi A, vt patet in hac figura mar¬
239 1370 1294 1423 ginea. Tunc dicas, sicut se habet faber tignarius ad sutorem, ita
244 1412 1300 1469 domus ad calceum: at faber ad sutorem habet rationem duplam:
231 1456 1304 1515 proinde talis proportio inter domos calceosque est obseruanda.
235 1507 1304 1561 Tunc si vnius artificis opus sit alterius aequale seruatur iustum, non
230 1554 1307 1607 secundum quantitatem rei ad rem: quia centum calcei fortasse
232 1598 1301 1653 non valent constructionem huius domunculae: tamen secundum
241 1645 1293 1703 proportionalitatem aequari possunt. Tot ponentur calcei quos
232 1701 1290 1751 ad aedificatoris operam valebunt: & tunc erit iusta repassio. Alioqui
243 1741 1291 1795 neque est aequum, neque constabit societas. Nihil enim vetat opus
250 1784 1291 1833 vnius esse praestabilius opere alterius. Aduocatus aut scriba pro
232 1831 1303 1883 literis signandis plus lucri in die consequitur quam sutor fortasse
241 1880 1308 1937 in mense. Oportet tamen illa aequare, vt sit proportionabile lu¬
238 1930 1916 1990 crum hincinde. Est autem hoc & in aliis artibus. Nam artes vtique interirent nisi faceret faciens quantum
238 1977 1910 2037 & quale ac patiens patietur, hoc est tantum & tale. Dicamus clarius sic. Nisi agens ageret tantum & tale per
239 2023 1915 2075 seipsum vel per alium quantum & quale ipse patiens passus est, id est recepit hoc, artes e medio tolle¬
239 2071 1915 2134 rentur. Conferens artificium est dans: & ille idem recipiens est patiens. Duo enim eiusdem artis non
232 2117 1917 2180 permutant sua opera mutuo, vt medici inter se: sed medicus & agricola, & ex diuersis omnino ac in¬
242 2170 1906 2224 aequalibus, verum haec redigantur ad aequalitatem oportet. Posthaec ponit corollatium dicens. Quae¬
245 2209 1906 2266 cumque permutantur ad inuicem debent quodammodo adaequari inter se, secundum proportionem va¬
232 2257 1910 2315 loris ipsorum. ⁋ Alia conclusio. Commerciorum gratia nummus in hominum vsum inductus est, vt
233 2301 1909 2359 sit medium commutandi. Primo enim omnia commutabilia mensurat nummus, quare excessionem
241 2354 1906 2410 & defectionem. Vt si calceus valet duodecim nummos & liber. aa. cognoscitur liber in proportione du¬
236 2406 1912 2460 pla melior calceo. Hoc etiam numismate inuenire potes, quot calcei valeant opus domificatoris in hac
242 2451 1901 2503 domo extruenda. Si enim domum constructam quatuor aureis habeam & quingenti calcei. &. aureis
238 2492 1912 2551 habeantur, concludo illum calceorum numerum aequiualere domus structurae. Est enim communis
232 2543 1906 2596 animi conceptio. Quae aequantur vni tertio, aequantur inter se: at haec duo opificia talibus nummis
234 2586 1900 2651 aequantur: proinde inter se aequantur. Successu temporis num morum vsus est introductus. Nummo
236 2634 1906 2696 aereo populus Romanus vsque ad dies Pyrrhi regis vsus est: tunc argenteum cudit & post victam Car¬
241 2680 1911 2741 thaginem aureum signauit nummum. ⁋ Alia conclusio. Indigentia humana quae omnia continet com¬
242 2727 1916 2786 mutabilia, & cuius gratia omnia commutantur, est vera & naturalis commutabilium mensura. Tem¬
239 2771 1907 2831 pore messis sub falce annona est carior quam granis de nouo lectis: & tempore belli arma cara, pacis tem¬
238 2825 1910 2877 pore minoris veneunt. Probatur primo haec conclusio. Nam si non indigeant homines aut non fi¬
235 2872 1909 2926 militer egeant, vel non erit permutatio vel non eadem, sed aliorum quibus egent. Tempore belli artifex
232 2913 1906 2976 eget tritico & agricola armis, similiter egent suis operibus. Si non esset haec mutua indigentia non fieret
230 2961 1911 3023 haec permutatio. Secundo, propter commutationem causa necessitatis nummus ex instituto factus est, vt
228 3009 1904 3073 pro indigentia commutabilium fieret, & propterea nomen hoc habet quod non a natura constat, sed positi¬
226 3066 1907 3121 ua lege. Nummus a nomo vacabulo graeco legem significante nomen accepit. Et in nobis est situm ipsum
226 3104 1891 3154 mutare & inutilem facere, vt saepius fit. Et commutabilium repassio tum erit iusta cum ipsa commutabilia
236 3154 1910 3214 redacta fuerint in aequalitatem, vt si quod fuerit sutor ad agricolam, hoc sit agricolae opus ad sutorem.
236 3198 1906 3250 Simile erit sutoris opus ad agricolam: & cum permutare voluerint, conducit vt commutabilia in figura
228 3246 1906 3306 comparationis rationum ducant: & ipsum medium venentur: alioqui continget alterum extremorum
233 3295 1900 3366 vtrumque excessum habere in nobilitate & caritate. Aliquis est artifex rarus propterea carus: nam omnia
