2335 3613
436 254 2136 361 sese habet: apud nos autem est quidem aliquid, etiam natura constans mutabile, verum non omnem.
432 351 2134 416 Attamen aliud est natura aliud non natura. Patet autem quidnam eorum quae possunt & aliter se
429 400 2127 483 hambere, natura constat, & quid non: sed lege ac instituto: si ambo mutari similiter possunt &
425 453 2113 527 ad caetera, eadem accommodabitur diffinitio. Dextera namque manus validior est laeua, natura. Et
433 507 2116 590 tamen fieri potest, vt omnes euadant apti ad vtendum manu sinistra perinde ac dextera. lustorum
427 559 2117 640 autem ea quae ex instituto sunt & ob vtilitatem, similia sunt mensuris. Non enim omnibus in locis
432 615 2115 697 aequales sunt vini triticique mensurae: sed vbi quidem emunt maiores sunt, vbi autem vaendunt, mi¬
444 672 2119 760 nores. Simili modo & ea quae non naturalia sunt sed humana iusta: non eadem sunt vbique. Nam
445 730 2116 809 neque respublicae, sed vna tantum vbique secundum naturam est ipsa optima. Vnumquodque autem iustorum,
432 797 2113 861 & legitimorum vt vniuersale sese habet ad singula: etenim ea quae aguntur sunt multa. Vnun¬
436 837 2120 920 quodque autem illorum est vnum: est enim vniuersale. Interest autem inter iniuriam & iniustum, & inter
436 899 2124 989 ius & iustum. Iniustum enim est natura vel instituto. Id autem ipsum cum actum fuerit iniuria est:
433 952 2110 1031 antea vero quam sit actum, nullo modo est iniuria, sed iniustum: pari modo & ius. Vocatur autem
436 1006 2118 1095 magis iusti actio ipsum commune: ius autem iniuriae emendatio. Quae vero, & quot species
431 1063 1834 1155 vniuscuiusque ipsorum sunt, & circa quae versantur considerandum est postea.
457 1148 2128 1243 Fsuilis autem iusti &c. Primo ponit diuisionem inustorum ciuilium, nam aliud naturale est, primoque
473 1228 2125 1286 naturale per effectum & postea per causam manifestat. Dicit ergo est iustum quod vbique vigorem habet
439 1264 2123 1319 eundem. Secundo, per causam quod oritur ex natura rei & non quia videatur ex, hominum opinatione: si
430 1317 2126 1381 sint opiniones non est iustum naturale. Aliud vero legitimum & est iustum quod a primordio quidem nihil in¬
443 1374 2116 1425 terest (vt praescriptio in decennio) an sit an secus se habeat: cum vero latum fuerit interest vt captiuos mina
446 1410 2117 1475 hoc est duabus vnciis cum semis redimere: hoc lege cautum erat inter Lacedaemonios atque Athenienses dum
446 1457 2109 1518 inter se bella gererent, vtque capra immoletur non duae oues: & singula quae lege lata sunt, vt sacra Brasidae
438 1514 2119 1566 facere pariter & publicis decretis instituta. Brasidas Lacedaemoniorum dux diuinos ob bene merita
443 1556 2116 1613 (vt Thucydides ait) meruit honores. Saepius Ethnici delusi suis benemeritis diuinos post obitum tri¬
438 1605 2115 1663 buerunt honores, vt eos fama perpetuarent qui temporis curriculo a posteris dii putati sunt. Hoc praelibato
443 1654 2118 1711 ponitur huius capitis Prima coclusio, quae est haec. Non omnia iusta lege & instituto constant, omnia iusta
433 1699 2118 1756 lege positiua & instituto constare falso putantur, ob idipsum quod omne quod natura constat immobile permanet,
444 1747 2127 1802 & eandem vim vbicumque locorum seruat. Velut ignis hic & apud Persas ardet: iusta autem mouentur. Patet. Ni¬
449 1783 2110 1850 hil enim est magis naturale quam oratores in sua legatione esse tutos, & tamen Tyrii legatos Alexandri in¬
451 1836 2122 1898 teremerunt. Pari quoque modo naturale est reddere depositum, sed furioso non redditur mucro, nec proditori
443 1879 2104 1955 patriae sua pecunia qua in patriam hostes excitet. Sed haec ratio est inualida nec vbique verum continet, quod
445 1938 2116 1988 omne quod natura constat vuriabile non est: sed aliquo modo apud deos & corpora caelestia nequaquam se ha¬
439 1983 2116 2034 bent aliter. Licet vnum ponat deum, vt patet. n. Metaphysicae: loquitur tamen hic vt plures de diis. Sic scriptura
450 2033 2116 2082 loquitur, Ego dixi dii estis & filii excelsi omnes, excellentes homines significans. Diis non detrahes in lege.
442 2073 2108 2135 scribitur. sed recte de deo loquitur, quod est immutabilis. luxta illud. Tu autem idem ipse es, & anni tui non defi¬
439 2113 2116 2174 cient: & ipse non veterascit. Dei notitia est deus. . Metaphysicae: quare haec cum deo coincidens, est immutabi¬
445 2163 2118 2229 lis. Sed apud nos est aliquid natura constans mutabile: vt in casu praecedenti ob hominis sani mutatio¬
440 2207 2111 2273 nem in amentiam, mutatur ius restituendi depositum: immo iam non est ius. Se i nec omne ius est mutabile
454 2271 2118 2321 vt lex praeceptorum negatiuorum necessariorum, vt non incassum iurare. propterea non oportet si iustum natu¬
450 2308 2112 2374 rale aliquod mutetur, ipsum lege & instituto constare. Et propterea adhuc stat iuris partitio quod quoddam sit
441 2360 1990 2416 naturale quoddam vero legitimum: & non omnia instituto & lege positiua constare oportet.
457 2398 2117 2464 ⁋ Quaestionem post haec mouet, Quod igitur iustorum mutabilium natura costat, quod non natura sed lege: si am¬
444 2453 2113 2509 bo similiter variari possunt? Respondet dicens, ad caetera eadem diffinitio & determinatio accommodatur.
445 2493 2113 2559 Dextera namque manus regulariter est laeua validior: & tamen contingere vsu potest vt homines ambi dexteri
460 2544 2116 2605 vt Aioth euadant: ita in pluribus iusta naturalia sunt immutabilia, vt reddere depositum est iustum, licet
454 2586 2115 2651 in casu oppositum contingit. Summa solutionis in hoc stat quod lex naturalis per paucas exceptiones susci¬
458 2630 2106 2704 pit. Alia sanctio eam interpretatur. Amenti depositum ensem reddere est deponenti perniciosum. lustum vero
455 2689 2109 2743 humanum plerumque variatur: quia iustorum ea quae ex instituto sunt & ob vtilitatem fiunt similia sunt mensuris.
449 2732 2118 2799 Non em omnibus in locis aequales sunt vini triticique mensurae, sed vbi quidem emunt maiores sunt, vbi autem
461 2780 2113 2843 vendunt minores. Pinta apud diuum Dionysium prope Parisium multo plus quam Parisiensis continet: & tres
453 2816 2110 2895 quartae vlnae Gallicae vlnam Anglicanam continent. Pari forma mensura tritici Gallici Scoticae respondens est
457 2876 2121 2935 Scotica maior: quod ex eo percipitur, quia nonnumquam ex Galliae oris triticum in Scotiam venale defertur. Hunc
457 2916 2124 2981 in modum iusta quae non natura sed quae humano constant arbittio non vbiuis locorum eadem sunt. Patet de succes¬
457 2962 2128 3027 sione haereditatis: nam in Hispania & in britannia mulier in regno succedit, & bene. Hac enim via regna vi¬
457 3010 2128 3080 cina in amicitiam coeunt & ex duobus vnum conflatur. Alii alias leges oppositas habent. Neque respublicae sunt
455 3077 2128 3122 omnes similes: sed vna tantum secundum naturam est optima quae ad legem naturae accedit si homines scirent ita viuere.
456 3103 2121 3176 Alia conclusio. Vnumquodque iustorum tum naturalium tum legitimorum perinde se habet vt vniuersale
452 3153 2112 3228 ad singulare: nam quae ab vnoquoque aguntur multa sunt, vt colere sanctos praecipitur in vniuersali: sed
458 3193 2125 3266 executio praecepti est circa singularia contenta sub vniuersali, vt Deiparam virginem aut loannem
454 3245 2125 3330 magnum &achariae filium colere: & ita circa diuos in particulari quibus cultum impendimus ratione prae¬
