2352 3618
480 264 2196 371 ponit: proinde totum vt videtur sit abrogabile per contrarium vsum. Alii dicunt quod scitum in fine consuetum¬
475 363 2186 412 dinis a superiore positum locum assuetudinis adimit. Denique postquam consuetudinis memoria sua sponte
481 402 2178 472 incidit, nonulla de ea perstringere haud grauabimur. Consuetudinis vis in naturam abit: assuetus enim
491 447 2169 512 determinato tempore aluum exonerare, illam tempestatem notare oportet: natura sic assueta egerit. Nec solum
487 493 2179 550 in hominibus id vsu venit sed etiam in vegetabilibus. Haerbae humectatione longa assuetae si hume¬
493 540 2170 603 ctatio penitus deseratur arescunt ac intereunt. Perdicibus, phasianis, capis, ac pullis gallinarum plures
492 587 2174 654 annos pasti, bubulam carnem aut suillam aegre digerunt, mollesque ac delicati euadunt. Agricolarum
481 641 2178 700 digiti ac aliorum artificum incuruati postea vix extenduntur: tenera virga paululum in viriditate intorta
487 680 2183 754 facile expanditur ac rectitudinem reassumit, temporis curriculo curuatione relicta est incuruabilis. Ad
493 727 2177 792 homines haec exempla conuertas licet. luuenculus in viridi aetate ad rectum est flexibilis ac bono habitu
485 777 2164 837 genito, citra reluctamen disciplinatus efficitur, si in iuuenilibus annis morum curuitatem induat, hanc
481 830 2182 890 exuere est illi perdifficile. Sic vidua molli sub marito educata capitosior morosa Santippe efficitur:
487 869 2172 934 si iuuenculam teneris annis in connubium duxeris circa illius futuros mores aliquandiu inuigiles, postea
487 916 2173 993 sua sponte tuis monitis acquiescet. Nonne Schenobates per eleuatum funem temporis successu intrepi¬
481 960 782 1024 dus obambulat?
995 1009 2021 1098 Tract. II. Cap. III. & Lib. V. Cap. VIII.
831 1107 2166 1195 Vm autem iusta sint & iniusta ea quae diximus: iniuriam quidem quispiam
822 1166 2165 1247 facit, & ius agit cum ea sua sponte agit: sed cum inuitus, non iniuriam
829 1226 2165 1304 facit, neque ius agit. Agit enim ea quibus accidit vt sint iusta aut iniusta.
817 1281 2168 1350 Iniuria autem atque iuris actio tunc est, cum a sponte agente fit: tunc enim
822 1341 2168 1420 vituperatur: & simul tunc iniuria est. Quare erit quid iniustum quidem.
817 1393 2156 1474 sed nondum iniuria: si non a sponte agente sit factum. Equidem id a sponte
474 1444 2171 1534 agente fieri dico (quemadmodum & prius est dictum) quod quispiam in se situm sciens
489 1506 2160 1586 agit, & non ignorans, neque quem, neque quo, neque gratia cuius, vt quem pulsat & quo: & gra¬
487 1565 2158 1632 tia cuius, & vnum quodque illorum, neque per accidens, neque vi: vt si quispiam vi mouens manum
484 1620 2169 1697 alterius ipsum pulset. Sponte enim ipse tum sua non pulsat: quippe cum non sit in ipso situm.
474 1664 2155 1757 Fieri etiam potest, vt qui pulsatur sit pater: ipse autem sciat quidem illum hominem esse,
485 1736 2165 1820 vel aliquem eorum qui assunt: ignoret autem esse patrem. ldem dicendum est & de eo gra¬
481 1790 2169 1868 tia cuius agitur, & circa totum etiam actum. Quod igitur ignoratur, aut non ignoratur
486 1840 2166 1929 quidem, non est autem in ipso situm. sed vi fit: id omne agitur ab inuito. Et eorum enim
480 1910 2154 1979 quae nobis natura competunt complura scientes agimus, atque patimur quorum nihil aut
493 1964 2149 2020 nostra sponte, aut inuitis fit nobis, vt senescere, aut mori. Est autem in iniustis ac iustis si¬
481 2009 2146 2080 militer id quod per accidens dicimus. Nam si quispiam depositum inuitus, & ob timorem
484 2066 2153 2157 reddiderit: non est dicendum hunc iustum, aut ius agere, nisi per accidens. Similiter est di¬
492 2130 2165 2212 cendum & eum iniuriam facere atque iniusta per accidens agere, qui cogitur, atque inuitus non
487 2189 2154 2258 reddit depositum. Eorum autem quae sponte agimus, alia cum electione agimus, alia sine
483 2244 2154 2302 electione. Et cum electione agimus, quae antecessit deliberatio. Ea sine electione, quae non an¬
473 2292 2161 2364 tecessit deliberatio. Cum igitur laesio sit in societatibus triplex: tunc sunt cum ignoratione
482 2357 2157 2431 peccata, cum quispiam egerit aut circa quem, aut quod, aut quo, aut gratia cuius agere non
482 2413 2155 2469 putauit. Nam aut non percutere, aut non hoc, aut non hunc, aut non gratia huiusce puta¬
480 2468 2145 2538 uit: sed accidit id cuius gratia non putauit: vt non vulneraret, sed vt pugnaret, aut non quem.
486 2512 2147 2597 aut non hoc modo. Atque cum extra rationem fit laesio, infortunium est: cum non extra rationem,
477 2577 2152 2644 fine tamen vitio, peccatum. Etenim peccat quidem quispiam cum in ipso est principium
485 2637 2145 2714 causae, aduersa vero fortuna vtitur, cum est foris. Cum autem sciens quidem sed non deli¬
481 2686 2142 2769 beratione praemissa quispiam laedit, iniuria est: cuius generis ea sunt vniuersa quae per iram
480 2745 2147 2816 efficiuntur, aliasque animi perturbationes, quaecumque necessatio, vel natura hominibus accidunt.
470 2794 2156 2868 Haec enim iniuria sunt. Atque ii qui ob haec nocent ac peccant, iniuriam quidem faciunt:
482 2857 2154 2936 tamen nondum ob haec ipsa sunt iniusti vel praui. Non enim nocent ob prauitatem: sed cum
475 2909 2142 3003 nocet quis electione, iniustus est atque prauus. Quapropter perrecte ea quae proficiscuntur ab
481 2966 2152 3031 ira, non diiudicantur ex prouidentia fieri. Non enim is incipit qui facit ira, sed is qui prouo¬
475 3025 2153 3104 cauit ad iram. Praeterea non fit in talibus controuersia, si factum sit nec ne: sed si iure sit factum.
480 3074 2149 3149 Ita namque ob apparentem oriri iniustitiam solet. Non enim de facto perinde atque in commerciis
480 3143 2138 3205 contendunt: vbi necesse est alterum improbum esse si non id faciat obliuione: sed de re conue¬
468 3203 2148 3280 nientes, iure an iniuria sit facta disceptant. Qui autem facit insidias, non ignorat. Quare alter
484 3250 2147 3330 putat iniuriam pati, alter non putat: quod si electione nouerit, iniuriam facit. Atque his iam iniu¬
480 3312 2149 3396 riis est iniustus qui iniuriam facit, cum comparationem rationum, aut aequalitatem transgreditur,
