<?xml version="1.0" encoding="UTF-8" standalone="yes"?>
<PcGts xmlns="http://schema.primaresearch.org/PAGE/gts/pagecontent/2013-07-15" xmlns:xsi="http://www.w3.org/2001/XMLSchema-instance" xsi:schemaLocation="http://schema.primaresearch.org/PAGE/gts/pagecontent/2013-07-15 http://schema.primaresearch.org/PAGE/gts/pagecontent/2013-07-15/pagecontent.xsd">
    <Metadata>
        <Creator>prov=University of Rostock/Institute of Mathematics/CITlab|PLANET AI GmbH/Gundram Leifert/gundram.leifert@planet-ai.de:name=cod-MaEth8-m2(htr_id=30545)::::v=2.6.7
prov=University of Rostock/Institute of Mathematics/CITlab|PLANET AI GmbH/Tobias Gruening/tobias.gruening@planet-ai.de:name=de.uros.citlab.module.baseline2polygon.B2PSeamMultiOriented:v=2.6.7
prov=University of Rostock/Institute of Mathematics/CITlab|PLANET AI GmbH/Tobias Gruening/tobias.gruening@planet-ai.de:name=/net_tf/LA73_249_0mod360.pb:de.uros.citlab.segmentation.CITlab_LA_ML:v=2.6.6
Transkribus</Creator>
        <Created>2021-01-31T23:14:20.517+01:00</Created>
        <LastChange>2021-02-26T17:52:09.830+01:00</LastChange>
        <TranskribusMetadata docId="597563" pageId="23819726" pageNr="196" tsid="53132691" status="IN_PROGRESS" userId="25065" imgUrl="https://files.transkribus.eu/Get?id=OYPJCETLVMVXYYMFOGSAHOBU&amp;fileType=view" xmlUrl="https://files.transkribus.eu/Get?id=QTKNEZLZQEDXJVJHKEIAOOOR" imageId="18280184"/>
    </Metadata>
    <Page imageFilename="195.jpg" imageWidth="2329" imageHeight="3605">
        <ReadingOrder>
            <OrderedGroup id="ro_1614432118654" caption="Regions reading order">
                <RegionRefIndexed index="0" regionRef="TextRegion_1613861401812_2388"/>
            </OrderedGroup>
        </ReadingOrder>
        <TextRegion orientation="0.0" id="TextRegion_1613861401812_2388" custom="readingOrder {index:0;}">
            <Coords points="458,202 2175,202 2175,3335 458,3335"/>
            <TextLine id="r1l2" custom="readingOrder {index:0;}">
                <Coords points="467,360 2158,360 2186,288 467,296"/>
                <Baseline points="479,344 563,342 648,341 733,341 818,339 903,339 987,338 1072,338 1157,338 1242,338 1327,338 1411,338 1496,338 1581,338 1666,338 1751,338 1835,338 1920,338 2005,338 2090,338 2175,338"/>
                <TextEquiv>
                    <Unicode>His praegustatis respondetur per propositiones: quarum prima est. ludex cupiditate corruptus plus</Unicode>
                </TextEquiv>
            </TextLine>
            <TextLine id="r1l3" custom="readingOrder {index:1;}">
                <Coords points="474,415 2169,410 2183,355 474,366"/>
                <Baseline points="485,392 569,390 653,389 738,388 822,387 906,386 991,386 1075,386 1159,386 1244,386 1328,386 1412,386 1497,386 1581,386 1665,386 1750,386 1834,386 1918,386 2003,387 2087,387 2172,387"/>
                <TextEquiv>
                    <Unicode>peccat quam timore corruptus. Probatio, peccatum tanto est grauius quanto est magis voluntarium. Mo¬</Unicode>
                </TextEquiv>
            </TextLine>
            <TextLine id="r1l4" custom="readingOrder {index:2;}">
                <Coords points="474,451 2137,458 2183,409 474,413"/>
                <Baseline points="485,438 569,437 653,436 738,435 822,434 906,434 991,434 1075,434 1159,432 1244,432 1328,432 1412,432 1497,432 1581,433 1665,434 1750,434 1834,434 1918,434 2003,434 2087,434 2172,434"/>
                <TextEquiv>
                    <Unicode>do peccatum ex cupiditate est magis voluntarium quam peccatum ex timore: nam qui ex timore opera¬</Unicode>
                </TextEquiv>
            </TextLine>
            <TextLine id="r1l5" custom="readingOrder {index:3;}">
                <Coords points="484,498 2173,502 2173,451 1999,441 484,451"/>
                <Baseline points="494,485 577,485 660,483 744,483 827,483 911,483 994,482 1077,482 1161,482 1244,482 1328,482 1411,482 1494,482 1578,482 1661,482 1745,482 1828,482 1911,482 1995,482 2078,482 2162,482"/>
                <TextEquiv>
                    <Unicode>tur ille quodammodo inuitus &amp; cum displicentia operatur, signanter si est iustus timor. Hinc timor</Unicode>
                </TextEquiv>
            </TextLine>
            <TextLine id="r1l6" custom="readingOrder {index:4;}">
                <Coords points="481,544 2163,549 2178,500 481,502"/>
                <Baseline points="491,533 574,533 658,531 742,531 826,531 910,531 994,530 1077,530 1161,530 1245,530 1329,530 1413,528 1497,528 1581,528 1664,528 1748,528 1832,528 1916,528 2000,530 2084,530 2168,530"/>
                <TextEquiv>
                    <Unicode>cadens in constantem virum impedit matrimonium contrahendum &amp; dirimit contractum, non au¬</Unicode>
                </TextEquiv>
            </TextLine>
            <TextLine id="r1l7" custom="readingOrder {index:5;}">
                <Coords points="481,592 2170,595 2170,546 2062,538 481,544"/>
                <Baseline points="492,581 575,581 658,581 742,581 825,579 908,579 992,579 1075,579 1158,579 1242,578 1325,578 1408,578 1492,578 1575,578 1658,578 1742,576 1825,576 1908,576 1992,576 2075,576 2159,575"/>
                <TextEquiv>
                    <Unicode>tem cupiditas. ⁋ Secunda propositio. ludex cupiditate corruptus plus peccat quam pars corrumpens, cum</Unicode>
                </TextEquiv>
            </TextLine>
            <TextLine id="r1l8" custom="readingOrder {index:6;}">
                <Coords points="484,639 1962,649 2155,595 483,592"/>
                <Baseline points="495,627 577,627 660,627 742,627 825,627 907,627 990,627 1072,626 1155,626 1237,626 1320,626 1402,624 1485,624 1567,624 1650,624 1732,624 1815,623 1897,623 1980,623 2062,623 2145,623"/>
                <TextEquiv>
                    <Unicode>iudex obligetur iure communi sicut &amp; pars, &amp; cum hoc iure speciali tanquam iudex, igitur plus peccat.</Unicode>
                </TextEquiv>
            </TextLine>
            <TextLine id="r1l9" custom="readingOrder {index:7;}">
                <Coords points="490,690 2098,695 2179,690 2179,626 490,639"/>
                <Baseline points="500,678 583,677 666,677 750,675 833,675 917,674 1000,674 1083,674 1167,672 1250,672 1334,672 1417,672 1500,672 1584,672 1667,672 1751,672 1834,672 1917,672 2001,671 2084,671 2168,671"/>
                <TextEquiv>
                    <Unicode>⁋ Tertia propositio. ludex magno timore corruptus minus peccat quam pars corrumpens. Patet quia</Unicode>
                </TextEquiv>
            </TextLine>
            <TextLine id="r1l10" custom="readingOrder {index:8;}">
                <Coords points="491,732 2177,734 2177,691 2075,681 491,692"/>
                <Baseline points="501,723 584,723 667,722 750,722 834,722 917,722 1000,720 1083,720 1167,720 1250,719 1333,719 1416,719 1500,719 1583,717 1666,717 1749,717 1833,717 1916,717 1999,717 2082,717 2166,719"/>
                <TextEquiv>
                    <Unicode>eius peccatum est minus voluntarium. Eius enim actus est mixtus ex voluntario &amp; inuolunta¬</Unicode>
                </TextEquiv>
            </TextLine>
            <TextLine id="r1l11" custom="readingOrder {index:9;}">
                <Coords points="493,777 2184,781 2133,728 493,732"/>
                <Baseline points="503,770 586,770 670,770 753,768 837,768 920,768 1004,768 1087,768 1171,767 1254,767 1338,767 1422,767 1505,765 1589,765 1672,765 1756,765 1839,765 1923,764 2006,764 2090,764 2174,764"/>
                <TextEquiv>
                    <Unicode>rio, partis autem actus pure voluntarius. Hinc Pilatus timore perdendi officii Christum inique iu¬</Unicode>
                </TextEquiv>
            </TextLine>
            <TextLine id="r1l12" custom="readingOrder {index:10;}">
                <Coords points="493,826 2101,833 2168,780 492,777"/>
                <Baseline points="504,816 586,816 669,816 751,816 834,815 917,815 999,815 1082,815 1165,815 1247,813 1330,813 1413,813 1495,813 1578,812 1661,812 1743,812 1826,812 1909,812 1991,812 2074,812 2157,812"/>
                <TextEquiv>
                    <Unicode>dicans, minus peccauit quam ludas &amp; ludaei tradentes Christum Pilato, secundum verbum Christi ad Pi¬</Unicode>
                </TextEquiv>
            </TextLine>
            <TextLine id="r1l14" custom="readingOrder {index:11;}">
                <Coords points="479,873 2166,877 2166,822 479,826"/>
                <Baseline points="491,863 574,863 657,863 740,863 824,863 907,863 990,863 1073,862 1157,861 1240,861 1323,861 1406,860 1490,860 1573,860 1656,860 1739,860 1823,860 1906,860 1989,860 2072,860 2156,861"/>
                <TextEquiv>
                    <Unicode>latum loannis vndeuigesimo. Qui me tradidit maius peccatum habet. ⁋ Contra illud argumentor.</Unicode>
                </TextEquiv>
            </TextLine>
            <TextLine id="r1l15" custom="readingOrder {index:12;}">
                <Coords points="490,921 2170,923 2170,877 2054,871 490,875"/>
                <Baseline points="500,909 583,909 666,909 749,909 832,909 915,909 998,909 1081,909 1164,908 1247,908 1330,908 1413,906 1496,906 1579,906 1662,906 1745,905 1828,905 1911,906 1994,906 2077,906 2160,908"/>
                <TextEquiv>
                    <Unicode>Plus peccat qui in plures peccat, at pars corrumpens in plures peccat quam iudex, quia in iudicem quem</Unicode>
                </TextEquiv>
            </TextLine>
            <TextLine id="r1l16" custom="readingOrder {index:13;}">
                <Coords points="484,970 2171,964 2062,913 484,930"/>
                <Baseline points="495,957 578,957 661,957 744,956 828,956 911,956 994,956 1077,956 1161,954 1244,954 1327,954 1410,954 1494,953 1577,953 1660,953 1743,953 1827,953 1910,953 1993,953 2076,954 2160,954"/>
                <TextEquiv>
                    <Unicode>ad peccatum inducit, &amp; etiam in partem aduersam, iudex autem peccat tantum in partem. ⁋ Secundo ma¬</Unicode>
                </TextEquiv>
            </TextLine>
            <TextLine id="r1l17" custom="readingOrder {index:14;}">
                <Coords points="480,1023 2173,1017 2173,972 2090,962 480,970"/>
                <Baseline points="491,1005 574,1005 658,1005 741,1004 825,1004 909,1004 992,1002 1076,1002 1159,1002 1243,1002 1327,1001 1410,1001 1494,1001 1577,1001 1661,1001 1745,1001 1828,1001 1912,1001 1995,1001 2079,1001 2163,1002"/>
                <TextEquiv>
                    <Unicode>gis peccat ille qui subtrahit bona animae &amp; fortunas quam auferens bona animae tantum, at pars corrumpens</Unicode>
                </TextEquiv>
            </TextLine>
            <TextLine id="r1l18" custom="readingOrder {index:15;}">
                <Coords points="475,1060 2068,1065 2170,1062 2170,1016 475,1021"/>
                <Baseline points="485,1050 568,1050 652,1050 736,1050 820,1050 903,1050 987,1050 1071,1050 1155,1049 1238,1049 1322,1049 1406,1049 1490,1047 1573,1047 1657,1047 1741,1047 1825,1047 1908,1047 1992,1047 2076,1049 2160,1049"/>
                <TextEquiv>
                    <Unicode>tollit bona animae iudicis &amp; bona fortunae partis aduersae. ludex autem per iniquam sententiam sola</Unicode>
                </TextEquiv>
            </TextLine>
            <TextLine id="r1l19" custom="readingOrder {index:16;}">
                <Coords points="478,1108 2094,1119 2179,1110 2179,1053 478,1059"/>
                <Baseline points="489,1097 573,1097 657,1098 741,1098 825,1098 909,1098 993,1098 1077,1097 1161,1097 1245,1097 1329,1095 1413,1095 1497,1095 1581,1094 1665,1094 1749,1094 1833,1094 1917,1094 2001,1095 2085,1095 2169,1097"/>
                <TextEquiv>
                    <Unicode>bona exteriora tollit: igitur. ⁋ Tertio plus peccat qui plus facit quam dimidium totius operis mali quam ille</Unicode>
                </TextEquiv>
            </TextLine>
            <TextLine id="r1l20" custom="readingOrder {index:17;}">
                <Coords points="478,1164 2164,1162 2164,1116 477,1108"/>
                <Baseline points="488,1145 571,1145 654,1145 737,1145 821,1145 904,1145 987,1143 1071,1143 1154,1143 1237,1143 1321,1142 1404,1142 1487,1142 1570,1142 1654,1142 1737,1142 1820,1142 1904,1142 1987,1142 2070,1143 2154,1143"/>
                <TextEquiv>
                    <Unicode>qui facit residuum. At pars corrumpens iudicem est huiusmodi, facit enim principium quod videtur</Unicode>
                </TextEquiv>
            </TextLine>
            <TextLine id="r1l21" custom="readingOrder {index:18;}">
                <Coords points="486,1208 2130,1211 2164,1163 486,1164"/>
                <Baseline points="497,1191 579,1191 662,1191 745,1191 828,1191 911,1191 994,1191 1076,1191 1159,1190 1242,1190 1325,1190 1408,1188 1491,1188 1574,1188 1656,1188 1739,1188 1822,1188 1905,1188 1988,1189 2071,1190 2154,1191"/>
                <TextEquiv>
                    <Unicode>esse plus quam dimidium totius ⁋ Ad primum respondetur concedendo maiorem, paritate hincinde da</Unicode>
                </TextEquiv>
            </TextLine>
            <TextLine id="r1l23" custom="readingOrder {index:19;}">
                <Coords points="486,1250 2173,1253 2173,1211 2035,1198 486,1208"/>
                <Baseline points="497,1239 580,1239 663,1239 746,1238 830,1238 913,1238 996,1238 1080,1236 1163,1236 1246,1236 1330,1236 1413,1235 1496,1235 1579,1235 1663,1235 1746,1235 1829,1235 1913,1236 1996,1236 2079,1236 2163,1238"/>
                <TextEquiv>
                    <Unicode>ta iudex in vnam partem peccat quam in peccato alit, &amp; alter facit iniuriam sicut pars. ⁋ Ad secun¬</Unicode>
                </TextEquiv>
            </TextLine>
            <TextLine id="r1l25" custom="readingOrder {index:20;}">
                <Coords points="490,1304 2165,1306 2165,1255 2025,1247 490,1251"/>
                <Baseline points="500,1286 582,1286 665,1286 748,1284 830,1284 913,1284 996,1284 1078,1284 1161,1283 1244,1283 1327,1283 1409,1283 1492,1283 1575,1283 1657,1283 1740,1283 1823,1283 1905,1283 1988,1283 2071,1284 2154,1284"/>
                <TextEquiv>
                    <Unicode>dum dicitur quod bona animae non possunt tolli nisi ab habente animam. Secundo iudex alendo vnam</Unicode>
                </TextEquiv>
            </TextLine>
            <TextLine id="r1l26" custom="readingOrder {index:21;}">
                <Coords points="493,1344 2162,1354 2166,1307 492,1299"/>
                <Baseline points="503,1334 585,1334 668,1332 750,1332 833,1332 916,1332 998,1331 1081,1331 1164,1331 1246,1331 1329,1330 1412,1329 1494,1329 1577,1329 1660,1329 1742,1329 1825,1329 1908,1331 1990,1331 2073,1331 2156,1332"/>
                <TextEquiv>
                    <Unicode>partem in prauitate tollit bona animae illius sicut bona animae subtrahuntur a iudice. ⁋ Ad tertium</Unicode>
                </TextEquiv>
            </TextLine>
            <TextLine id="r1l28" custom="readingOrder {index:22;}">
                <Coords points="477,1397 2177,1401 2130,1341 477,1353"/>
                <Baseline points="488,1380 571,1380 655,1380 739,1380 823,1379 907,1379 991,1379 1075,1378 1159,1377 1243,1377 1327,1377 1410,1377 1494,1377 1578,1377 1662,1377 1746,1377 1830,1377 1914,1377 1998,1377 2082,1379 2166,1379"/>
                <TextEquiv>
                    <Unicode>distinguo minorem quod pars plus facit quam dimidium totius, vel quo ad iniquitatem &amp; sic negatur, iu¬</Unicode>
                </TextEquiv>
            </TextLine>
            <TextLine id="r1l29" custom="readingOrder {index:23;}">
                <Coords points="478,1446 2170,1445 2170,1401 1960,1388 478,1397"/>
                <Baseline points="488,1428 571,1428 655,1428 738,1427 822,1427 906,1427 989,1427 1073,1425 1156,1425 1240,1425 1324,1425 1407,1424 1491,1424 1574,1424 1658,1424 1742,1424 1825,1425 1909,1425 1992,1425 2076,1427 2160,1427"/>
                <TextEquiv>
                    <Unicode>dex enim parte inchoante est liber ad dissentire: vel quo ad difficultatem &amp; perfectionem ope¬</Unicode>
                </TextEquiv>
            </TextLine>
            <TextLine id="r1l30" custom="readingOrder {index:24;}">
                <Coords points="492,1497 2160,1492 2136,1437 492,1440"/>
                <Baseline points="503,1476 585,1475 667,1475 750,1474 832,1473 914,1473 997,1473 1079,1472 1161,1472 1244,1472 1326,1472 1408,1472 1491,1472 1573,1472 1655,1472 1738,1472 1820,1472 1902,1472 1985,1472 2067,1473 2150,1473"/>
                <TextEquiv>
                    <Unicode>ris transeat, sed hoc non sufficit ⁋ Ad sextam haesitationem respondemus quod Prisci gentiles in thea</Unicode>
                </TextEquiv>
            </TextLine>
            <TextLine id="r1l32" custom="readingOrder {index:25;}">
                <Coords points="482,1533 2160,1541 2133,1484 482,1489"/>
                <Baseline points="494,1521 576,1521 659,1521 742,1520 825,1520 908,1520 990,1520 1073,1520 1156,1518 1239,1518 1322,1518 1404,1518 1487,1518 1570,1518 1653,1518 1736,1518 1818,1520 1901,1520 1984,1520 2067,1521 2150,1521"/>
                <TextEquiv>
                    <Unicode>tris ac delubris statuas, simulachra &amp; similia ornamenta in illorum memoriam qui de re publica be</Unicode>
                </TextEquiv>
            </TextLine>
            <TextLine id="r1l34" custom="readingOrder {index:26;}">
                <Coords points="485,1581 2159,1579 2099,1530 485,1534"/>
                <Baseline points="495,1568 577,1566 660,1566 742,1566 825,1566 908,1566 990,1566 1073,1565 1156,1565 1238,1565 1321,1565 1404,1565 1486,1565 1569,1565 1652,1566 1734,1566 1817,1566 1900,1566 1982,1567 2065,1568 2148,1568"/>
                <TextEquiv>
                    <Unicode>ne meriti essent posuerunt. Non alia de causa Ceres dea frugum vocabatur nisi quod hominibus glan¬</Unicode>
                </TextEquiv>
            </TextLine>
            <TextLine id="r1l35" custom="readingOrder {index:27;}">
                <Coords points="486,1629 2158,1637 2126,1577 486,1580"/>
                <Baseline points="497,1616 579,1616 662,1614 744,1614 827,1614 909,1613 992,1613 1074,1613 1157,1613 1239,1613 1322,1613 1405,1613 1487,1613 1570,1613 1652,1614 1735,1614 1817,1614 1900,1614 1982,1614 2065,1614 2148,1614"/>
                <TextEquiv>
                    <Unicode>de vescentibus frumentum tradidit, ac molere, pinsere, panem facere finitimos docuit, hinc nomen deae</Unicode>
                </TextEquiv>
            </TextLine>
            <TextLine id="r1l36" custom="readingOrder {index:28;}">
                <Coords points="484,1672 2168,1674 2168,1633 2041,1625 484,1629"/>
                <Baseline points="494,1662 577,1662 660,1662 743,1662 826,1661 909,1661 992,1661 1076,1661 1159,1661 1242,1661 1325,1661 1408,1661 1491,1661 1574,1661 1658,1661 1741,1661 1824,1661 1907,1661 1990,1662 2073,1662 2157,1664"/>
                <TextEquiv>
                    <Unicode>tulit. Et propter peritiam astronomicam Athlantem caelum torquere &amp; humeris sustinere finxere.</Unicode>
                </TextEquiv>
            </TextLine>
            <TextLine id="r1l37" custom="readingOrder {index:29;}">
                <Coords points="480,1731 2167,1730 2145,1673 480,1673"/>
                <Baseline points="491,1712 574,1710 657,1710 740,1709 824,1709 907,1709 990,1709 1074,1708 1157,1707 1240,1707 1324,1707 1407,1707 1490,1709 1573,1709 1657,1709 1740,1709 1823,1709 1907,1709 1990,1709 2073,1709 2157,1709"/>
                <TextEquiv>
                    <Unicode>Et quia Aolus ventorum vtilitatem nauigantes docuit, ventorum deus fingebatur. Ita quoque Amal¬</Unicode>
                </TextEquiv>
            </TextLine>
            <TextLine id="r1l38" custom="readingOrder {index:30;}">
                <Coords points="478,1780 2168,1781 2168,1728 2035,1720 478,1722"/>
                <Baseline points="489,1757 572,1757 655,1757 739,1757 822,1755 906,1755 989,1755 1072,1755 1156,1755 1239,1755 1323,1755 1406,1755 1489,1755 1573,1755 1656,1755 1740,1755 1823,1755 1906,1755 1990,1757 2073,1757 2157,1757"/>
                <TextEquiv>
                    <Unicode>phis seu magnes diuinos honores inter nautas meruit, quia magnetis vsum primo sulcantibus vn¬</Unicode>
                </TextEquiv>
            </TextLine>
            <TextLine id="r1l39" custom="readingOrder {index:31;}">
                <Coords points="475,1818 2153,1822 2092,1765 475,1778"/>
                <Baseline points="485,1805 567,1805 650,1803 733,1803 816,1803 899,1803 982,1803 1064,1803 1147,1802 1230,1802 1313,1802 1396,1802 1479,1802 1562,1802 1644,1802 1727,1803 1810,1803 1893,1803 1976,1803 2059,1805 2142,1805"/>
                <TextEquiv>
                    <Unicode>dabundum mare monstrauit, cum antehac ad siderum obseruationem cursum dirigerent &amp; nubilo</Unicode>
                </TextEquiv>
            </TextLine>
            <TextLine id="r1l40" custom="readingOrder {index:32;}">
                <Coords points="478,1864 2158,1868 2158,1821 2065,1815 478,1824"/>
                <Baseline points="489,1851 576,1851 663,1851 750,1851 838,1851 925,1851 1012,1851 1100,1850 1187,1850 1274,1850 1362,1850 1449,1850 1536,1850 1624,1850 1711,1850 1798,1850 1886,1850 1973,1850 2060,1851 2148,1851"/>
                <TextEquiv>
                    <Unicode>caelo saepenumero errarent. Modus vulgaris hominum erat illos iam vita functos deos appellitare.</Unicode>
                </TextEquiv>
            </TextLine>
            <TextLine id="r1l41" custom="readingOrder {index:33;}">
                <Coords points="483,1908 2157,1913 2157,1869 2068,1860 483,1864"/>
                <Baseline points="495,1901 577,1900 660,1899 742,1899 825,1899 908,1899 990,1898 1073,1898 1155,1898 1238,1898 1321,1896 1403,1896 1486,1896 1568,1896 1651,1896 1734,1896 1816,1896 1899,1896 1981,1898 2064,1898 2147,1898"/>
                <TextEquiv>
                    <Unicode>Recta erat generose philosophantium via vnicum deum agnoscere, sed cum vulgo hominum loque</Unicode>
                </TextEquiv>
            </TextLine>
            <TextLine id="r1l42" custom="readingOrder {index:34;}">
                <Coords points="479,1963 2146,1962 2125,1907 479,1908"/>
                <Baseline points="489,1947 571,1947 653,1947 735,1946 818,1946 900,1946 982,1945 1065,1944 1147,1944 1229,1944 1312,1944 1394,1944 1476,1944 1558,1944 1641,1944 1723,1944 1805,1944 1888,1944 1970,1944 2052,1944 2135,1944"/>
                <TextEquiv>
                    <Unicode>bantur licet scite sapiebant. In praesenti loco per deos consideratos homines philosophus intellexit.</Unicode>
                </TextEquiv>
            </TextLine>
            <TextLine id="r1l43" custom="readingOrder {index:35;}">
                <Coords points="491,2010 1840,2008 1840,1961 1745,1953 491,1959"/>
                <Baseline points="503,1995 569,1994 635,1994 702,1994 768,1994 834,1992 901,1992 967,1992 1033,1992 1100,1992 1166,1992 1232,1992 1299,1991 1365,1991 1431,1991 1498,1991 1564,1991 1630,1991 1697,1991 1763,1991 1830,1991"/>
                <TextEquiv>
                    <Unicode>Centoculus Argus semideus dici sic meruit. Hoc inter exponendum dixerimus.</Unicode>
                </TextEquiv>
            </TextLine>
            <TextLine id="r1l45" custom="readingOrder {index:36;}">
                <Coords points="493,2059 2144,2063 2159,1973 493,2009"/>
                <Baseline points="504,2042 586,2040 668,2040 750,2040 832,2040 915,2040 997,2039 1079,2039 1161,2039 1243,2039 1326,2039 1408,2039 1490,2039 1572,2039 1654,2039 1737,2039 1819,2039 1901,2039 1983,2039 2065,2040 2148,2040"/>
                <TextEquiv>
                    <Unicode>⁋ Ad vltimam dubitationem notetur quod iudex potest habere suspitiones contra probationes testium,</Unicode>
                </TextEquiv>
            </TextLine>
            <TextLine id="r1l46" custom="readingOrder {index:37;}">
                <Coords points="486,2097 2158,2101 2158,2061 1959,2047 486,2061"/>
                <Baseline points="497,2088 579,2088 662,2088 744,2088 827,2087 909,2087 992,2087 1074,2087 1157,2085 1239,2085 1322,2085 1404,2085 1487,2085 1569,2085 1652,2085 1734,2085 1817,2085 1899,2085 1982,2087 2064,2087 2147,2088"/>
                <TextEquiv>
                    <Unicode>vel certitudinem &amp; scientiam, extendendo scientiam ad euidentiam. hoc praemisso per duas conclu¬</Unicode>
                </TextEquiv>
            </TextLine>
            <TextLine id="r1l47" custom="readingOrder {index:38;}">
                <Coords points="484,2146 2164,2151 2164,2104 2079,2096 484,2097"/>
                <Baseline points="494,2136 577,2136 660,2135 743,2135 826,2135 909,2133 992,2133 1075,2133 1158,2133 1241,2133 1324,2133 1407,2133 1490,2133 1573,2133 1656,2133 1739,2133 1822,2133 1905,2133 1988,2133 2071,2135 2154,2135"/>
                <TextEquiv>
                    <Unicode>siones respondetur, quarum prior est. ludex debet sequi testimonium testium irrefragabilium in pro</Unicode>
                </TextEquiv>
            </TextLine>
            <TextLine id="r1l48" custom="readingOrder {index:39;}">
                <Coords points="482,2204 2159,2200 2159,2149 1937,2138 482,2147"/>
                <Baseline points="492,2184 574,2183 657,2183 740,2181 823,2181 906,2181 988,2180 1071,2180 1154,2180 1237,2180 1320,2180 1402,2180 1485,2180 1568,2180 1651,2181 1734,2181 1816,2181 1899,2181 1982,2183 2065,2183 2148,2183"/>
                <TextEquiv>
                    <Unicode>batione, esto quod ipse suspicetur oppositum esse verum. ⁋ Secunda conclusio. Probabile est quod etiam ipse</Unicode>
                </TextEquiv>
            </TextLine>
            <TextLine id="r1l49" custom="readingOrder {index:40;}">
                <Coords points="472,2255 2078,2251 2163,2198 472,2204"/>
                <Baseline points="483,2232 566,2231 650,2229 733,2229 817,2228 900,2228 984,2228 1067,2228 1151,2228 1234,2228 1318,2228 1401,2228 1485,2228 1568,2228 1652,2228 1735,2229 1819,2229 1902,2229 1986,2229 2069,2228 2153,2228"/>
                <TextEquiv>
                    <Unicode>potest sequi depositionem testium quos refellere nequit, esto quod sciat oppositum esse verum. Prior con¬</Unicode>
                </TextEquiv>
            </TextLine>
            <TextLine id="r1l50" custom="readingOrder {index:41;}">
                <Coords points="471,2288 2113,2298 2155,2236 471,2254"/>
                <Baseline points="482,2277 565,2277 648,2277 731,2277 814,2276 897,2276 980,2276 1064,2276 1147,2274 1230,2274 1313,2274 1396,2274 1479,2274 1562,2274 1646,2274 1729,2274 1812,2274 1895,2276 1978,2276 2061,2277 2145,2277"/>
                <TextEquiv>
                    <Unicode>clusio patet. Sicut enim se habent argumenta topica ad aliquam materiam in ordine ad euidentiam,</Unicode>
                </TextEquiv>
            </TextLine>
            <TextLine id="r1l51" custom="readingOrder {index:42;}">
                <Coords points="476,2337 2165,2345 2133,2288 476,2289"/>
                <Baseline points="486,2325 569,2325 652,2324 736,2324 819,2324 903,2322 986,2322 1069,2322 1153,2322 1236,2321 1320,2321 1403,2321 1486,2321 1570,2321 1653,2322 1737,2322 1820,2322 1903,2323 1987,2324 2070,2325 2154,2325"/>
                <TextEquiv>
                    <Unicode>ita se habent suspitiones ad claras probationes, sed topicae rationes quotquot sunt euidentiae cedunt.</Unicode>
                </TextEquiv>
            </TextLine>
            <TextLine id="r1l52" custom="readingOrder {index:43;}">
                <Coords points="474,2382 2159,2389 2142,2334 474,2336"/>
                <Baseline points="485,2372 568,2372 651,2370 734,2370 817,2370 900,2370 983,2370 1067,2369 1150,2369 1233,2369 1316,2369 1399,2369 1482,2369 1565,2369 1649,2370 1732,2370 1815,2370 1898,2370 1981,2372 2064,2372 2148,2373"/>
                <TextEquiv>
                    <Unicode>dicitur enim quod in modio rendi non est vola plena sciendi. hoc est quaecunque mensura opinionis nul¬</Unicode>
                </TextEquiv>
            </TextLine>
            <TextLine id="r1l53" custom="readingOrder {index:44;}">
                <Coords points="475,2431 2163,2438 2132,2382 475,2382"/>
                <Baseline points="485,2418 568,2418 651,2418 735,2418 818,2418 902,2418 985,2418 1068,2418 1152,2418 1235,2418 1319,2417 1402,2417 1485,2417 1569,2418 1652,2418 1736,2418 1819,2418 1902,2418 1986,2418 2069,2418 2153,2420"/>
                <TextEquiv>
                    <Unicode>lum gradum scientificum attingit. ⁋ Secunda conclusio probatur, quia opposito dato aperietur via</Unicode>
                </TextEquiv>
            </TextLine>
            <TextLine id="r1l54" custom="readingOrder {index:45;}">
                <Coords points="481,2482 2159,2482 2159,2436 2072,2427 481,2429"/>
                <Baseline points="492,2465 574,2465 657,2465 740,2465 823,2465 906,2465 988,2465 1071,2465 1154,2465 1237,2465 1320,2465 1402,2465 1485,2465 1568,2465 1651,2465 1734,2465 1816,2465 1899,2465 1982,2465 2065,2466 2148,2466"/>
                <TextEquiv>
                    <Unicode>iniquo iudici post omnem testium depositionem ad placitum iudicandi, dicendo quod ipse in occulto no</Unicode>
                </TextEquiv>
            </TextLine>
            <TextLine id="r1l55" custom="readingOrder {index:46;}">
                <Coords points="487,2526 2163,2530 2148,2483 1980,2475 487,2485"/>
                <Baseline points="498,2511 580,2511 663,2513 745,2513 828,2513 911,2513 993,2513 1076,2513 1159,2513 1241,2513 1324,2513 1407,2513 1489,2511 1572,2511 1655,2511 1737,2511 1820,2511 1903,2511 1985,2511 2068,2511 2151,2511"/>
                <TextEquiv>
                    <Unicode>uit oppositum, &amp; sic semper esset tergiuersatio in iudicio, quod est inconueniens. Secundo Deuterono</Unicode>
                </TextEquiv>
            </TextLine>
            <TextLine id="r1l56" custom="readingOrder {index:47;}">
                <Coords points="478,2572 2158,2579 2109,2520 478,2532"/>
                <Baseline points="488,2561 575,2561 662,2561 749,2561 837,2559 924,2559 1011,2559 1099,2559 1186,2559 1273,2559 1361,2558 1448,2558 1535,2558 1623,2558 1710,2558 1797,2558 1885,2558 1972,2558 2059,2558 2147,2558"/>
                <TextEquiv>
                    <Unicode>mii. xvii. In ore duorum vel trium stat omne verbum, sed iudex qui est lex animata secundum philo¬</Unicode>
                </TextEquiv>
            </TextLine>
            <TextLine id="r1l57" custom="readingOrder {index:48;}">
                <Coords points="475,2618 2151,2623 2083,2568 475,2572"/>
                <Baseline points="485,2609 567,2609 650,2609 733,2607 816,2607 899,2607 981,2607 1064,2607 1147,2606 1230,2606 1313,2606 1395,2606 1478,2604 1561,2604 1644,2604 1727,2604 1809,2604 1892,2604 1975,2604 2058,2604 2141,2606"/>
                <TextEquiv>
                    <Unicode>sophum, habet Titium innocentem ostensum testimonio irrefragabili nocentem, debet aut saltem</Unicode>
                </TextEquiv>
            </TextLine>
            <TextLine id="r1l58" custom="readingOrder {index:49;}">
                <Coords points="478,2671 2161,2675 2133,2618 478,2621"/>
                <Baseline points="488,2655 571,2655 654,2655 737,2655 820,2655 903,2654 986,2654 1069,2654 1152,2654 1235,2652 1319,2652 1402,2652 1485,2652 1568,2652 1651,2651 1734,2651 1817,2651 1900,2651 1983,2652 2066,2652 2150,2652"/>
                <TextEquiv>
                    <Unicode>potest depositionem testium sequi &amp; patet per cap. pastoralis de officio iudicis. delegati, &amp; est sententia</Unicode>
                </TextEquiv>
            </TextLine>
            <TextLine id="r1l59" custom="readingOrder {index:50;}">
                <Coords points="480,2720 2114,2727 2150,2673 480,2674"/>
                <Baseline points="491,2702 573,2702 655,2702 738,2702 820,2702 903,2702 985,2702 1067,2702 1150,2702 1232,2700 1315,2700 1397,2700 1479,2699 1562,2699 1644,2699 1727,2699 1809,2699 1891,2699 1974,2699 2056,2699 2139,2699"/>
                <TextEquiv>
                    <Unicode>beati Ambrosii super Beati immaculati, vt patet. iii. qui. vii. cap. iudicet. ludex tamen debet testes seorsum</Unicode>
                </TextEquiv>
            </TextLine>
            <TextLine id="r1l60" custom="readingOrder {index:51;}">
                <Coords points="478,2765 2059,2771 2165,2766 2165,2707 478,2719"/>
                <Baseline points="489,2748 572,2748 655,2748 738,2748 822,2748 905,2748 988,2748 1071,2748 1155,2748 1238,2748 1321,2747 1404,2747 1488,2747 1571,2747 1654,2747 1737,2747 1821,2747 1904,2745 1987,2745 2070,2745 2154,2745"/>
                <TextEquiv>
                    <Unicode>examinare more Danielis, &amp; facere quod in se est ad liberandum innocentem semper seruando ius con</Unicode>
                </TextEquiv>
            </TextLine>
            <TextLine id="r1l61" custom="readingOrder {index:52;}">
                <Coords points="475,2807 2149,2815 2149,2764 2049,2755 475,2765"/>
                <Baseline points="486,2796 568,2796 651,2796 733,2796 816,2796 899,2796 981,2796 1064,2796 1146,2795 1229,2795 1312,2795 1394,2795 1477,2794 1559,2793 1642,2793 1725,2793 1807,2793 1890,2792 1972,2792 2055,2792 2138,2792"/>
                <TextEquiv>
                    <Unicode>mune &amp; legis communis conditiones. Nec valet dicere: ad iudicem superiorem mittendus est, tum quia</Unicode>
                </TextEquiv>
            </TextLine>
            <TextLine id="r1l62" custom="readingOrder {index:53;}">
                <Coords points="480,2854 2150,2860 2150,2816 2056,2805 480,2807"/>
                <Baseline points="491,2843 573,2843 655,2843 738,2843 820,2843 903,2843 985,2843 1067,2843 1150,2843 1232,2843 1315,2841 1397,2841 1479,2841 1562,2841 1644,2841 1727,2840 1809,2840 1891,2840 1974,2840 2056,2840 2139,2840"/>
                <TextEquiv>
                    <Unicode>stat istum esse iudicem supremum. Tum secundo si esset iniquum sic iudicare, vitam innocentis ex¬</Unicode>
                </TextEquiv>
            </TextLine>
            <TextLine id="r1l63" custom="readingOrder {index:54;}">
                <Coords points="477,2914 2155,2908 2113,2850 477,2854"/>
                <Baseline points="488,2891 570,2891 653,2891 736,2891 819,2891 902,2891 984,2889 1067,2889 1150,2889 1233,2889 1316,2889 1398,2889 1481,2889 1564,2889 1647,2888 1730,2888 1812,2888 1895,2888 1978,2888 2061,2888 2144,2888"/>
                <TextEquiv>
                    <Unicode>poneret periculo mortis quod inconuenit, nec est necessarium relinquere officium. Nihil est dicere in </Unicode>
                </TextEquiv>
            </TextLine>
            <TextLine id="r1l64" custom="readingOrder {index:55;}">
                <Coords points="483,2954 2167,2964 2103,2896 483,2909"/>
                <Baseline points="494,2937 577,2937 660,2937 743,2937 826,2937 909,2937 992,2937 1075,2937 1158,2937 1241,2937 1325,2936 1408,2936 1491,2936 1574,2936 1657,2936 1740,2934 1823,2934 1906,2934 1989,2934 2072,2936 2156,2936"/>
                <TextEquiv>
                    <Unicode>criminalibus &amp; in magnis ciuilibus secundum veritatem iudicabit, secus est in minutis, quoniam si pro¬</Unicode>
                </TextEquiv>
            </TextLine>
            <TextLine id="r1l65" custom="readingOrder {index:56;}">
                <Coords points="471,2994 1275,3001 1275,2957 1239,2948 471,2960"/>
                <Baseline points="482,2985 521,2985 560,2984 599,2984 638,2984 677,2984 716,2984 756,2984 795,2985 834,2985 873,2985 912,2985 951,2985 990,2985 1030,2985 1069,2985 1108,2985 1147,2985 1186,2985 1225,2985 1265,2985"/>
                <TextEquiv>
                    <Unicode>cessus sit iustus idem est in magnis atque paruis.</Unicode>
                </TextEquiv>
            </TextLine>
            <TextLine id="r1l67" custom="readingOrder {index:57;}">
                <Coords points="484,3051 2155,3050 2155,3003 2020,2991 484,2994"/>
                <Baseline points="494,3033 576,3033 659,3033 741,3033 824,3033 906,3033 989,3033 1071,3032 1154,3032 1236,3032 1319,3032 1402,3032 1484,3032 1567,3032 1649,3032 1732,3032 1814,3030 1897,3030 1979,3030 2062,3030 2145,3029"/>
                <TextEquiv>
                    <Unicode>⁋ Contra hanc secundam conclusionem arguitur. ludicare contra veritatem est iudicare contra ius na¬</Unicode>
                </TextEquiv>
            </TextLine>
            <TextLine id="r1l69" custom="readingOrder {index:58;}">
                <Coords points="486,3092 2154,3096 2154,3050 2014,3039 486,3054"/>
                <Baseline points="497,3080 579,3080 661,3081 743,3081 826,3081 908,3081 990,3081 1072,3081 1155,3081 1237,3081 1319,3080 1401,3080 1484,3080 1566,3080 1648,3078 1730,3078 1813,3078 1895,3078 1977,3078 2059,3078 2142,3078"/>
                <TextEquiv>
                    <Unicode>turale, quod est ius diuinum. Exodi. xxiii Non suscipies vocem mendacii, neque in iudicio plurimorum</Unicode>
                </TextEquiv>
            </TextLine>
            <TextLine id="r1l70" custom="readingOrder {index:59;}">
                <Coords points="483,3145 2153,3146 2125,3087 483,3096"/>
                <Baseline points="494,3128 576,3128 658,3128 741,3128 823,3128 905,3128 988,3128 1070,3128 1152,3128 1235,3128 1317,3128 1399,3128 1482,3128 1564,3128 1646,3126 1729,3126 1811,3126 1893,3126 1976,3126 2058,3125 2141,3125"/>
                <TextEquiv>
                    <Unicode>acquiesces sententiae vt a veritate deuies. Secundo nullus innocens est ad mortem plectendus quando </Unicode>
                </TextEquiv>
            </TextLine>
            <TextLine id="r1l71" custom="readingOrder {index:60;}">
                <Coords points="484,3187 2085,3196 2155,3147 483,3145"/>
                <Baseline points="495,3176 577,3176 660,3176 742,3176 825,3176 907,3176 990,3176 1072,3176 1155,3176 1237,3176 1320,3176 1402,3176 1485,3176 1567,3176 1650,3174 1732,3174 1815,3174 1897,3173 1980,3173 2062,3171 2145,3171"/>
                <TextEquiv>
                    <Unicode>est scitus talis, Titius est huinsmodi vt nouit iudex: igitur. Tertio potius debet iudex sinere scanda¬</Unicode>
                </TextEquiv>
            </TextLine>
            <TextLine id="r1l72" custom="readingOrder {index:61;}">
                <Coords points="487,3231 2150,3241 2149,3182 486,3187"/>
                <Baseline points="498,3224 580,3224 662,3224 744,3224 826,3224 908,3224 990,3224 1072,3224 1154,3224 1236,3224 1318,3224 1400,3224 1482,3224 1564,3222 1646,3222 1728,3222 1810,3221 1892,3221 1974,3221 2056,3219 2139,3219"/>
                <TextEquiv>
                    <Unicode>lum oriri in republica quam veritatem deserere agnitam. Vtilius enim scandalum nasci permittitur quam</Unicode>
                </TextEquiv>
            </TextLine>
            <TextLine id="line_1613861401897_2395" custom="readingOrder {index:62;}">
                <Coords points="446,3276 2156,3279 2116,3226 446,3228"/>
                <Baseline points="458,3267 545,3269 639,3270 733,3272 827,3273 921,3273 1015,3273 1109,3273 1204,3273 1298,3273 1392,3272 1486,3272 1580,3270 1674,3270 1768,3269 1862,3269 1956,3267 2050,3267 2145,3267"/>
                <TextEquiv>
                    <Unicode>n veritas relinquatur de re. iu. cap. qui scandalisauerit. ⁋ Ad primum dicitur hoc est verum nisi probe</Unicode>
                </TextEquiv>
            </TextLine>
            <TextLine id="r1l75" custom="readingOrder {index:63;}">
                <Coords points="472,3361 2090,3356 2171,3286 471,3287"/>
                <Baseline points="483,3317 566,3320 650,3321 734,3323 818,3323 902,3324 986,3324 1069,3324 1153,3324 1237,3323 1321,3323 1405,3323 1489,3321 1573,3321 1656,3320 1740,3320 1824,3318 1908,3318 1992,3318 2076,3318 2160,3318"/>
                <TextEquiv>
                    <Unicode>tur testibus omni exceptione maioribus oppositum. ⁋ Ad secundum similiter respondetur. ⁋ Ad</Unicode>
                </TextEquiv>
            </TextLine>
            <TextEquiv>
                <Unicode>His praegustatis respondetur per propositiones: quarum prima est. ludex cupiditate corruptus plus
peccat quam timore corruptus. Probatio, peccatum tanto est grauius quanto est magis voluntarium. Mo¬
do peccatum ex cupiditate est magis voluntarium quam peccatum ex timore: nam qui ex timore opera¬
tur ille quodammodo inuitus &amp; cum displicentia operatur, signanter si est iustus timor. Hinc timor
cadens in constantem virum impedit matrimonium contrahendum &amp; dirimit contractum, non au¬
tem cupiditas. ⁋ Secunda propositio. ludex cupiditate corruptus plus peccat quam pars corrumpens, cum
iudex obligetur iure communi sicut &amp; pars, &amp; cum hoc iure speciali tanquam iudex, igitur plus peccat.
⁋ Tertia propositio. ludex magno timore corruptus minus peccat quam pars corrumpens. Patet quia
eius peccatum est minus voluntarium. Eius enim actus est mixtus ex voluntario &amp; inuolunta¬
rio, partis autem actus pure voluntarius. Hinc Pilatus timore perdendi officii Christum inique iu¬
dicans, minus peccauit quam ludas &amp; ludaei tradentes Christum Pilato, secundum verbum Christi ad Pi¬
latum loannis vndeuigesimo. Qui me tradidit maius peccatum habet. ⁋ Contra illud argumentor.
Plus peccat qui in plures peccat, at pars corrumpens in plures peccat quam iudex, quia in iudicem quem
ad peccatum inducit, &amp; etiam in partem aduersam, iudex autem peccat tantum in partem. ⁋ Secundo ma¬
gis peccat ille qui subtrahit bona animae &amp; fortunas quam auferens bona animae tantum, at pars corrumpens
tollit bona animae iudicis &amp; bona fortunae partis aduersae. ludex autem per iniquam sententiam sola
bona exteriora tollit: igitur. ⁋ Tertio plus peccat qui plus facit quam dimidium totius operis mali quam ille
qui facit residuum. At pars corrumpens iudicem est huiusmodi, facit enim principium quod videtur
esse plus quam dimidium totius ⁋ Ad primum respondetur concedendo maiorem, paritate hincinde da
ta iudex in vnam partem peccat quam in peccato alit, &amp; alter facit iniuriam sicut pars. ⁋ Ad secun¬
dum dicitur quod bona animae non possunt tolli nisi ab habente animam. Secundo iudex alendo vnam
partem in prauitate tollit bona animae illius sicut bona animae subtrahuntur a iudice. ⁋ Ad tertium
distinguo minorem quod pars plus facit quam dimidium totius, vel quo ad iniquitatem &amp; sic negatur, iu¬
dex enim parte inchoante est liber ad dissentire: vel quo ad difficultatem &amp; perfectionem ope¬
ris transeat, sed hoc non sufficit ⁋ Ad sextam haesitationem respondemus quod Prisci gentiles in thea
tris ac delubris statuas, simulachra &amp; similia ornamenta in illorum memoriam qui de re publica be
ne meriti essent posuerunt. Non alia de causa Ceres dea frugum vocabatur nisi quod hominibus glan¬
de vescentibus frumentum tradidit, ac molere, pinsere, panem facere finitimos docuit, hinc nomen deae
tulit. Et propter peritiam astronomicam Athlantem caelum torquere &amp; humeris sustinere finxere.
Et quia Aolus ventorum vtilitatem nauigantes docuit, ventorum deus fingebatur. Ita quoque Amal¬
phis seu magnes diuinos honores inter nautas meruit, quia magnetis vsum primo sulcantibus vn¬
dabundum mare monstrauit, cum antehac ad siderum obseruationem cursum dirigerent &amp; nubilo
caelo saepenumero errarent. Modus vulgaris hominum erat illos iam vita functos deos appellitare.
Recta erat generose philosophantium via vnicum deum agnoscere, sed cum vulgo hominum loque
bantur licet scite sapiebant. In praesenti loco per deos consideratos homines philosophus intellexit.
Centoculus Argus semideus dici sic meruit. Hoc inter exponendum dixerimus.
⁋ Ad vltimam dubitationem notetur quod iudex potest habere suspitiones contra probationes testium,
vel certitudinem &amp; scientiam, extendendo scientiam ad euidentiam. hoc praemisso per duas conclu¬
siones respondetur, quarum prior est. ludex debet sequi testimonium testium irrefragabilium in pro
batione, esto quod ipse suspicetur oppositum esse verum. ⁋ Secunda conclusio. Probabile est quod etiam ipse
potest sequi depositionem testium quos refellere nequit, esto quod sciat oppositum esse verum. Prior con¬
clusio patet. Sicut enim se habent argumenta topica ad aliquam materiam in ordine ad euidentiam,
ita se habent suspitiones ad claras probationes, sed topicae rationes quotquot sunt euidentiae cedunt.
dicitur enim quod in modio rendi non est vola plena sciendi. hoc est quaecunque mensura opinionis nul¬
lum gradum scientificum attingit. ⁋ Secunda conclusio probatur, quia opposito dato aperietur via
iniquo iudici post omnem testium depositionem ad placitum iudicandi, dicendo quod ipse in occulto no
uit oppositum, &amp; sic semper esset tergiuersatio in iudicio, quod est inconueniens. Secundo Deuterono
mii. xvii. In ore duorum vel trium stat omne verbum, sed iudex qui est lex animata secundum philo¬
sophum, habet Titium innocentem ostensum testimonio irrefragabili nocentem, debet aut saltem
potest depositionem testium sequi &amp; patet per cap. pastoralis de officio iudicis. delegati, &amp; est sententia
beati Ambrosii super Beati immaculati, vt patet. iii. qui. vii. cap. iudicet. ludex tamen debet testes seorsum
examinare more Danielis, &amp; facere quod in se est ad liberandum innocentem semper seruando ius con
mune &amp; legis communis conditiones. Nec valet dicere: ad iudicem superiorem mittendus est, tum quia
stat istum esse iudicem supremum. Tum secundo si esset iniquum sic iudicare, vitam innocentis ex¬
poneret periculo mortis quod inconuenit, nec est necessarium relinquere officium. Nihil est dicere in 
criminalibus &amp; in magnis ciuilibus secundum veritatem iudicabit, secus est in minutis, quoniam si pro¬
cessus sit iustus idem est in magnis atque paruis.
⁋ Contra hanc secundam conclusionem arguitur. ludicare contra veritatem est iudicare contra ius na¬
turale, quod est ius diuinum. Exodi. xxiii Non suscipies vocem mendacii, neque in iudicio plurimorum
acquiesces sententiae vt a veritate deuies. Secundo nullus innocens est ad mortem plectendus quando 
est scitus talis, Titius est huinsmodi vt nouit iudex: igitur. Tertio potius debet iudex sinere scanda¬
lum oriri in republica quam veritatem deserere agnitam. Vtilius enim scandalum nasci permittitur quam
n veritas relinquatur de re. iu. cap. qui scandalisauerit. ⁋ Ad primum dicitur hoc est verum nisi probe
tur testibus omni exceptione maioribus oppositum. ⁋ Ad secundum similiter respondetur. ⁋ Ad</Unicode>
            </TextEquiv>
        </TextRegion>
    </Page>
</PcGts>
