2337 3610
430 260 2130 351 ob vniuersale. Haec enim est causa, vt non omnia sint lege: quia de quibusdam impossibile est
430 339 2127 403 ponere legem. Quare decreto est opus. Indefinitae nanque rei, indefinita & regula est, sicut &
424 397 2121 470 aedificationis Lesbiae plumbea norma. Ad lapidis enim figuram mutatur: & non manet. &
436 442 2120 514 decretum ad res ipsas simili modo. patet igitur quid est aequum & bonum: & esse iustum &
424 506 2121 576 quo iusto praestabilius est. Ex quo etiam emergit: quisnam sit homo bonus & aequus. Est enim
425 560 2116 622 is qui talia eligit atque agit: & qui non exacte iustum in deteriorem exequitur partem: sed
430 611 2110 683 imminuit tametsi legem adiutricem ad illud habet & habitus hic aequitas & bonitas est.
430 673 1565 737 quae quidem iustitia quaedam: & non alius quisquam habitus est.
558 792 2120 881 Einceps autem &c. Consequens est autem de bono & aequo quemadmodum bonitas & aequitas se habeant
490 811 2106 929 ad iustitiam ac bonum & aequum ad iustum, hoc est ad eius obiectum determinationem suscipere, haec aequi
553 907 2116 978 tas apud veterem traductionem epiicia vocatur, vulgus epicaiam vocat. Et aequitatem quadrifa¬
418 942 2107 1026 riam iusto legali comparat. Primo nanque considerantibus, neque idem simpliciter est iustitiae & iusto, Secundo: neque
430 999 2113 1072 venere diuersa esse videntur, sed iustitia & aequitas ad idem genus spectant. Tertio aequitas est laudabilior iu
424 1042 2110 1120 sto. Nam plerumque aequum & bonum laudamus vt virum talem, non vt iustum. Quarto est iusto melior aequus,
420 1092 2111 1166 & nomen aequi & boni ad alia amplius commendanda pro bono transferunt: ex additione aequi quicquam me
430 1139 2110 1205 lius & nobilius esse significantes: quoniam iustum legale aequitas dirigit, est iusto legali melior. Vbique enim
423 1193 2118 1257 dirigens est praestabilius illo quod per ipsum dirigitur. lam in oppositum disceptat. Ex opposito vero ratio¬
422 1240 2117 1308 nem sequentibus saepius occurrit absolutum omnino esse aequum & bonum laudabile esse si aequum & bonum
411 1283 2108 1351 iustum non extiterit, sane aut iustum studiosum non est, aut si vtrumque studiosum est, iustum aequum & bonum
423 1328 2110 1392 idem esse videbuntur. Nanque studiose percurrendo nullum aliud in mentem venit cui in aequum & bonum ad¬
421 1374 2117 1446 iungamus: & haec de aequo & bono difficultatem afferunt: ea propter de eo discussionem suscipere conuenit.
419 1422 2110 1494 Respondens obiectionibus tam ad partem affirmatiuam quam ad negatiuam factis primo dicit recte se habent ali¬
425 1475 2114 1545 quo modo omnia: & sibi non obuersantur aequum & bonum, & iustum est aliquo modo praestantius: & non
425 1526 2112 1588 vt aliquod aliud genus a iusto, quia sub naturali includitur. ldem est ergo iustum, aequum & bonum. At ve¬
424 1570 2096 1639 ro id iustum quod est secundum legem non est idem cum iusto legitimo seruando verba legis, sed cum iusto
410 1613 2109 1686 naturali: sed est emendatio iusti legitimi, ergo est ipso melius. Causa autem est. lex omnis vniuersalis est &
421 1660 2110 1735 non potest dari de omnibus: & vniuersalis multa includit in cuius singularibus communiter eadem est ra¬
419 1706 2108 1778 tio: hinc est vniuersalis. atqui fieri nequit vt de quibusdam contingentibus lex vniuersaliter feratur. In
418 1752 2103 1830 quibus igitur legem ferre operaeprecium est, & recte vniuersaliter intelligi non potest. In talibus lex capit
425 1808 2093 1866 id quod in pluribus in vsu est, peccatum intelligens. Sicut naturalis dicit hominem cum quinque digitis
410 1846 2105 1921 nasci, sciens tamen ob peccatum oppositum quandoque euenire: nihilo tamen secius ea lex recta est: Peccatum
412 1899 2095 1970 enim non est in lege, nec in legislatore: sed in ipsa rei natura. Continuo namque rerum earum quae sub actionem cadunt
415 1941 2093 2018 materia talis est, vt vniuersali lege numquam satis comprehendantur, quin quicquam vbique subtrahendum excipiendumque
416 1999 2098 2056 occurrat. Sicut in grammatica a regulis communibus multae sunt exceptiones. Nec in humanis operibus
419 2042 2101 2111 ob diuersitatem figendus est limes: ergo legem emendari saepius convenit. Probatur. Siquidem cum lex de aliquibus vniuer
421 2084 2095 2150 saliter stabilita est aliquid praeter vniuersale inueniatur aequum est: vt ex ea parte qua legislator omisit, & absolute
412 2140 2093 2206 nihildemendo loquutus est, castigetur quod deest: & nimirum idiustum & rectum est. Nam si ipse legislator adesset, isto mon
421 2178 2093 2254 fecisset: & si aliquid ita emersurum praecognouisset vtique dixisset, licet iam legem tulerit. Quamobrem iu¬
415 2226 2095 2293 stum est & melius aliquo iusto, non stando in distributione termini iusto, sed perinde ac si staret determina
416 2280 2099 2350 te, puta iusto legali est melius, non eo quod est simpliciter, hoc est iusto in vniuersali: quia non est melius iusto
419 2324 2110 2398 naturali quod semper tenet. Sed eo quod propter simplicitatem peccat non est hic sermo de peccato in mo¬
406 2368 2095 2447 ribus, sed de deuiatione illius quod coducit, quemadmodum secundo physicorum dicitur, monstrum est pec
406 2428 2099 2498 catum in natura. ⁋ Alia conclusio, quia iusta secundum leges faciunda sunt, decreto & iudicio boni & aequi
419 2470 2095 2537 opus est. Siquidem munus boni & aequi est legis emendatio: ea ex parte qua ob vniuersale deest. ld enim
415 2518 2100 2591 causae est vt non omnia secundum legis expressionem fiant: quia de quibusdam expressam sententiam fer¬
406 2560 2103 2637 re impossibile est, indefinite siue indeterminate rei indeterminata & variabilis est regula. Et sententia aequi
411 2606 2106 2681 & boni ad res ipsas perinde sese habere debet vt plumbea regula in Lesbo insula aedificantium: quae ad lapi¬
412 2654 2101 2732 dis figuram mutatur & non manet eadem. Lapides ibi loci ob duritiem sunt intractabiles. Eodem exem¬
419 2707 2102 2774 plo primo politicorum philosophus vtitur. Est autem lesbos insula in aegaeo mari sita, a borea in austrum
413 2760 2106 2826 protensa quingenta aut sexaginta stadia longitudinis habens. Ferrea regula aut lignea est immutabilis:
415 2804 2101 2864 plumbea vero exiguo negocio variatur. Caeterum Pyctacus vnus ex septem sapientibus & Theophrastus
418 2853 2096 2905 ea in insula orti sunt, nunc autem mytilene a mytelene oppido appellatur. Et sicut regula lesbia mutatur:
405 2891 2102 2956 ita decretum ad res ipsas, & non manet semper vniforme: vna enim circumstantia adueniens vel recedens potest
413 2940 2101 3006 decretum immutare. Patet igitur quid sit aequum & bonum, & esse iustum: & quo iusto praestabilius est. Ex
411 2988 2095 3055 dictis prompte depraehendi potest quis sit aequus & bonus. Est enim is qui talia eligit atque agit, & qui non
406 3036 2099 3098 exacte amplectitur ius in deteriorem partem ad puniendum, seruando verba legis eius sensu relicto. Sum
414 3084 2092 3155 mum ius, summa saepe iniuria est: sed imminuit poenam tametsi legem adiutricem ad illud habet: hoc est
409 3138 2102 3203 corticem legis ad puniendum. Nam poenae non sunt per se intentae a legislatore, sed intenduntur sic vt me¬
408 3181 2092 3245 dicina & cauterium peccatorum. Quocirca aequus non plus apponit de poena quam sufficeret ad peccati cohi¬
414 3223 2099 3289 bitionem. Poenae enim restringendae sunt, & fauores ampliandi. Et id causae est quia satius est impunitum
406 3277 2095 3347 relinquere facinus delinquentis quam innocentem damnare fi. de poenis. I. absentem. Potius est ad poenae leua¬
