2308 3601
166 260 1843 355 men citra condignum descendere quam ad ipsius grauamen vltra condignum vt Aristoteles in problemati¬
181 334 1852 407 bus ait. Conscendere ad acerbam poenam magis contrarium est medio: ergo ab eo est magis recedendum: ex
178 388 1842 455 vna regula posita in calce secundi. Et habitus ipse aequitas & bonitas est: quae quidem aequitas & bonitas
180 439 1834 496 iustitia quaedam est & non alius quisquam habitus est. ⁋ Dubitatur an aequitas siue epiicia sit iustitia. Pro hu¬
179 488 1843 557 ius dubitationis intelligentia scito quod lex est dictamen scriptum, vocale, aut mentale: quo aliquid praecipitur
183 526 1840 596 vel vetatur. Vt reddere depositum. Non capere alienum lex enim praecipit ea quae communiter accidunt: & si instan
184 585 1835 642 tiam vllam pluries patiatur illam legissator ponere solet: si enim rarenter occurrat siue legissatoris men¬
172 616 1855 690 ti occurrebat dum legem condebat siue non, illam exceptionem non ponit: hoc enim iudici prudenti in
179 665 1845 735 terpretandum relinquit: Qui habet promptitudinem huiuscemodi leges vniuersales exponere secun¬
173 711 1842 792 dum quod ratio efflagitat, vocatur aequus: quia aequitate naturali est praeditus siue ab ingenio siue ab habi¬
181 759 1839 827 tu & ingenio simul, quod plus est: quia tunc proptius legen interpretatur. Et si requiritur prudentia respon¬
179 802 1845 879 dens aequitati naturali quia quaelibet virtus appetitiua prudentiam respondentem (vt sexto patebit) requi¬
188 852 1848 921 rit. Aquitas naturalis ad appetitum pertinet sicut ipsa iustitia cuius iustitiae aequitas secundum philoso¬
177 898 1840 981 phum est pars. Verum adhuc remanet dubium an ista vniuersalis est lex: quilibet homicida est occiden¬
172 946 1842 1012 dus quodlibet depositum est semper deponenti cum ipsum deponens poscit reddendum: sic enim lex es¬
184 992 1840 1068 set de falso cum nonnullas singulares falsas habeat. Si haec sit lex mentalis, & sensus legis: depositum
182 1043 1849 1108 est reddendum semper cum a domino petitur nisi ratio naturalis obstiterit depositum reddi, & ita quaeli¬
183 1089 1842 1156 bet alia vniuersalis lex habebit mentaliter hanc limitationem: tunc aequus solum legem exponit sua pru
179 1138 1837 1203 dentia & respondentem actum & habitum habet in voluntate. Respondetur lex siue iustum legale bifa
186 1194 1842 1251 riam capitur. Vno modo pro illo quod per dictamen tale significatur quod in pluribus est verum: at
180 1232 1846 1307 quilibet homicida est occidendus: sic aequitas non est pars eius sed ea melior nec illa est mala cum saepissi¬
187 1277 1858 1347 me dictet de vero, & vera erat ad intentionem legislatoris: sic dicetur aequitas siue epiicia pars subiecti¬
186 1322 1843 1394 ua iusti naturalis. Alio modo capitur lex siue iustum legile pro sensu legis: vt homicida est occidendus
180 1371 1858 1438 nisi ratio clara illi obstiterit: & sic aequitas est pars subiectiua legis siue iusti legalis, nec est eo melior: senten
181 1433 1858 1489 tia enim siue quod intenditur per legem est lex: ratio est anima legis. C. de lege & consti. prin. Non dubium
187 1462 1615 1529 est in legem committere eum qui verba legis amplexus contra legis nititur voluntatem.
189 1507 1843 1587 ⁋ Ex isto patet quod aequitas siue epiicia est pars subiectiua iustitiae nec contrariatur legi. ⁋ At dicis. Cuius
188 1563 1846 1629 est condere eius est interpretari: ergo conditor legis habet solum suam legem interpretari. Secundo cum
183 1614 1851 1675 aliqua exceptio legissatori occurrat quare eam non ponit: sed legem vniuersaliter ponit. Tertio quae sint
187 1663 1509 1717 extrema aequitatis. Si enim est virtus: quaelibet virtus appetitiua habet extrema.
190 1657 1840 1774 ⁋ Ad primum respondetur quod in casu ambiguo: cuius est condere eius interpretari: quam interpretatio
196 1746 1848 1819 nem pro lege posteri suscipiunt: sed in euidentibus, quando legi aduersantur, quilibet aequus dicit illum
182 1797 671 1863 casum sub lege non contineri.
186 1809 1853 1907 ⁋ Ad secundum dicitur quod melius de exceptione tacuit legislator quam eam ponendo: vt homines a peccatis
193 1887 1857 1951 amplius arceret Cum dicitur quilibet homicida occidetur, proni ad caedem illud existimantes erronee in o¬
191 1929 1858 1999 mni casu seruari melius se ob poenam infligendam conseruant quam si omnes exceptiones cognoscerent. Pa¬
184 1974 1863 2042 tet aliunde de Carthusiensi: Cui in generali carnium comestio est vetita, & tamen extrema necessitas est
182 2022 1575 2092 excepta: quam si in regula habuissent de non extrema necessitate extremam fingerent.
195 2052 1857 2144 ⁋ Ad tertiam rationem dicitur quod habet extrema aequitas: mediat enim inter excessiuum rigorem & re¬
179 2116 1858 2194 missionem excessiuam: inclinatque tenere medium, iustitiae seueritatem quando par est non euacuans, & pu¬
187 2178 968 2234 nire malefactores vt insontes tranquille degant.
193 2192 1851 2281 ⁋ Dubitatur finaliter an aequitas ius naturale dirigat. Respondetur negatiue, nam solum dirigit iustum
191 2259 1843 2327 legale. Contra hoc obiicitur. Omnes iure naturae sunt liberi, & aequitas hoc moderatur: igitur. Secundo re
185 2304 1839 2375 stitutio depositi est iuris naturalis: & tamen aequitas dictat depositum non reddendum amenti. Item com
195 2350 1856 2427 munis omnium possessio est deiure naturae: aequitas suadet oppositum & res esse partiendas. Ad primum
193 2403 1857 2468 nego maiorem, nisi intelligatur negatiue seruitus enim non est introducta iure naturae: & adhuc de illo
187 2440 1864 2520 sensu esset disceptatio. Nam primo politicae aliqui suapte natura sunt serui vt desides & obtusi. Ad secun¬
194 2498 1863 2572 dum dicitur quod non est de iure naturae in omni casu. Ad tertium nego maiorem nisi negatiue: lex enim
192 2548 1867 2615 naturae non partitur bona sed humana. Illud est potius de iure naturae non habere omnia in communi pro
196 2586 1765 2664 tempore legis destitutae pro tempore legis institutae, ante peccatum originale introductum secus etat.
520 2756 1852 2851 Atet autem ex iis quae diximus si fieri possit vt sibi ipsi quispiam iniu¬
528 2851 1860 2921 riam faciat necne. lustorum enim quaedam ex omni virtute a lege sunt
517 2899 1864 2961 lordinata vt lex non iubet quemquam seipsum occidere: quae vero non iubet.
529 2948 1863 3017 vetat. Praeterea cum quispiam contra legem laedit non lacessiturus: tum
534 3001 1858 3070 is iniuriam sponte facit, sponte autem is iniuriam facit: qui scit, & eum
485 3065 1861 3137 Icui facit, & modum quo facit. At qui seipsum ob iram occidit: sponte id
206 3114 1858 3186 quod lex non permittit, contra legem efficit rectam. iniuriam ergo facit. Sed cuinam quae¬
200 3177 1860 3248 so? An sibiipsi, an ciuitati: non sibi ipsi? Nam sua patitur sponte. Nemo vero sponte iniuriam
208 3236 1866 3316 patitur. Quapropter ciuitati: & ciuitas mulctat. & instituta est ignominia quaedam aduer¬
