2327 3591
466 229 2152 325 sus eum qui sibi mortem consciuit: vt ciuitati iniuriam facientem. Praeterea fieri non po¬
468 315 2161 377 test vt sibi ipsi quisquam iniuriam faciat ea ratione, qua iniustus est: qui solum iniuriam facit: &
478 379 2158 431 non omnino est vitiosus. Hic enim differt ab illo. homo nanque iniustus est quodam modo
487 422 2159 489 sic prauus: vt ipse timidus: non vt totam habens prauitatem. Quare nec hac iniustitia sibi¬
478 474 2161 553 ipsi quisquam iniuriam facit. Nam idem simul ablatum ab aliquo ac eidem additum esset: quod
475 537 2149 594 fieri nequit. Sed semper inter plures inustum atque iniustum esse necesse est. Praeterea qui in¬
487 590 2161 647 iuriam facit: sponte agit, & electione, & prior. Qui nanque laesus indem vicissim facit, iniuriam
473 644 2149 717 facere non videtur. Ipse autem simul eadem patitur sibique facit. Praeterea sua sponte quis¬
480 702 2161 769 piam iniuriam pateretur. Insuper sine singulis iniuriis: iniuriam facit nemo. At nemo adul
481 760 2149 829 terium sua cum vxore committit. Nemo parietem confodit suum, nemo res suas furatur.
494 812 2157 885 Omnino autem hoc (sibi inquam iniuriam facere) soluitur diffinitione iniuriam patiendi. sua
477 880 2153 937 nanque sponte patitur iniuriam nemo. At vero constat vtrunque prauum esse facere inquam
480 925 2150 986 iniuriam atque pati. Alterum enim est plus, alterum minus habere medio. quod quidem per¬
491 980 2155 1047 inde sese habet atque in medicina quidem quod ad sanitatem: in exercitandi autem arte: quod
480 1033 2156 1102 ad habitudinem corporis bonam conducit. Peius tamen est iniuriam facere. Hoc enim cum
500 1087 2145 1160 vitio est, atque vituperatur. Et vitio vel perfecto & simpliciter: vel prope. Non enim omne
494 1142 2143 1215 quod sponte fit, cum iniustitia est. sed pati iniuriam sine vitio, & iniustitia est. Pati igitur
476 1207 2159 1278 iniuriam per se quidem minus est malum: per accidens autem nihil prohibet maius esse ma¬
481 1254 2149 1317 lum. At non curae est arti: sed dolorem lateris maiorem morbum quam pedis offensionem dicit.
481 1310 2149 1379 quamquam fieri potest nonnunquam contra per accidens: si euenerit vt quispiam offenso pede capere¬
491 1371 2144 1436 tur ab hoste: & trucidaretur. Atqui per translationem atque similitudinem est iustum non si¬
493 1420 2150 1497 bi ad seipsum: sed suorum quibusdam. Non omne autem iustum sed herile vel rei familia¬
487 1482 2149 1543 ris. His enim rationibus distat ea pars animae quae rationem habet: ab ea parte quae ratio¬
484 1540 2146 1603 nis est expers. Ad quas inspicientibus ad seipsum iniustitia esse videtur: propterea quod in his
490 1595 2150 1668 est pati aliquid contra suas appetitiones. Vt igitur est quid iustum magistratum gerenti:
482 1647 2146 1726 & quibus ipse praeest: sic & his etiam esse videtur. Sed de iustitia quidem caeterisque morum
486 1703 1245 1780 virtutibus, hoc sit modo determinatum.
588 1776 2147 1866 Atet autem &c. In principio huius capitis soluit quaestionem. Secundum vnum intellectum. Aliqua possunt
540 1824 2152 1925 dici bifariam iniusta vel quia sunt contra vniuersalem iustitiam, quae dicitur omnis virtus in primordio
574 1905 2156 1966 huius quinti: aliqua vero dicuntur specialiter iniusta, quia sunt contra iustitiam particularem. Primo soluit
480 1955 2139 2012 quaestionem secundum vniuersalem iniustitiam: & illud deducit ad illam partem literae vsque ad eam quae dicit:
485 1998 2159 2043 praeterea fieri non potest vt sibiipsi quisquam iniuriam faciat. Aggrediendo literam primo diuisionem affert. Pro con¬
478 2044 2155 2111 structiua parte bifariam ratiocinatur quempiam posse sibi iniuriam inferre. Primo sic, Qui agit scitum vetitum iniuriam
485 2092 2161 2146 facit: at seipsum occidens est huiusmodi: igitur. Minorem suadet. nulli alii a se facit iniuriam cum sit agens pa¬
478 2142 2159 2195 tiensque. Ex his videamus literam quae nihil obscure notificat illa quae proponimus. ait quod ex omni virtute
478 2188 2146 2241 quaedam iusta sunt a lege ordinata modo circa vnamquamque virtutem quae lex non praecipit, vt lex non
478 2237 2163 2297 iubet quempiam seipsum occidere, & propterea vetat, ergo videtur vt quis possit sibi ipsi inferre iniuriam:
478 2280 2165 2341 nam aliquid praeter legem. Secundo cum aliquis contra legem quenquam laedit non laesus aut lacessitus, tum
479 2328 2153 2385 iste iniuriam voluntarie facit: sponte autem iniuriam is facit, qui nouit eum cui facit, & modum quo fa¬
492 2375 2152 2436 cit, & caetera id genus: sed ille qui seipsum ob iram occidit voluntarie laedit non lacessitus: & facit illud quod
481 2422 2157 2479 lex non permittit, & contra legem rectam: iniuriam ergo facit. Sed cuinam precor: an sibiipsi, an ci¬
490 2467 2158 2528 uitati? Attamen concluditur, qui hac via in se peccat non sibiipsi, sed ciuitati facit iniuriam. Probatur haec
484 2518 2156 2581 conclusio. Nullus patitur iniuriam volens. sed iste patitur volens, ergo non facit sibi iniuriam. Ciuitati autem
491 2563 2151 2625 est iniurius, quia ciuitati facit iniuriam quam vno ciue iniusto priuat. Probatur primo a signo sic, Ille cuius
481 2611 2159 2667 cadaueri infertur damnum a ciuitate: facit iniuriam ciuitati: at cadaueri occidentis seipsum infertur post mor¬
491 2658 2161 2716 tem iactura a ciuitate: igitur. Minorem ponit in litera sic inquiens. Quapropter ciuitas muctat & institu¬
488 2704 2152 2765 ta est ignominia quaedam aduersus eum qui sibi mortem consciuit vt ciuitati iniuriam facienti. Siquidem
493 2749 2152 2806 ad locum humilimum eius cadauer more canum vncis contemptim trahitur, & manet insepultum. Per
491 2796 2161 2853 ciuitatem, vicum, & quamlibet congregationem cuius occisor est pars, intelligito. ⁋ Sequitur in litera. Prae¬
494 2843 2164 2896 terea fieri non potest &c. Hic soluit quaestionem quantum ad iustitiam particularem & dicit. Quispiam est iniu
490 2894 2153 2955 stus non quasi totaliter prauus secundum omnem malitiam: hoc est non oppositus totali iustitiae sed particu¬
490 2937 2164 3000 lari, dico etiam hoc in intellectu nemo facit sibi iniuriam hoc exponendo dicit, quod hoc iniustum contra parti¬
497 2982 2159 3042 cularem iustitiam est aliud ab illo iniusto quod est contra vniuersalem iustitiam. Ille quoque sic malus vt sibi
490 3031 2164 3094 nociuus, est aliqualiter malus veluti timidus non habens totam malitiam vniuersali iustitiae oppositam sed
493 3079 2154 3138 eius partem: sicut timidus habet eam malitiae portionem quae fortitudini aduersatur. Probat quod dixit
502 3123 2161 3178 sic. Ille qui facit iniuriam contra iustitiam particularem habet plus quam par sit: & ille qui patitur, minus: se¬
505 3170 2158 3234 quitur quod si aliquis sibi iniuriam faciat & minus & magis quam par sit habebit. Accedendo ad lite¬
498 3221 2159 3288 ram. Secundo qui non est omnino vitiosus, & solum iniuriam facit non sibiipsi iniuriam facit qua¬
