2337 3601
165 245 1836 350 ipsum argumentor. Ex eo dogmate illiteratorum pars multo maxima nunquam actum moraliter bo¬
168 330 1828 383 num eliciet. Item nec multi sapientum. ltaque nec meritorie. Hoc illatum est rationi dissentaneum.
168 361 1831 433 Secundo, istud onerosum nulla ratione fultum non est asserendum. Dicimus itaque quod si tale dictamen
160 418 1837 483 in actus obiectum ponatur actum perficit, verumtamen talis obiecti positio minime exigitur. Sine vl¬
174 469 841 525 teriore ariete hoc paradoxum relinquo.
168 468 1831 582 ⁋ Sed obiicitur. Ex his sequetur quod nullus actus voluntatis erit intrinsece bonus. Secundo sic de actu
162 546 1819 625 non studioso fieret actus studiosus per aliquid mere naturale, quod non est in nostra facultate situm.
161 594 1818 658 Consequentia patet, quia post actum elicitum adueniente prudentia, naturalibus causis intellectum
168 646 1832 722 necessitantibus, tunc actus qui prius erat non bonus ob prudentiae defectum, efficitur bonus & meri¬
175 692 1827 764 torius in habente gratiam, & illa prudentia semota rursus actus bonus erit malus, saltem erit non bo¬
167 736 1824 805 nus. Tertio, Non sufficit illa actualis prudentia assistens. Patet, quia vsu venit nunc prudentiam adesse
163 795 1830 855 actualem. Nihilominus sine ea voluntas etiam ad nudam apprehensionem obiecti actum illum elicuisset
174 830 1824 900 & sua libertate aut propter delectationem aut alia de causa quam prudentia mouente: ita quod prudentia
175 871 1833 948 assistens non sit illius actus effectiua causa. Quarto. Ad hoc quod actus voluntatis sit bonus requiri¬
175 919 1819 1000 tur huius causalis veritas: Quia recta ratio dictat, ieiuno stipem pauperi erogo. Et si sic, recta ratio
183 967 1825 1041 cadit in rationem obiecti. Quinto, Aliquis est actus necessario malus, vt odium dei: ergo dabilis
174 1025 636 1089 est actus necessario bonus.
180 1053 1828 1131 ⁋ Ad primum concedo sequelam tam in actibus imperatis quam elicitis. In prioribus notum est. Possum
172 1110 1834 1172 enim imperare eleemosynam exteriorem a duobus actibus interioribus, scilicet ab amore dei & inani
183 1153 1834 1232 gloria: quo facto ille actus exterior est bonus. quia ab interiore bono imperatur: & malus, quia ab inte¬
178 1206 1830 1273 riore malo imperatur. Sicut eadem propositio vocalis duabus mentalibus subordinata est vera & falsa,
185 1259 1837 1312 vt non deus est. ldem patet de actu elicito imperato, vt si vnus actus elicitus imperetur a duabus vo¬
187 1289 1836 1360 litionibus, quarum altera est bona, reliqua vero mala. Et patet de solo actu elicito, vt si Socrates diligat
184 1338 1839 1406 deum in priore medietate horae cum conscientia: & contra eam in posteriore medietate horae: illa di¬
190 1395 1834 1457 lectio est eadem: & in secunda medietate horae mala, in priore autem bona. ldem est si actus praecipe¬
174 1437 1847 1501 retur in vna horae medietate & prohiberetur in alia: non opus est vt illa praeceptio aut vetatio ca¬
182 1474 1842 1550 dat in rationem obiecti. Verum aliquis actus est bonus extrinsece pro quanto a bono intrinsece &
183 1523 1836 1600 formali deriuatur, vt actus exterior vel interior imperatus. Aliquis est intrinsece bonus quando non
179 1577 1384 1642 reducitur in vlteriorem actum bonum vt actus voluntatis pure elicitus.
190 1609 1842 1689 ⁋ Contra illud arguitur, ergo idem actus erit bonus & non bonus, quum, est malus est rationi diffor¬
184 1667 1828 1734 mis & per consequens non bonus. Secundo sequitur, quod idem habitus erit virtus vno tempore & vitium
181 1718 1831 1776 alio tempore. Et vlterius sequitur quod idem habitus ex vitio & virtute conflabitur. Ille actus tempestate
184 1756 1836 1830 ea qua est bonus habitum bonum facit, & tempore malitiae actum malum: & ille habitus erit idem.
192 1800 1842 1871 ⁋ Ad primum nego sequelam. Concedo tamen quod erit bonus & malus rationi conformis, & alicui rationi
183 1848 1836 1923 difformis pro quanto est malus. Contra hoc argumentor, bonum & malum sunt termini contrarii.
191 1901 1833 1964 Opponuntur enim & non relatiue, non contradictorie, non priuatiue: quia illi termini non magis verifican¬
187 1951 1837 2013 tur de eodem quam termini contradictorii: ergo opponuntur contrarie. Responsio, nulla oppositione
192 1990 1653 2053 terminorum opponuntur, licet respectu actus eliciti non imperati aduersentur contrarie.
192 2017 1827 2105 ⁋ Ad secundum respondetur, quod sicut idem actus elicitus successiue erit bonus & malus: sic concedi potest
183 2089 1831 2153 de habituum ex consequente. concedendum est quod habitus bonus inclinabit in vitium & contra. Tempore quo
184 2128 1838 2192 actus est bonus, sic & habitus. Sed cum ille actus idem numero vel similis prohibetur, vel est contra con¬
191 2181 1837 2250 scientiam, habitus ad hoc inclinans erit malus. Et sic concedendum venit quod habitus qui ab actibus bo¬
188 2222 1843 2292 nis emanat ad vitium inclinat. Nec inconuenit eum habitum totalem ex virtute & vitio conflati:
196 2263 1842 2335 nam hoc nihil aliud est quam ipsum emanare a duobus actibus, quorum alter est bonus, alter malus.
195 2312 1827 2389 ⁋ Ad secundum concedo sequelam: nec illatum inconvenit: immo arguens habet id concedere quia secundum
189 2368 1841 2427 eos non est actus virtutis absque dictaminis prudentialis iudicio reflexo, quo reflexe contemplatur ipsum esse
195 2404 1837 2476 rectum: quo sublato actus non erit bonus. Etiam prudentia est in facultate hominis sita. ⁋ Ad tertium dicitur,
196 2453 1834 2527 quod sufficit praesentia prudentiae actu regulans: quis tamen potest stante prudentia actum suum inficere. Licet
203 2502 1827 2567 enim habeam prudentiam dictantem de ieiunio possum velle ieiunare ob inanem gloriam, vel non propterea quia
193 2547 1831 2619 recta ratio iubet. ⁋ Ad quartum dicitur, quod illa causalis est vera, quando actus voluntatis regulatur a pru¬
196 2601 1842 2666 dentia cum praecepto prudentiae obtemperatur. ⁋ Ad quintum dico, quod antecedens est propositio falsa. Bene
200 2637 1846 2704 autem sequitur: odium dei necessatio est malum, ergo odium dei necessario est: consequens est falsum,
196 2684 1840 2749 ergo & antecedens. Secundo, odium dei potest esse & non esse actus malus extra subiectum. Tertio,
196 2737 1848 2797 odium dei impossibile est bene fieri: secus est de dei amore tum ob prohibitionem tum ob conscientiam
193 2779 1851 2852 rectam vel erroneam dictantem deum non esse diligendum. lusuper dormiendum est & de corpore
201 2842 1182 2902 curandum, vel circa aliquid aliud illi amori incompossibile.
677 2893 1700 2986 Tract. II. Cap. II. & Lib. VI. Cap. XIII.
512 2967 1841 3042 Onsiderandum autem iterum est & de virtute. Etenim vt prudentia sese habet ad
504 3027 1845 3104 habilitatem, quae non est idem, sed simile: sic & proprie virtus sese habet ad na¬
504 3088 1849 3162 turalem virtutem. Omnibus enim singuli mores inesse quodammodo natura
502 3144 1843 3218 videntur. Etenim & iusti natura, fortesque atque ad temperantiam nati videmur.
502 3195 1862 3278 caeteraque continuo habemus ex ipso ortu. Sed esse tamen quaerimus aliquid
