<?xml version="1.0" encoding="UTF-8" standalone="yes"?>
<PcGts xmlns="http://schema.primaresearch.org/PAGE/gts/pagecontent/2013-07-15" xmlns:xsi="http://www.w3.org/2001/XMLSchema-instance" xsi:schemaLocation="http://schema.primaresearch.org/PAGE/gts/pagecontent/2013-07-15 http://schema.primaresearch.org/PAGE/gts/pagecontent/2013-07-15/pagecontent.xsd">
    <Metadata>
        <Creator>prov=University of Rostock/Institute of Mathematics/CITlab|PLANET AI GmbH/Gundram Leifert/gundram.leifert@planet-ai.de:name=cod-MaEth8-m2(htr_id=30545)::::v=2.6.7
prov=University of Rostock/Institute of Mathematics/CITlab|PLANET AI GmbH/Tobias Gruening/tobias.gruening@planet-ai.de:name=de.uros.citlab.module.baseline2polygon.B2PSeamMultiOriented:v=2.6.7
prov=University of Rostock/Institute of Mathematics/CITlab|PLANET AI GmbH/Tobias Gruening/tobias.gruening@planet-ai.de:name=/net_tf/LA73_249_0mod360.pb:de.uros.citlab.segmentation.CITlab_LA_ML:v=2.6.6
Transkribus</Creator>
        <Created>2021-01-31T23:14:34.549+01:00</Created>
        <LastChange>2021-02-26T18:14:25.490+01:00</LastChange>
        <TranskribusMetadata docId="597563" pageId="23819759" pageNr="229" tsid="53133080" status="IN_PROGRESS" userId="25065" imgUrl="https://files.transkribus.eu/Get?id=MWBWHZGDMASZGJPMSFNHPJFE&amp;fileType=view" xmlUrl="https://files.transkribus.eu/Get?id=GEFKTUXXLFYDMEXIDZFXNGGZ" imageId="18280217"/>
    </Metadata>
    <Page imageFilename="228.jpg" imageWidth="2346" imageHeight="3603">
        <ReadingOrder>
            <OrderedGroup id="ro_1614432127272" caption="Regions reading order">
                <RegionRefIndexed index="0" regionRef="TextRegion_1613915534234_68"/>
            </OrderedGroup>
        </ReadingOrder>
        <TextRegion orientation="0.0" id="TextRegion_1613915534234_68" custom="readingOrder {index:0;}">
            <Coords points="206,210 1907,210 1894,3003 1892,3335 206,3335"/>
            <TextLine id="r1l4" custom="readingOrder {index:0;}">
                <Coords points="211,371 1899,370 1899,285 1304,323 211,278"/>
                <Baseline points="221,350 304,350 387,349 471,348 554,348 638,348 721,348 804,348 888,348 971,348 1055,348 1138,349 1221,350 1305,350 1388,351 1472,351 1555,353 1638,353 1722,354 1805,356 1889,357"/>
                <TextEquiv>
                    <Unicode>particularem patiendi exibant. Alias tetigimus vnum actum voluntatis efficacis circa finem cum intellectus</Unicode>
                </TextEquiv>
            </TextLine>
            <TextLine id="r1l5" custom="readingOrder {index:1;}">
                <Coords points="213,409 1901,422 1901,371 1718,356 213,369"/>
                <Baseline points="224,396 307,396 390,396 473,395 557,395 640,395 723,395 807,395 890,395 973,395 1057,395 1140,396 1223,396 1306,396 1390,397 1473,398 1556,399 1640,399 1723,401 1806,402 1890,404"/>
                <TextEquiv>
                    <Unicode>iudicio, alium actum voluntatis particularem naturaliter educere. Sicque efficaciter volens beatitudinem &amp;</Unicode>
                </TextEquiv>
            </TextLine>
            <TextLine id="r1l6" custom="readingOrder {index:2;}">
                <Coords points="223,455 1893,458 1867,411 223,411"/>
                <Baseline points="233,443 315,443 397,443 480,443 562,443 645,443 727,443 809,443 892,443 974,443 1057,443 1139,443 1221,443 1304,444 1386,444 1469,446 1551,446 1633,447 1716,449 1798,450 1881,452"/>
                <TextEquiv>
                    <Unicode>censens esse necessarium perpeti pro fide aut alterius virtutis actu, necessitatur velle ceruicem tyranno sub¬</Unicode>
                </TextEquiv>
            </TextLine>
            <TextLine id="r1l7" custom="readingOrder {index:3;}">
                <Coords points="211,497 1891,510 1891,466 1706,455 211,457"/>
                <Baseline points="221,489 308,491 395,491 482,491 570,491 657,491 744,491 832,491 919,491 1006,491 1094,491 1181,491 1268,491 1356,491 1443,492 1530,492 1618,494 1705,495 1792,497 1880,498"/>
                <TextEquiv>
                    <Unicode>dere. Sic volens consequentiam esse bonam cum antecedentis volitione sequitur naturalis volitio consequen</Unicode>
                </TextEquiv>
            </TextLine>
            <TextLine id="r1l8" custom="readingOrder {index:4;}">
                <Coords points="208,552 1890,559 1890,511 1762,504 208,508"/>
                <Baseline points="218,537 301,537 384,537 467,537 550,537 633,537 716,537 799,537 882,537 965,537 1049,537 1132,537 1215,539 1298,539 1381,539 1464,540 1547,540 1630,542 1713,543 1796,544 1880,546"/>
                <TextEquiv>
                    <Unicode>tis. In morali philosophia trita est lectio, Habitum vnius virtutis mediante actu suo elicito &amp; prudentia pri¬</Unicode>
                </TextEquiv>
            </TextLine>
            <TextLine id="r1l9" custom="readingOrder {index:5;}">
                <Coords points="212,594 1877,613 1899,560 212,556"/>
                <Baseline points="222,584 305,584 388,585 471,585 555,585 638,585 721,585 804,585 888,585 971,585 1054,585 1137,585 1221,585 1304,587 1387,587 1470,587 1554,588 1637,588 1720,590 1803,591 1887,593"/>
                <TextEquiv>
                    <Unicode>mum actum alterius virtutis occurrente materia producere. Et non solum hoc verum est: sed sola pia voluntas</Unicode>
                </TextEquiv>
            </TextLine>
            <TextLine id="r1l10" custom="readingOrder {index:6;}">
                <Coords points="214,644 1888,650 1886,607 1768,594 215,602"/>
                <Baseline points="225,633 307,633 390,632 472,632 555,632 638,632 720,632 803,632 886,632 968,632 1051,632 1134,633 1216,633 1299,633 1382,635 1464,635 1547,635 1630,636 1712,636 1795,638 1878,638"/>
                <TextEquiv>
                    <Unicode>cum intellectus iudicio sine alterius virtutis concursu occurrente materia actum &amp; quidem intensum pro¬</Unicode>
                </TextEquiv>
            </TextLine>
            <TextLine id="r1l11" custom="readingOrder {index:7;}">
                <Coords points="217,692 1889,698 1889,650 1765,645 217,642"/>
                <Baseline points="228,680 310,680 393,680 475,680 558,680 640,680 723,680 805,680 888,680 970,680 1053,680 1135,680 1218,680 1300,680 1383,681 1465,681 1548,681 1630,683 1713,683 1795,684 1878,686"/>
                <TextEquiv>
                    <Unicode>ducit grandem vel maximum secundum voluntatis conatum. Dilectio dei inclinat ad beneuolentiam eius &amp; ad</Unicode>
                </TextEquiv>
            </TextLine>
            <TextLine id="r1l12" custom="readingOrder {index:8;}">
                <Coords points="216,743 1892,742 1892,700 1795,691 216,692"/>
                <Baseline points="227,726 309,726 392,726 475,726 557,726 640,726 723,726 805,726 888,726 971,726 1054,726 1136,728 1219,728 1302,728 1384,728 1467,729 1550,729 1632,729 1715,731 1798,731 1881,731"/>
                <TextEquiv>
                    <Unicode>ei in omnibus placendum. Sic vnus actus malus inclinat, licet non necessitet in alium malum actum, vt odium So</Unicode>
                </TextEquiv>
            </TextLine>
            <TextLine id="r1l13" custom="readingOrder {index:9;}">
                <Coords points="219,785 1891,795 1891,744 1727,737 219,741"/>
                <Baseline points="230,776 312,774 395,774 477,774 560,774 642,774 725,774 807,774 890,774 972,774 1055,774 1138,774 1220,774 1303,774 1385,776 1468,776 1550,776 1633,777 1715,777 1798,777 1881,779"/>
                <TextEquiv>
                    <Unicode>cratis ad nolendum ei quicquam boni, sed ad volendum illi incommoda. Vnus ergo actus nonnumquam ad alium neces</Unicode>
                </TextEquiv>
            </TextLine>
            <TextLine id="r1l14" custom="readingOrder {index:10;}">
                <Coords points="212,837 1906,845 1906,793 1806,786 212,789"/>
                <Baseline points="222,821 305,821 389,821 473,821 556,821 640,821 724,821 807,821 891,821 975,822 1059,822 1142,822 1226,822 1310,822 1393,824 1477,824 1561,824 1644,825 1728,825 1812,826 1896,827"/>
                <TextEquiv>
                    <Unicode>sitat. Interdum vero facilitat aut difficultat, sed istud non est commune. Aristoteles omnes tales omnifariam</Unicode>
                </TextEquiv>
            </TextLine>
            <TextLine id="r1l15" custom="readingOrder {index:11;}">
                <Coords points="214,882 1900,886 1900,838 1610,827 214,837"/>
                <Baseline points="224,869 307,869 390,869 473,869 557,869 640,869 723,869 806,870 890,870 973,870 1056,870 1139,870 1223,870 1306,870 1389,870 1472,872 1556,872 1639,872 1722,873 1805,873 1889,875"/>
                <TextEquiv>
                    <Unicode>virtute praeditos non ab re putasset: speciales enim dei auxilium &amp; charitatis proprietatem ignorauit in tem¬</Unicode>
                </TextEquiv>
            </TextLine>
            <TextLine id="r1l16" custom="readingOrder {index:12;}">
                <Coords points="211,936 1889,931 1889,889 1790,881 211,883"/>
                <Baseline points="222,917 304,917 387,917 470,917 553,917 636,917 718,917 801,917 884,917 967,917 1050,917 1132,917 1215,917 1298,917 1381,918 1464,918 1546,918 1629,918 1712,918 1795,919 1878,920"/>
                <TextEquiv>
                    <Unicode>pestate illa qua vixit. virgunculae martyrium non sunt passae, nec motiua ad sic existimandum habuit: hoc dico pro</Unicode>
                </TextEquiv>
            </TextLine>
            <TextLine id="r1l17" custom="readingOrder {index:13;}">
                <Coords points="211,974 1888,985 1903,924 211,936"/>
                <Baseline points="221,965 304,965 388,963 471,963 555,963 639,963 722,963 806,963 889,965 973,965 1057,965 1140,965 1224,965 1307,965 1391,965 1475,965 1558,966 1642,966 1725,966 1809,966 1893,966"/>
                <TextEquiv>
                    <Unicode>eo &amp; positionis consummatione ad hoc quod homo dicatur aliqua virtute illustris inclytusque, virtutum cardinaliam</Unicode>
                </TextEquiv>
            </TextLine>
            <TextLine id="r1l18" custom="readingOrder {index:14;}">
                <Coords points="210,1022 1888,1026 1831,976 210,974"/>
                <Baseline points="221,1011 303,1011 386,1011 469,1011 552,1011 635,1011 718,1011 800,1011 883,1011 966,1011 1049,1011 1132,1013 1215,1013 1298,1013 1380,1013 1463,1013 1546,1014 1629,1014 1712,1014 1795,1014 1878,1014"/>
                <TextEquiv>
                    <Unicode>&amp; quae in quotidiano vsu sunt requiritur glutinamentum, sic quod immobilis &amp; semper recte stas more quadrati in</Unicode>
                </TextEquiv>
            </TextLine>
            <TextLine id="r1l19" custom="readingOrder {index:15;}">
                <Coords points="210,1075 1888,1074 1840,1021 210,1022"/>
                <Baseline points="221,1058 303,1058 386,1058 469,1058 552,1058 635,1058 717,1058 800,1058 883,1059 966,1059 1049,1059 1131,1059 1214,1059 1297,1059 1380,1059 1463,1059 1545,1060 1628,1061 1711,1061 1794,1061 1877,1062"/>
                <TextEquiv>
                    <Unicode>via virtutis maneat, nec ad dextrum puer quacumque procellosa tempestate discendat. Et ad hoc faciundum de communi lege</Unicode>
                </TextEquiv>
            </TextLine>
            <TextLine id="r1l20" custom="readingOrder {index:16;}">
                <Coords points="207,1112 1889,1120 1824,1070 207,1077"/>
                <Baseline points="218,1106 301,1106 384,1106 467,1106 550,1106 633,1106 716,1106 799,1106 882,1106 965,1106 1048,1106 1131,1106 1214,1106 1297,1106 1380,1106 1463,1106 1546,1107 1629,1107 1712,1107 1795,1107 1878,1109"/>
                <TextEquiv>
                    <Unicode>virtutum cumulus requiritur, quia ab vno vitiorum flatu virtus vna, &amp; ab alio alia habentem protegit. Sic quod si trium</Unicode>
                </TextEquiv>
            </TextLine>
            <TextLine id="r1l21" custom="readingOrder {index:17;}">
                <Coords points="219,1163 1891,1163 1862,1116 220,1115"/>
                <Baseline points="231,1154 313,1154 395,1152 478,1152 560,1152 643,1151 725,1151 808,1151 890,1151 973,1151 1055,1151 1137,1151 1220,1152 1302,1152 1385,1152 1467,1152 1550,1154 1632,1154 1715,1154 1797,1154 1880,1155"/>
                <TextEquiv>
                    <Unicode>virtutum cardinalium habitus excellenter habeantur in conditionatis quartae sufficienter ab infesto</Unicode>
                </TextEquiv>
            </TextLine>
            <TextLine id="r1l22" custom="readingOrder {index:18;}">
                <Coords points="204,1224 1895,1224 1880,1163 204,1159"/>
                <Baseline points="215,1200 298,1200 381,1199 465,1199 548,1199 632,1199 715,1199 799,1199 882,1199 966,1199 1049,1199 1132,1199 1216,1199 1299,1199 1383,1199 1466,1200 1550,1200 1633,1200 1717,1202 1800,1202 1884,1203"/>
                <TextEquiv>
                    <Unicode>hoste protegetur: occurrente enim materia illius materiae habitus voluntatis conamine coalescit. Et si¬</Unicode>
                </TextEquiv>
            </TextLine>
            <TextLine id="r1l23" custom="readingOrder {index:19;}">
                <Coords points="211,1257 1897,1267 1845,1209 211,1209"/>
                <Baseline points="221,1248 304,1248 387,1247 470,1247 554,1247 637,1245 720,1245 803,1245 887,1245 970,1245 1053,1246 1136,1247 1220,1247 1303,1247 1386,1247 1469,1247 1553,1248 1636,1248 1719,1248 1802,1248 1886,1248"/>
                <TextEquiv>
                    <Unicode>concedo posse esse vnam virtutem sine alia, at illa est imperfecta, &amp; nouitiis in scholam morum conueniens:</Unicode>
                </TextEquiv>
            </TextLine>
            <TextLine id="r1l24" custom="readingOrder {index:20;}">
                <Coords points="212,1312 1887,1317 1848,1260 212,1257"/>
                <Baseline points="222,1296 304,1295 387,1295 470,1294 553,1293 635,1293 718,1293 801,1292 884,1292 966,1292 1049,1292 1132,1292 1215,1292 1297,1292 1380,1293 1463,1293 1546,1293 1628,1295 1711,1295 1794,1296 1877,1298"/>
                <TextEquiv>
                    <Unicode>sed nulla est virtus emicans &amp; egregia sine aliarum societate: &amp; hoc alii tenebrose innuunt connexionem</Unicode>
                </TextEquiv>
            </TextLine>
            <TextLine id="r1l25" custom="readingOrder {index:21;}">
                <Coords points="210,1363 1730,1368 1904,1351 1904,1307 210,1314"/>
                <Baseline points="219,1344 302,1344 386,1343 470,1341 553,1341 637,1340 721,1340 804,1338 888,1338 972,1338 1056,1338 1139,1338 1223,1338 1307,1340 1390,1340 1474,1340 1558,1341 1641,1343 1725,1343 1809,1344 1893,1346"/>
                <TextEquiv>
                    <Unicode>ponentes in gradu temperantiae &amp; heroico: sed sine illorum graduum peritia quos nondum attigimus, ne</Unicode>
                </TextEquiv>
            </TextLine>
            <TextLine id="r1l26" custom="readingOrder {index:22;}">
                <Coords points="217,1409 1826,1413 1885,1354 217,1361"/>
                <Baseline points="227,1391 309,1389 391,1389 474,1388 556,1386 638,1386 721,1386 803,1385 885,1385 968,1385 1050,1385 1132,1385 1215,1386 1297,1386 1379,1386 1462,1388 1544,1388 1626,1389 1709,1389 1791,1391 1874,1391"/>
                <TextEquiv>
                    <Unicode>gocium est conspicuum. Hoc in mentem reuoco, nullus absolutus logicus existimatur qui in insolubili</Unicode>
                </TextEquiv>
            </TextLine>
            <TextLine id="r1l27" custom="readingOrder {index:23;}">
                <Coords points="208,1449 1879,1455 1879,1401 208,1409"/>
                <Baseline points="219,1439 301,1437 384,1436 466,1434 549,1434 631,1433 714,1433 796,1433 879,1433 961,1433 1044,1433 1126,1433 1209,1433 1291,1433 1374,1434 1456,1434 1539,1434 1621,1436 1704,1436 1786,1437 1869,1437"/>
                <TextEquiv>
                    <Unicode>exponibili vel obligatione vulgari illaqueatur: si praesidens in vito stramineo in cauillo coram multitudi¬</Unicode>
                </TextEquiv>
            </TextLine>
            <TextLine id="r1l28" custom="readingOrder {index:24;}">
                <Coords points="208,1495 1888,1506 1856,1447 208,1449"/>
                <Baseline points="218,1484 301,1484 384,1482 467,1482 550,1482 633,1481 716,1481 799,1481 882,1479 965,1479 1048,1479 1131,1479 1214,1479 1297,1479 1380,1479 1463,1481 1546,1481 1629,1482 1712,1484 1795,1485 1878,1487"/>
                <TextEquiv>
                    <Unicode>ne irretiatur, cum cachinno regentes inter prandendum susurrantes dicunt: non est logicus: sic de abso¬</Unicode>
                </TextEquiv>
            </TextLine>
            <TextLine id="r1l29" custom="readingOrder {index:25;}">
                <Coords points="217,1544 704,1548 782,1541 782,1503 734,1489 711,1504 685,1489 431,1505 216,1492"/>
                <Baseline points="227,1529 254,1529 281,1530 308,1530 335,1530 363,1530 390,1530 417,1530 444,1530 471,1530 499,1529 526,1529 553,1529 580,1529 607,1529 635,1529 662,1528 689,1527 716,1527 743,1527 771,1527"/>
                <TextEquiv>
                    <Unicode>lute studioso dicas &amp; omnia lucida.</Unicode>
                </TextEquiv>
            </TextLine>
            <TextLine id="r1l30" custom="readingOrder {index:26;}">
                <Coords points="210,1588 1886,1590 1840,1518 211,1543"/>
                <Baseline points="221,1580 303,1578 386,1577 469,1575 551,1575 634,1574 717,1574 799,1574 882,1574 965,1574 1048,1574 1130,1574 1213,1575 1296,1575 1378,1575 1461,1577 1544,1577 1626,1578 1709,1578 1792,1578 1875,1580"/>
                <TextEquiv>
                    <Unicode>⁋ Et quia interdum quaeritur vtrum Sapientia sit prudentia praestantior an contra. In primis scito quod ha</Unicode>
                </TextEquiv>
            </TextLine>
            <TextLine id="r1l31" custom="readingOrder {index:27;}">
                <Coords points="211,1642 1900,1633 1866,1586 211,1590"/>
                <Baseline points="221,1626 304,1625 387,1623 471,1622 554,1622 638,1620 721,1620 805,1620 888,1620 972,1620 1055,1620 1138,1620 1222,1620 1305,1622 1389,1622 1472,1622 1556,1623 1639,1623 1723,1623 1806,1625 1890,1625"/>
                <TextEquiv>
                    <Unicode>bitus superne infusos hic praescindimus &amp; loquimur more Aristotelico, suppono etiam Aristotelem &amp; omnes</Unicode>
                </TextEquiv>
            </TextLine>
            <TextLine id="r1l32" custom="readingOrder {index:28;}">
                <Coords points="202,1688 1884,1686 1850,1634 202,1642"/>
                <Baseline points="212,1673 295,1673 378,1671 461,1670 544,1668 627,1668 710,1668 793,1667 876,1667 959,1667 1043,1667 1126,1667 1209,1667 1292,1667 1375,1667 1458,1668 1541,1668 1624,1668 1707,1670 1790,1670 1874,1671"/>
                <TextEquiv>
                    <Unicode>graues philosophos posuisse vitam esse post hanc vitam, non tamen resurrectionem. quam e solo lumine</Unicode>
                </TextEquiv>
            </TextLine>
            <TextLine id="r1l33" custom="readingOrder {index:29;}">
                <Coords points="199,1736 1843,1737 1894,1684 199,1690"/>
                <Baseline points="210,1719 293,1718 377,1718 461,1716 544,1716 628,1715 712,1715 795,1715 879,1713 963,1713 1047,1713 1130,1713 1214,1713 1298,1713 1381,1713 1465,1713 1549,1713 1632,1715 1716,1715 1800,1715 1884,1716"/>
                <TextEquiv>
                    <Unicode>fidei haurimus. Sapientes in decimo Ethicorum dei amicos existimat &amp; ei quam acceptatissimos: quorum ple¬</Unicode>
                </TextEquiv>
            </TextLine>
            <TextLine id="r1l34" custom="readingOrder {index:30;}">
                <Coords points="196,1782 1819,1784 1882,1776 1882,1725 196,1730"/>
                <Baseline points="206,1766 289,1766 372,1764 455,1764 539,1763 622,1763 705,1761 788,1761 872,1761 955,1761 1038,1760 1121,1760 1205,1760 1288,1760 1371,1760 1454,1760 1538,1760 1621,1761 1704,1761 1787,1761 1871,1763"/>
                <TextEquiv>
                    <Unicode>rique durius in hac miseriae valle tractantur, &amp; in caelesti efferuntur: proinde in futuro seculo post corporis</Unicode>
                </TextEquiv>
            </TextLine>
            <TextLine id="r1l35" custom="readingOrder {index:31;}">
                <Coords points="199,1825 1883,1822 1836,1769 199,1776"/>
                <Baseline points="209,1814 292,1812 375,1811 458,1811 541,1809 624,1809 707,1809 791,1808 874,1808 957,1808 1040,1808 1123,1808 1206,1808 1289,1808 1373,1808 1456,1808 1539,1808 1622,1808 1705,1809 1788,1809 1872,1811"/>
                <TextEquiv>
                    <Unicode>resolutionem probis erit merces: improbis dirum supplicium. His praelibatis respondeo quod Sapientia est pru¬</Unicode>
                </TextEquiv>
            </TextLine>
            <TextLine id="r1l36" custom="readingOrder {index:32;}">
                <Coords points="201,1869 1829,1874 1888,1819 201,1822"/>
                <Baseline points="212,1860 295,1859 378,1859 461,1857 545,1857 628,1856 711,1856 795,1856 878,1854 961,1854 1045,1854 1128,1854 1211,1854 1294,1854 1378,1854 1461,1854 1544,1854 1628,1856 1711,1856 1794,1856 1878,1857"/>
                <TextEquiv>
                    <Unicode>dentia praestantior. haec enim est Aristotelis in naturali lumine egregie loquentis sententia superius in </Unicode>
                </TextEquiv>
            </TextLine>
            <TextLine id="r1l37" custom="readingOrder {index:33;}">
                <Coords points="204,1917 1827,1924 1888,1922 1888,1870 203,1867"/>
                <Baseline points="215,1905 298,1905 381,1905 464,1904 547,1904 630,1904 713,1904 797,1902 880,1902 963,1902 1046,1902 1129,1901 1212,1901 1295,1901 1379,1901 1462,1901 1545,1901 1628,1902 1711,1902 1794,1903 1878,1904"/>
                <TextEquiv>
                    <Unicode>hoc sexto dicebat. Sapientia est intellectus &amp; scientia &amp; vt caput habens, &amp; scientia honorabilissimorum: per¬</Unicode>
                </TextEquiv>
            </TextLine>
            <TextLine id="r1l38" custom="readingOrder {index:34;}">
                <Coords points="206,1965 1888,1966 1888,1922 1751,1910 206,1917"/>
                <Baseline points="216,1952 299,1952 382,1952 465,1952 548,1952 631,1952 714,1950 797,1950 880,1950 963,1950 1047,1949 1130,1949 1213,1949 1296,1949 1379,1949 1462,1949 1545,1949 1628,1949 1711,1949 1794,1950 1878,1950"/>
                <TextEquiv>
                    <Unicode>inde ac si sic diceret. Illa notitia est praestantior, quae nobilius habet obiectum, primo de anima: at sapientia</Unicode>
                </TextEquiv>
            </TextLine>
            <TextLine id="r1l39" custom="readingOrder {index:35;}">
                <Coords points="208,2009 1888,2010 1888,1966 1749,1956 208,1963"/>
                <Baseline points="218,2000 305,2000 392,2000 479,1998 567,1998 654,1998 741,1998 829,1997 916,1997 1003,1997 1091,1997 1178,1997 1265,1997 1353,1995 1440,1995 1527,1995 1615,1995 1702,1995 1789,1995 1877,1995"/>
                <TextEquiv>
                    <Unicode>est huiusmodi: igitur. Minor patet: quia sapientia circa primum motorem, hoc est deum, circa intelligentias &amp; or</Unicode>
                </TextEquiv>
            </TextLine>
            <TextLine id="r1l40" custom="readingOrder {index:36;}">
                <Coords points="200,2056 1891,2052 1836,2004 200,2007"/>
                <Baseline points="210,2045 293,2046 377,2046 460,2046 544,2046 627,2046 711,2045 794,2045 878,2045 961,2045 1045,2045 1129,2045 1212,2043 1296,2043 1379,2043 1463,2043 1546,2043 1630,2043 1713,2043 1797,2043 1881,2043"/>
                <TextEquiv>
                    <Unicode>bes caelestes versatur, louem. Mercurium, &amp; Venerem hominum monstra &amp; figmenta existimans de caelesti</Unicode>
                </TextEquiv>
            </TextLine>
            <TextLine id="r1l41" custom="readingOrder {index:37;}">
                <Coords points="198,2110 1817,2111 1882,2054 198,2056"/>
                <Baseline points="209,2093 292,2093 375,2093 458,2094 541,2093 624,2093 707,2093 791,2093 874,2092 957,2091 1040,2091 1123,2091 1206,2090 1289,2090 1373,2090 1456,2090 1539,2090 1622,2090 1705,2091 1788,2091 1872,2093"/>
                <TextEquiv>
                    <Unicode>bus loquitur. Prudentia vero circa humanos actus insudat: modo absurdum est hos caelestibus conferre, vti</Unicode>
                </TextEquiv>
            </TextLine>
            <TextLine id="r1l42" custom="readingOrder {index:38;}">
                <Coords points="200,2159 1806,2160 1888,2107 200,2119"/>
                <Baseline points="210,2142 293,2142 376,2142 460,2142 543,2141 627,2141 710,2141 793,2141 877,2139 960,2139 1044,2139 1127,2138 1210,2138 1294,2138 1377,2138 1461,2138 1544,2138 1627,2138 1711,2138 1794,2138 1878,2139"/>
                <TextEquiv>
                    <Unicode>Aristoteles superius innuebat. Item Aristoteles in sapientiae actibus felicitatem ponit vt in decimo deo pro¬</Unicode>
                </TextEquiv>
            </TextLine>
            <TextLine id="r1l43" custom="readingOrder {index:39;}">
                <Coords points="213,2196 1817,2204 1891,2197 1891,2149 213,2157"/>
                <Baseline points="224,2189 306,2189 389,2189 472,2189 555,2189 638,2189 721,2187 803,2187 886,2187 969,2187 1052,2186 1135,2186 1218,2186 1301,2184 1383,2184 1466,2184 1549,2184 1632,2184 1715,2186 1798,2186 1881,2187"/>
                <TextEquiv>
                    <Unicode>pitio videbitur. Et in prooemio metaphysicae eam caeteris artibus praefert. (Extendo hic artem ad omnem habitum</Unicode>
                </TextEquiv>
            </TextLine>
            <TextLine id="r1l44" custom="readingOrder {index:40;}">
                <Coords points="202,2245 1875,2251 1888,2198 202,2207"/>
                <Baseline points="213,2237 296,2237 379,2235 462,2235 545,2235 629,2234 712,2234 795,2234 878,2234 961,2234 1045,2232 1128,2232 1211,2232 1294,2232 1377,2232 1461,2232 1544,2232 1627,2232 1710,2232 1793,2232 1877,2234"/>
                <TextEquiv>
                    <Unicode>intellectualem dicens vt homo liber sui causa &amp; non alterius est: sic metaphysica est scientia libera &amp; ipsa sola sui¬</Unicode>
                </TextEquiv>
            </TextLine>
            <TextLine id="r1l45" custom="readingOrder {index:41;}">
                <Coords points="204,2300 1819,2301 1880,2246 204,2256"/>
                <Baseline points="215,2283 297,2283 380,2283 463,2283 545,2283 628,2282 711,2282 793,2282 876,2282 959,2280 1042,2280 1124,2280 1207,2280 1290,2280 1372,2280 1455,2280 1538,2280 1620,2280 1703,2280 1786,2281 1869,2282"/>
                <TextEquiv>
                    <Unicode>met causa est. illic eam maxime honorandam &amp; diuinam appellat: dicitque necessariores quidem omnes sunt ipsa, di¬</Unicode>
                </TextEquiv>
            </TextLine>
            <TextLine id="r1l46" custom="readingOrder {index:42;}">
                <Coords points="208,2350 1781,2350 1888,2342 1888,2297 208,2300"/>
                <Baseline points="219,2331 301,2331 384,2330 467,2330 550,2330 633,2330 716,2328 799,2328 882,2328 965,2328 1048,2328 1130,2328 1213,2327 1296,2327 1379,2327 1462,2327 1545,2327 1628,2327 1711,2327 1794,2327 1877,2327"/>
                <TextEquiv>
                    <Unicode>gnior vero nulla. Optimus finis est solum scire, secundo metaphysicae, ergo oportet naturali ordine vt pruden¬</Unicode>
                </TextEquiv>
            </TextLine>
            <TextLine id="r1l47" custom="readingOrder {index:43;}">
                <Coords points="217,2392 1866,2397 1883,2340 217,2348"/>
                <Baseline points="228,2378 310,2378 392,2376 474,2376 556,2376 639,2376 721,2375 803,2375 885,2375 967,2375 1050,2375 1132,2375 1214,2375 1296,2375 1378,2375 1461,2375 1543,2375 1625,2375 1707,2375 1789,2375 1872,2375"/>
                <TextEquiv>
                    <Unicode>tiae &amp; caeterae virtutes ad eam ordinentur vel ediuerso, secundum non est dicendum ergo primum. Sicut in maiore mundo </Unicode>
                </TextEquiv>
            </TextLine>
            <TextLine id="r1l48" custom="readingOrder {index:44;}">
                <Coords points="202,2449 1882,2436 1825,2383 202,2392"/>
                <Baseline points="212,2424 295,2424 378,2424 461,2424 544,2423 627,2423 710,2423 793,2423 876,2421 959,2421 1042,2421 1125,2421 1208,2421 1291,2421 1374,2421 1457,2421 1540,2421 1623,2421 1706,2421 1789,2423 1872,2423"/>
                <TextEquiv>
                    <Unicode>est ordo ad optimum, item minore mundo in homine est vna virtus suprema, ad quam reliquae ordinantur. In nouissimo</Unicode>
                </TextEquiv>
            </TextLine>
            <TextLine id="r1l49" custom="readingOrder {index:45;}">
                <Coords points="204,2485 1842,2495 1882,2436 204,2445"/>
                <Baseline points="215,2472 297,2472 380,2472 463,2472 546,2471 629,2471 712,2471 794,2469 877,2469 960,2469 1043,2468 1126,2468 1209,2468 1292,2468 1374,2468 1457,2468 1540,2468 1623,2469 1706,2470 1789,2471 1872,2472"/>
                <TextEquiv>
                    <Unicode>capite huius libri hoc Aristoteles expressissime tenet. Insuper cognitio qua deus cognoscit se &amp; se diligit, perfo</Unicode>
                </TextEquiv>
            </TextLine>
            <TextLine id="r1l50" custom="readingOrder {index:46;}">
                <Coords points="211,2535 1895,2536 1895,2485 1716,2473 211,2483"/>
                <Baseline points="221,2520 304,2520 387,2519 470,2519 553,2517 636,2517 719,2517 803,2516 886,2516 969,2516 1052,2516 1135,2516 1218,2514 1301,2516 1385,2516 1468,2516 1551,2516 1634,2517 1717,2517 1800,2519 1884,2519"/>
                <TextEquiv>
                    <Unicode>ctiori modo se habet quam cognoscendo creaturas &amp; eas producendo. In priore enim stat eius beatitudo: non autem in ra</Unicode>
                </TextEquiv>
            </TextLine>
            <TextLine id="r1l51" custom="readingOrder {index:47;}">
                <Coords points="204,2577 1888,2577 1888,2537 1747,2522 204,2535"/>
                <Baseline points="215,2567 298,2567 381,2567 464,2567 547,2565 630,2565 713,2565 797,2564 880,2564 963,2564 1046,2564 1129,2564 1212,2562 1295,2562 1379,2562 1462,2563 1545,2564 1628,2564 1711,2565 1794,2565 1878,2567"/>
                <TextEquiv>
                    <Unicode>tione notitiae creaturarum. Primaria intentione contemplatur seipsum, secundaria creaturas: sicut dicit commentator</Unicode>
                </TextEquiv>
            </TextLine>
            <TextLine id="r1l52" custom="readingOrder {index:48;}">
                <Coords points="211,2624 1883,2630 1882,2578 1744,2569 211,2577"/>
                <Baseline points="221,2613 303,2613 386,2613 468,2612 551,2612 633,2612 716,2612 798,2610 881,2610 963,2610 1046,2610 1129,2610 1211,2610 1294,2610 1376,2610 1459,2610 1541,2610 1624,2610 1706,2612 1789,2612 1872,2613"/>
                <TextEquiv>
                    <Unicode>secundo caeli commento decimo tertio &amp; xvii. Ergo pari ratione notitia qua deum cognoscimus est perfe</Unicode>
                </TextEquiv>
            </TextLine>
            <TextLine id="r1l54" custom="readingOrder {index:49;}">
                <Coords points="206,2668 1882,2678 1838,2621 206,2626"/>
                <Baseline points="216,2660 298,2660 381,2660 464,2660 547,2660 630,2660 712,2660 795,2660 878,2658 961,2658 1044,2658 1126,2658 1209,2658 1292,2658 1375,2657 1458,2657 1540,2658 1623,2658 1706,2658 1789,2658 1872,2660"/>
                <TextEquiv>
                    <Unicode>ctior notitia, qua creaturam deprehendimus, quia in hoc deum aemulamur quod perfectissimo modo se habet</Unicode>
                </TextEquiv>
            </TextLine>
            <TextLine id="r1l55" custom="readingOrder {index:50;}">
                <Coords points="209,2719 1879,2723 1879,2675 1734,2664 209,2668"/>
                <Baseline points="219,2705 301,2706 384,2706 466,2706 549,2706 631,2706 714,2706 796,2706 879,2706 961,2706 1044,2705 1126,2705 1209,2705 1291,2705 1374,2705 1456,2705 1539,2706 1621,2706 1704,2706 1786,2708 1869,2708"/>
                <TextEquiv>
                    <Unicode>sese contemplando. ⁋ Contra hanc conclusionem argumentor. Primum sic. Prudentia denominat virum</Unicode>
                </TextEquiv>
            </TextLine>
            <TextLine id="r1l56" custom="readingOrder {index:51;}">
                <Coords points="208,2765 1886,2774 1886,2718 1769,2707 208,2719"/>
                <Baseline points="219,2753 301,2753 384,2754 467,2754 550,2754 633,2754 715,2753 798,2753 881,2753 964,2753 1047,2753 1129,2753 1212,2753 1295,2753 1378,2753 1461,2753 1543,2753 1626,2754 1709,2754 1792,2756 1875,2757"/>
                <TextEquiv>
                    <Unicode>meliorem quam metaphysica: quia sine prudentia nemo est bonus vir, neque bonus ciuis septimo politicorum,</Unicode>
                </TextEquiv>
            </TextLine>
            <TextLine id="r1l57" custom="readingOrder {index:52;}">
                <Coords points="202,2820 1882,2814 1808,2764 202,2765"/>
                <Baseline points="212,2801 295,2801 378,2801 461,2801 544,2801 627,2801 710,2801 793,2801 876,2801 959,2801 1042,2801 1125,2801 1208,2801 1291,2801 1374,2801 1457,2801 1540,2801 1623,2802 1706,2802 1789,2802 1872,2804"/>
                <TextEquiv>
                    <Unicode>sine metaphysica plerique sunt boni: igitur. Secundo &amp; ratio a priore non multum discrepat) prudens non sa</Unicode>
                </TextEquiv>
            </TextLine>
            <TextLine id="r1l58" custom="readingOrder {index:53;}">
                <Coords points="207,2868 1887,2857 1887,2817 1753,2810 207,2816"/>
                <Baseline points="218,2847 305,2847 392,2847 479,2847 567,2847 654,2847 741,2847 829,2847 916,2847 1003,2847 1091,2849 1178,2849 1265,2849 1353,2849 1440,2849 1527,2849 1615,2849 1702,2849 1789,2849 1877,2849"/>
                <TextEquiv>
                    <Unicode>piens est melior metaphysico non prudente, ergo prudentia est metaphysica praestantior. Consequentia patet:</Unicode>
                </TextEquiv>
            </TextLine>
            <TextLine id="r1l59" custom="readingOrder {index:54;}">
                <Coords points="205,2917 1696,2920 1881,2906 1881,2856 205,2866"/>
                <Baseline points="215,2894 297,2894 380,2894 463,2894 546,2894 629,2894 711,2895 794,2895 877,2895 960,2895 1043,2895 1125,2895 1208,2895 1291,2897 1374,2897 1457,2897 1539,2897 1622,2897 1705,2897 1788,2897 1871,2897"/>
                <TextEquiv>
                    <Unicode>quia nobilior virtus nobiliorem accidentaliter hominem denominat. Antecedens patet: quia prudens non</Unicode>
                </TextEquiv>
            </TextLine>
            <TextLine id="r1l60" custom="readingOrder {index:55;}">
                <Coords points="198,2950 1830,2964 1885,2911 198,2906"/>
                <Baseline points="209,2940 292,2940 375,2940 458,2940 542,2942 625,2942 708,2942 791,2942 875,2942 958,2942 1041,2942 1124,2943 1208,2943 1291,2943 1374,2943 1457,2943 1541,2943 1624,2943 1707,2943 1790,2943 1874,2943"/>
                <TextEquiv>
                    <Unicode>metaphysicus est bonus homo simpliciter nemo est prudens nisi bonus ex philosophi litera: at metaphysi¬</Unicode>
                </TextEquiv>
            </TextLine>
            <TextLine id="r1l61" custom="readingOrder {index:56;}">
                <Coords points="198,3007 1798,3012 1884,3004 1885,2951 198,2954"/>
                <Baseline points="209,2987 292,2987 375,2988 458,2988 542,2988 625,2990 708,2990 791,2990 875,2990 958,2990 1041,2990 1124,2990 1208,2990 1291,2990 1374,2990 1457,2990 1541,2990 1624,2990 1707,2991 1790,2991 1874,2991"/>
                <TextEquiv>
                    <Unicode>cus non prudens est non bonus: patet, quia sine prudentia non acquiruntur morales virtutes. Tertio illa</Unicode>
                </TextEquiv>
            </TextLine>
            <TextLine id="r1l62" custom="readingOrder {index:57;}">
                <Coords points="210,3053 1880,3046 1880,3004 1703,2993 211,3003"/>
                <Baseline points="221,3035 303,3035 385,3035 468,3036 550,3036 633,3036 715,3036 797,3036 880,3036 962,3038 1045,3038 1127,3038 1209,3038 1292,3038 1374,3038 1457,3038 1539,3038 1621,3038 1704,3038 1786,3038 1869,3036"/>
                <TextEquiv>
                    <Unicode>virtus est praestantior, cuius proprius &amp; principalis effectus est melior: finis sapientiae est scire tantum: secundo</Unicode>
                </TextEquiv>
            </TextLine>
            <TextLine id="r1l63" custom="readingOrder {index:58;}">
                <Coords points="202,3093 1772,3109 1873,3103 1874,3046 202,3053"/>
                <Baseline points="213,3084 295,3084 378,3083 460,3083 543,3083 625,3083 708,3083 790,3083 873,3084 955,3084 1038,3084 1120,3084 1203,3084 1285,3084 1368,3086 1450,3086 1533,3086 1615,3086 1698,3086 1780,3086 1863,3084"/>
                <TextEquiv>
                    <Unicode>metaphysicae: finis prudentiae operari &amp; bene viuere secundum totum. Ad primum respondetur quod Ari¬</Unicode>
                </TextEquiv>
            </TextLine>
            <TextLine id="line_1613915534314_71" custom="readingOrder {index:59;}">
                <Coords points="202,3143 1903,3159 1903,3103 1844,3094 202,3097"/>
                <Baseline points="212,3131 306,3131 401,3131 496,3131 591,3131 686,3131 781,3131 875,3131 970,3131 1065,3131 1160,3131 1255,3131 1350,3132 1445,3132 1539,3132 1634,3132 1729,3132 1824,3132 1893,3131"/>
                <TextEquiv>
                    <Unicode>stoteles in septimo politicorum loquitur de felicitate politica, non de felicitate simpliciter, haec enim in spe¬</Unicode>
                </TextEquiv>
            </TextLine>
            <TextLine id="r1l65" custom="readingOrder {index:60;}">
                <Coords points="205,3194 1873,3199 1858,3138 205,3144"/>
                <Baseline points="216,3180 298,3179 380,3179 462,3177 545,3177 627,3177 709,3177 792,3177 874,3177 956,3179 1039,3179 1121,3179 1203,3180 1285,3180 1368,3180 1450,3180 1532,3180 1615,3180 1697,3180 1779,3179 1862,3179"/>
                <TextEquiv>
                    <Unicode>culatione, illa vero in prudentiae operibus consistit. Concedo tamen quod prudentia est melior ad bene operan¬</Unicode>
                </TextEquiv>
            </TextLine>
            <TextLine id="r1l66" custom="readingOrder {index:61;}">
                <Coords points="214,3238 1886,3234 1833,3186 214,3188"/>
                <Baseline points="224,3228 306,3227 389,3225 471,3225 554,3224 636,3224 719,3224 801,3224 884,3224 966,3225 1049,3225 1132,3225 1214,3227 1297,3227 1379,3227 1462,3227 1544,3227 1627,3227 1709,3227 1792,3227 1875,3225"/>
                <TextEquiv>
                    <Unicode>dum quam metaphysica: at ex illo non concluditur eius super metaphysicen praestantia. Hoc enim calle proba¬</Unicode>
                </TextEquiv>
            </TextLine>
            <TextLine id="r1l67" custom="readingOrder {index:62;}">
                <Coords points="208,3285 1879,3282 1856,3237 1682,3227 208,3240"/>
                <Baseline points="218,3275 300,3273 383,3272 465,3272 548,3272 630,3272 713,3272 795,3272 878,3272 960,3272 1043,3273 1126,3273 1208,3273 1291,3275 1373,3275 1456,3275 1538,3275 1621,3275 1703,3275 1786,3275 1869,3273"/>
                <TextEquiv>
                    <Unicode>res ordinata ad finem praeesse ipsi fini. Prudentia adminiculatur ad bene operandum: non sic est de notitia</Unicode>
                </TextEquiv>
            </TextLine>
            <TextLine id="r1l68" custom="readingOrder {index:63;}">
                <Coords points="206,3335 1882,3352 1882,3281 207,3285"/>
                <Baseline points="216,3323 298,3321 381,3320 464,3318 547,3318 629,3318 712,3318 795,3318 878,3320 960,3320 1043,3321 1126,3321 1209,3323 1291,3323 1374,3324 1457,3324 1540,3324 1622,3324 1705,3324 1788,3323 1871,3323"/>
                <TextEquiv>
                    <Unicode>intuitiua dei &amp; eius dilectione in patria, quae est ipsa charitate infusa praestantior, quam tamenn primae ad</Unicode>
                </TextEquiv>
            </TextLine>
            <TextEquiv>
                <Unicode>particularem patiendi exibant. Alias tetigimus vnum actum voluntatis efficacis circa finem cum intellectus
iudicio, alium actum voluntatis particularem naturaliter educere. Sicque efficaciter volens beatitudinem &amp;
censens esse necessarium perpeti pro fide aut alterius virtutis actu, necessitatur velle ceruicem tyranno sub¬
dere. Sic volens consequentiam esse bonam cum antecedentis volitione sequitur naturalis volitio consequen
tis. In morali philosophia trita est lectio, Habitum vnius virtutis mediante actu suo elicito &amp; prudentia pri¬
mum actum alterius virtutis occurrente materia producere. Et non solum hoc verum est: sed sola pia voluntas
cum intellectus iudicio sine alterius virtutis concursu occurrente materia actum &amp; quidem intensum pro¬
ducit grandem vel maximum secundum voluntatis conatum. Dilectio dei inclinat ad beneuolentiam eius &amp; ad
ei in omnibus placendum. Sic vnus actus malus inclinat, licet non necessitet in alium malum actum, vt odium So
cratis ad nolendum ei quicquam boni, sed ad volendum illi incommoda. Vnus ergo actus nonnumquam ad alium neces
sitat. Interdum vero facilitat aut difficultat, sed istud non est commune. Aristoteles omnes tales omnifariam
virtute praeditos non ab re putasset: speciales enim dei auxilium &amp; charitatis proprietatem ignorauit in tem¬
pestate illa qua vixit. virgunculae martyrium non sunt passae, nec motiua ad sic existimandum habuit: hoc dico pro
eo &amp; positionis consummatione ad hoc quod homo dicatur aliqua virtute illustris inclytusque, virtutum cardinaliam
&amp; quae in quotidiano vsu sunt requiritur glutinamentum, sic quod immobilis &amp; semper recte stas more quadrati in
via virtutis maneat, nec ad dextrum puer quacumque procellosa tempestate discendat. Et ad hoc faciundum de communi lege
virtutum cumulus requiritur, quia ab vno vitiorum flatu virtus vna, &amp; ab alio alia habentem protegit. Sic quod si trium
virtutum cardinalium habitus excellenter habeantur in conditionatis quartae sufficienter ab infesto
hoste protegetur: occurrente enim materia illius materiae habitus voluntatis conamine coalescit. Et si¬
concedo posse esse vnam virtutem sine alia, at illa est imperfecta, &amp; nouitiis in scholam morum conueniens:
sed nulla est virtus emicans &amp; egregia sine aliarum societate: &amp; hoc alii tenebrose innuunt connexionem
ponentes in gradu temperantiae &amp; heroico: sed sine illorum graduum peritia quos nondum attigimus, ne
gocium est conspicuum. Hoc in mentem reuoco, nullus absolutus logicus existimatur qui in insolubili
exponibili vel obligatione vulgari illaqueatur: si praesidens in vito stramineo in cauillo coram multitudi¬
ne irretiatur, cum cachinno regentes inter prandendum susurrantes dicunt: non est logicus: sic de abso¬
lute studioso dicas &amp; omnia lucida.
⁋ Et quia interdum quaeritur vtrum Sapientia sit prudentia praestantior an contra. In primis scito quod ha
bitus superne infusos hic praescindimus &amp; loquimur more Aristotelico, suppono etiam Aristotelem &amp; omnes
graues philosophos posuisse vitam esse post hanc vitam, non tamen resurrectionem. quam e solo lumine
fidei haurimus. Sapientes in decimo Ethicorum dei amicos existimat &amp; ei quam acceptatissimos: quorum ple¬
rique durius in hac miseriae valle tractantur, &amp; in caelesti efferuntur: proinde in futuro seculo post corporis
resolutionem probis erit merces: improbis dirum supplicium. His praelibatis respondeo quod Sapientia est pru¬
dentia praestantior. haec enim est Aristotelis in naturali lumine egregie loquentis sententia superius in 
hoc sexto dicebat. Sapientia est intellectus &amp; scientia &amp; vt caput habens, &amp; scientia honorabilissimorum: per¬
inde ac si sic diceret. Illa notitia est praestantior, quae nobilius habet obiectum, primo de anima: at sapientia
est huiusmodi: igitur. Minor patet: quia sapientia circa primum motorem, hoc est deum, circa intelligentias &amp; or
bes caelestes versatur, louem. Mercurium, &amp; Venerem hominum monstra &amp; figmenta existimans de caelesti
bus loquitur. Prudentia vero circa humanos actus insudat: modo absurdum est hos caelestibus conferre, vti
Aristoteles superius innuebat. Item Aristoteles in sapientiae actibus felicitatem ponit vt in decimo deo pro¬
pitio videbitur. Et in prooemio metaphysicae eam caeteris artibus praefert. (Extendo hic artem ad omnem habitum
intellectualem dicens vt homo liber sui causa &amp; non alterius est: sic metaphysica est scientia libera &amp; ipsa sola sui¬
met causa est. illic eam maxime honorandam &amp; diuinam appellat: dicitque necessariores quidem omnes sunt ipsa, di¬
gnior vero nulla. Optimus finis est solum scire, secundo metaphysicae, ergo oportet naturali ordine vt pruden¬
tiae &amp; caeterae virtutes ad eam ordinentur vel ediuerso, secundum non est dicendum ergo primum. Sicut in maiore mundo 
est ordo ad optimum, item minore mundo in homine est vna virtus suprema, ad quam reliquae ordinantur. In nouissimo
capite huius libri hoc Aristoteles expressissime tenet. Insuper cognitio qua deus cognoscit se &amp; se diligit, perfo
ctiori modo se habet quam cognoscendo creaturas &amp; eas producendo. In priore enim stat eius beatitudo: non autem in ra
tione notitiae creaturarum. Primaria intentione contemplatur seipsum, secundaria creaturas: sicut dicit commentator
secundo caeli commento decimo tertio &amp; xvii. Ergo pari ratione notitia qua deum cognoscimus est perfe
ctior notitia, qua creaturam deprehendimus, quia in hoc deum aemulamur quod perfectissimo modo se habet
sese contemplando. ⁋ Contra hanc conclusionem argumentor. Primum sic. Prudentia denominat virum
meliorem quam metaphysica: quia sine prudentia nemo est bonus vir, neque bonus ciuis septimo politicorum,
sine metaphysica plerique sunt boni: igitur. Secundo &amp; ratio a priore non multum discrepat) prudens non sa
piens est melior metaphysico non prudente, ergo prudentia est metaphysica praestantior. Consequentia patet:
quia nobilior virtus nobiliorem accidentaliter hominem denominat. Antecedens patet: quia prudens non
metaphysicus est bonus homo simpliciter nemo est prudens nisi bonus ex philosophi litera: at metaphysi¬
cus non prudens est non bonus: patet, quia sine prudentia non acquiruntur morales virtutes. Tertio illa
virtus est praestantior, cuius proprius &amp; principalis effectus est melior: finis sapientiae est scire tantum: secundo
metaphysicae: finis prudentiae operari &amp; bene viuere secundum totum. Ad primum respondetur quod Ari¬
stoteles in septimo politicorum loquitur de felicitate politica, non de felicitate simpliciter, haec enim in spe¬
culatione, illa vero in prudentiae operibus consistit. Concedo tamen quod prudentia est melior ad bene operan¬
dum quam metaphysica: at ex illo non concluditur eius super metaphysicen praestantia. Hoc enim calle proba¬
res ordinata ad finem praeesse ipsi fini. Prudentia adminiculatur ad bene operandum: non sic est de notitia
intuitiua dei &amp; eius dilectione in patria, quae est ipsa charitate infusa praestantior, quam tamenn primae ad</Unicode>
            </TextEquiv>
        </TextRegion>
    </Page>
</PcGts>
