2394 3594
432 186 2114 281 ⁋ Ad quintam dubitationem concedo de aliquibus iuuenibus. Nam Christifera virgo, diua Catherina.
407 259 2110 327 beata Agnes. Timotheus & Titus in iuuenta aetate erant huius lectionis idonei auditores. In talibus
420 306 2104 380 senectus non computatur inanis: sed frequentius iuuenes corporis illecebras sequuntur. pro augmento cor¬
414 350 2096 424 poris magno cibo aut saepius sumpto egent: quare ad libidinem sunt procliues, nec super foedis vulgo
423 401 2098 458 verecundantur. Item licet aliqui verberibus & monitionibus huic arti vacent, solum habent fidem in mo¬
415 449 2107 514 rali philosophia, praeceptorum assertionibus fidem impartiunt: & sic raro habent euidens iudicium & scienti¬
417 504 2092 558 ficum. Prouectae autem aetatis vir ad animae & corporis crasim nouit frugalitatem plurimum conducere, quia per
430 539 2099 605 ingluuiem & crapulam experimento didicit morbos tam in mente quam in corpore pullulasse, & ita de multis
433 586 2110 649 aliis. Alia ratio ex. ii. Ethicorum deprompta concludit plurimum expedire iuuenibus a vitiis arceri ad bonum.
433 633 2106 701 ⁋ Ad sextam dubitationem dicitur quod sinis immediatus huius scientiae est speculari secundum hanc scientiam,
431 680 2094 743 sed finis mediatus & vtilior est operari, non enim vt quid sit virtus sciamus scrutamur, sed vt boni
436 730 2104 792 efficiamur secundo Ethicorum. ⁋ Ad obiectionem concedo pueros posse geometriam & speculabilia prompte
427 786 2106 840 capere. quia nihil habent speculationi contrarium, secus est detemperantia & aliis virtutibus propter obices
453 827 2094 884 uos habent in eis. ⁋ Ad septimam dubitationem respondetur quod haec scientia est certissima certitudine im¬
432 871 2097 937 pulsus ad bonum. In hac enim arte acquiritur prudentia, quae sine aliis virtutibus moralibus non habetur sexto
436 914 2094 977 Ethicorum. bonis haec ars est certa. materia bonarum operationum est in quotidiano vsu. ltaque probi circa
439 963 2095 1023 suam materiam anxie insudant. Nihil ergo est bonis hac arte certius, malis & sequentibus suas cupiditates
432 1020 2097 1071 atque perturbationes haec scientia sane est parum vtilis aut exacta, scientiae mathematicae sunt in primo gra¬
424 1056 2107 1124 du certitudinis intra quem gradum omnem artem colloco, cuius principia sunt certa. Ex principiis autem & illa¬
433 1106 2095 1164 tione certis conclusionem inconcussae veritatis sequi est necesse. In secundo gradu sunt disciplinae quarum
429 1158 2104 1225 principia sunt vera, sunt tamen impedibilia, vt de philosophia naturali. Nam licet haec sit necessaria, calor
440 1200 2107 1259 est calefactiuus, tamen ista, calor calefacit impedimento est obnoxia, tam respectu passi quam respectu obicis,
425 1245 2105 1311 cilicet algoris. Sic est de multis principiis astrologicis. experientia enim cognoscimus aliquem erronum aspe¬
438 1298 2106 1353 ctum caloris siccitatisque esse procreatiuum, qui praepediri potest, vt pote si in signis humidis praesentia con¬
430 1342 2096 1410 trariae influentiae contingat, quocirca in talibus astronomi nonnum quam sunt falsi, & quanto pluribus impedi¬
427 1387 2094 1444 mentis sunt obnoxii tanto incertius iudicant. Hinc de actibus humanis a libertate arbitrii pendentibus
426 1435 2097 1500 ineptissimi iudiciarii perinde atque superstitiosi circunveniuntur. hoc in secundo gradu moralis disciplina
432 1490 1590 1547 in pennato collocabitur. in rudi nullum gradum certitudinis sortietur.
753 1580 1726 1670 Tractatus Primus. Cap. I. & LIR. I. Cap. IIII.
768 1625 2105 1722 Vne autem repetentes dicamus: cum omnis cognitio atque electio bonum
775 1716 2099 1784 quoddam affectet, quidnam fit id quod ciuilem appetere dicimus facul¬
774 1780 2096 1837 tatem: & quid omnium rerum agendanrum supremum sit bonum. Nomine
762 1828 2097 1902 igitur omnes fere de ipso consentiunt. Nam & vulgus & elegantes foeli¬
771 1878 2095 1954 licitatem inquiunt esse. Atque bene viuere, bene agere, & foelicem esse: eadem
742 1937 2099 2008 Resse putant. De foelicitate autem quaenam sit dissentiunt: & non similiter
504 2006 2095 2068 gus, ac sapientes eam assignant. Quidam enim vnum quid eorum quae clara, manifestaque
436 2048 2107 2119 sunt, ipsam esse putant: vt voluptatem, aut diuitias, aut honorem. Quidam aliquid aliud:
435 2109 2100 2184 persaepe etiam vnus, idemque, diuersum. Nam cum aegrotat, sanitatem: cum pauper est, diui¬
441 2159 2108 2236 tias. Ignorationis vero conscii suae eos admirantur qui magnum aliquid & vltra vires ipso¬
440 2229 2100 2286 rum dicunt. Quidam autem praeter haec plura bona: aliud quoddam per se esse putabant,
448 2271 2102 2339 quod quidem & his vniuersis vt sint bona censuere causam esse. Omnes igitur opiniones
445 2330 2094 2400 scrutari superuacaneum est fortasse. Satis autem erit, si eas scrutabimur quae maximae ex¬
439 2383 2097 2463 tant: aut rationem aliquam habere videntur. Atenim ne lateat nos eas inter sese rationes
453 2436 2095 2511 differre quae a principiis proficiscuntur: & quae ad principia pergunt. Recte enim & Plato
451 2497 2099 2559 dubitabat atque quaerebat: vtrum a principiis, an ad principia sit ipsa via: vt in stadio ad cal¬
451 2559 2101 2623 cem exiisse qui praemia ponunt: an contra. Enimuero semper est a notis incipiendum. Haec
454 2606 2097 2673 autem duobus modis talia sunt. Alia namque sunt nobis, alia simpliciter nota. Nobis igitur
451 2664 2095 2748 forsitan ex iis incipiendum est, quae nobis sunt nota. Quo bene circa institutum moribus
447 2718 2103 2794 eum esse oportet, qui de honestis & iustis & omni ciuili ratione est sufficienter auditurus.
444 2787 2113 2846 Est enim principium esse. Atque si hoc satis constet, non opus erit ipso cur est. Talis autem
435 2836 2114 2899 aut habet principia, aut accipere facile potest: cui vero neutrum horum inest, is Hesiodi
442 2890 1358 2965 sententiam audiat hisce carminibus explicatam.
445 2945 1359 3028 Optimus ille quidem est, ex sese qui omnia nouit:
456 3001 1268 3079 Perceptis quae post & semper sunt meliora.
451 3056 1279 3127 Is rursum bonus est, paret qui recta monenti.
444 3121 1295 3177 At qui ex se nescit: nec cuiquam porrigit aures
453 3169 1319 3262 Vt bona percipiat: demens & inutilis ille est.
