2357 3604
190 269 1868 339 ab hoste non superari, quamuis affectum non extrudat. In malitia immanitas est pessima. post intemperan¬
191 325 1878 388 tia gradus ad sensum postea explicandum: deinde incontinentia. Mollis est incontinente deterior, quoniam
195 378 1871 435 a paruis molestiis vincitur, a vehementibus incontinens superatur. Insultas meliori peius opponitur. Con¬
198 419 1873 479 tinentia enim est praestabilior perseuerantia: proinde incontinentia est deterior quam mollities. Dicimus quod ma¬
197 479 1877 523 ior est vera nisi vnum in altero includatur: vt Aristoteles. viii. topicorum ait: nunc autem perseuerantia inclu¬
198 520 1867 572 ditur incontinentia, & non contra. Continens non superatur a turpibus voluptatibus, sed eas superat: & perseuerans a
196 559 1867 617 tristitiis oppositis delectationibus turpibus non vincitur. Omis autem qui debellat voluptatum cupiditates non
202 615 1873 670 vincitur a tristitiis oppositis illis delectationibus, & non ediuerso. Patet in simili. Bene viuere est melius quam vi
202 654 1874 719 tam transigere, non tamen est propterea consequens non bene viuere est deterius quam non viuere, & id pro¬
202 709 1873 763 pterea quia bene viuere in viuere includitur, denique homo inter belluas atque substantias seperatas est inter
200 750 1876 808 stes: nam cum pecoribus sentit, cum angelis intelligit: & interstes inter aliqua quodammodo vtrumque ex¬
208 801 1871 859 tremum attingit. Rationalis pars hominis vltra communem hominum statum perfici potest: & etiam decli
202 841 1396 898 nare ad bestias, & medio modo se habere, quo pacto sunt virtutes humanae.
518 935 1517 1012 Tract. I. Cap. II. EtLib. VII. Cap. II.
555 979 1856 1075 Vbitauerit autem quispiam qui fit, vt recte quispiam existimans agat ince
556 1057 1860 1126 tinenter? Scientem igitur inquiunt quidam, impossibile esse. Nam absurdum
553 1120 1867 1181 est (vt arbitrabatur Socrates) si scientia insit, aliud quippiam vincere, &
556 1166 1874 1236 ipsum perinde atque mancipium trahere. Socrates enim omnino contra ra¬
553 1219 1875 1290 tionem ipsam pugnabat: incontinentiamque exterminabat, neminem enim
434 1273 1863 1355 lexistimantem, praeter id quod est optimum agere, sed ob ignorationem dice¬
208 1341 1872 1404 bat. Haec igitur sententia iis aduersatur: quae manifeste apparent. Atque quaerere oportet quisnam
203 1404 1876 1464 in ipsa perturbatione si ob ignorationem agit, ignorationis sit modus: Constat enim incon¬
215 1451 1870 1516 tinentem non putare illud esse bonum, antequam in perturbatione sit constitutus. Sunt autem qui
214 1499 1864 1570 haec partim concedunt, partim non concedunt: etenim scientia quidem nihil esse validius confi
211 1570 1853 1635 tentur. At huic non assentiuntur, neminem agere praeter id quod visum est melius. Quapro
212 1617 1864 1679 pter, inquiunt, incontinentem a voluptatibus superari, non scientiam quidem, sed opinionem ha¬
210 1670 1866 1739 bentem. At vero si opinio sit non scientia, neque vehemens existimatio quae resistit: sed remissa
215 1727 1867 1792 (sicut in ambigentibus) venia danda est: si non in his persistit aduersus vehementes cupidi¬
214 1779 1874 1850 tates. At prauitati non est venia danda: nec aliorum cuiquam quae vituperabilia sunt. Est ne igitur
217 1836 1865 1899 id quod resistit prudentia: Haec enim est validissima. At est absurdum. Erit enim item prudens
207 1893 1874 1962 atque incontinens simul. Nemo dixerit prudentis esse ea sponte agere, quae prauissima sunt.
216 1949 1879 2014 Et insuper demonstratum est antea prudentem aptum ad agendum esse (est enim quidem extre
208 2014 1867 2074 morum) & caeteras virtutes habere. Praeterea si continens est ex eo, quia vehementes ac pra¬
214 2064 1868 2125 uas habet cupiditates: neque temperatus continens erit, neque continens temperatus. Etenim
205 2118 1872 2175 neque vehementes habere cupiditates neque prauas, est temperati. At oportet, nam si cupidita¬
224 2173 1868 2237 tes sint bonae, prauus est habitus ille, qui prohibet non sequi. Quare non omnis continentia
211 2224 1876 2300 est studiosa: sin imbecilles & non prauae, non est quid egregium nec etiam magnum, quid si sint
211 2291 1876 2354 prauae ac imbecilles? Praeterea si continentia in quauis opinione facit per sistere, praua est:
218 2341 1881 2404 vt si & in falsa. Et si incontinentia a quauis opinione dimouet erit aliqua incontinentia stu¬
211 2395 1872 2462 diosa: quale fecit Neoptolemus apud Sophoclem in Philoctete: est enim laudabile, quia non
208 2457 1876 2532 persistit in iis quae suaserat Vlysses ob mentiendi dolorem. Praeterea captio mentiens dubitatio
220 2511 1866 2576 est. Quia namque admirabilia, praeterque opinionem sophistae inferre volunt redarguendo, vt cum attige
207 2567 1870 2640 rint: videantur acuti, ratiocinatio facta dubitatio fit: ligatur enim mens cum manere quidem
226 2621 1875 2682 non vult: quia conclusio non placet: procedere autem non potest: quia rationem soluere nequit.
217 2674 1878 2746 Fit autem aliqua ratione vt imprudentia cum incontinentia sit virtus. Qui namque habet vtrumque, con¬
223 2735 1888 2800 traria iis quae existimat ob incontinentiam aget. Existimat autem bona esse mala: & agere non
222 2789 1873 2861 oportere. Quare bona aget: & non mala. Praeterea qui persuasus agit: voluptatesque sequitur atque
220 2839 1873 2923 eligit: melior eo videbitur esse: qui non ob rationem: sed ob incontinentiam agit. Nam facilius
220 2904 1883 2976 curari potest: quippe cum possit illi dissuaderi. At incontinens obnoxius est ei prouerbio
217 2966 1895 3034 quo dicimus quid insuper bibere opus est: cum strangulat aqua? Etenim si non persuasum
226 3021 1877 3092 esset ipsi ea non agenda esse quae agit: dissuasus tandem cessasset, nunc vero persuasum est ei: & ni¬
219 3063 1882 3147 hilominus talia agit. Insuper si circa vniuersa continentia fit atque incontinentia: quisnam sit il
220 3119 1883 3188 le qui est incontinens absolute? Nemo enim habet incontinentias omnes. Dicimus autem
222 3180 1879 3249 quosdam simpliciter incontinentes esse. Tales igitur quaedam hac in materia dubitationes emer
226 3237 1865 3323 gunt. Horum autem alia tollere, alia relinquere oportet: dubitationis enim solutio inuentio est
