<?xml version="1.0" encoding="UTF-8" standalone="yes"?>
<PcGts xmlns="http://schema.primaresearch.org/PAGE/gts/pagecontent/2013-07-15" xmlns:xsi="http://www.w3.org/2001/XMLSchema-instance" xsi:schemaLocation="http://schema.primaresearch.org/PAGE/gts/pagecontent/2013-07-15 http://schema.primaresearch.org/PAGE/gts/pagecontent/2013-07-15/pagecontent.xsd">
    <Metadata>
        <Creator>prov=University of Rostock/Institute of Mathematics/CITlab|PLANET AI GmbH/Gundram Leifert/gundram.leifert@planet-ai.de:name=cod-MaEth8-m2(htr_id=30545)::::v=2.6.7
prov=University of Rostock/Institute of Mathematics/CITlab|PLANET AI GmbH/Tobias Gruening/tobias.gruening@planet-ai.de:name=de.uros.citlab.module.baseline2polygon.B2PSeamMultiOriented:v=2.6.7
prov=University of Rostock/Institute of Mathematics/CITlab|PLANET AI GmbH/Tobias Gruening/tobias.gruening@planet-ai.de:name=/net_tf/LA73_249_0mod360.pb:de.uros.citlab.segmentation.CITlab_LA_ML:v=2.6.6
Transkribus</Creator>
        <Created>2021-01-31T23:14:38.049+01:00</Created>
        <LastChange>2021-02-26T18:20:39.833+01:00</LastChange>
        <TranskribusMetadata docId="597563" pageId="23819768" pageNr="238" tsid="53133194" status="IN_PROGRESS" userId="25065" imgUrl="https://files.transkribus.eu/Get?id=SVWKSNBBWMDKLSWQFQGEPLST&amp;fileType=view" xmlUrl="https://files.transkribus.eu/Get?id=RGTTAPNIIEGFEAHBMZPXDZTH" imageId="18280226"/>
    </Metadata>
    <Page imageFilename="237.jpg" imageWidth="2262" imageHeight="3603">
        <ReadingOrder>
            <OrderedGroup id="ro_1614432129521" caption="Regions reading order">
                <RegionRefIndexed index="0" regionRef="r3"/>
            </OrderedGroup>
        </ReadingOrder>
        <TextRegion orientation="0.0" id="r3" custom="readingOrder {index:0;}">
            <Coords points="401,159 401,3295 2108,3295 2108,159"/>
            <TextLine id="r3l2" custom="readingOrder {index:0;}">
                <Coords points="401,306 2106,313 2079,247 402,236"/>
                <Baseline points="413,294 497,291 581,290 665,288 749,287 833,287 917,287 1002,287 1086,288 1170,288 1254,290 1338,291 1422,293 1506,294 1591,296 1675,297 1759,299 1843,300 1927,302 2011,302 2096,303"/>
                <TextEquiv>
                    <Unicode>do singulare. Nec inconuenit incontinentem vtrasque propositiones habere, scililicet vniuersalem ac parti¬</Unicode>
                </TextEquiv>
            </TextLine>
            <TextLine id="r3l3" custom="readingOrder {index:1;}">
                <Coords points="407,351 2114,362 2114,309 408,304"/>
                <Baseline points="419,342 503,339 587,336 671,335 755,333 839,333 923,333 1008,333 1092,333 1176,335 1260,336 1344,338 1428,339 1512,341 1597,342 1681,344 1765,345 1849,347 1933,348 2017,350 2102,351"/>
                <TextEquiv>
                    <Unicode>cularem: attamen cum agit non vtitur cognitione &amp; scientia illius singularis, quippe notitia singularis &amp;</Unicode>
                </TextEquiv>
            </TextLine>
            <TextLine id="r3l4" custom="readingOrder {index:2;}">
                <Coords points="407,405 2105,415 2067,357 408,350"/>
                <Baseline points="419,389 502,386 586,384 670,383 754,381 837,381 921,381 1005,381 1089,381 1172,383 1256,384 1340,384 1424,386 1507,387 1591,389 1675,390 1759,392 1842,393 1926,395 2010,396 2094,396"/>
                <TextEquiv>
                    <Unicode>non vniuersalis praxim elicit. iii. de anima. Ista in vigilia eueniunt. ltaque erit quoquomodo sciens respectu</Unicode>
                </TextEquiv>
            </TextLine>
            <TextLine id="r3l5" custom="readingOrder {index:3;}">
                <Coords points="410,447 2108,463 2040,404 411,409"/>
                <Baseline points="420,432 503,431 587,429 671,428 755,428 839,428 923,428 1006,428 1090,429 1174,430 1258,431 1342,432 1426,434 1510,435 1593,437 1677,438 1761,440 1845,442 1929,443 2013,444 2097,446"/>
                <TextEquiv>
                    <Unicode>vniuersalis. &amp; quoquomodo nescius respectu singularis, postquam cognitione in singulari propositione minime</Unicode>
                </TextEquiv>
            </TextLine>
            <TextLine id="r3l6" custom="readingOrder {index:4;}">
                <Coords points="408,495 2100,508 2100,464 1975,452 409,455"/>
                <Baseline points="420,480 503,479 587,477 670,477 754,476 837,476 921,476 1004,476 1088,477 1171,477 1255,479 1338,480 1422,481 1505,482 1589,483 1672,485 1756,486 1839,488 1923,489 2006,491 2090,492"/>
                <TextEquiv>
                    <Unicode>vtitur: Sequitur. Praeterea fit vt homines. Tertiam distinctionem addens, ex qua tertia solutio dubitationis emer</Unicode>
                </TextEquiv>
            </TextLine>
            <TextLine id="r3l7" custom="readingOrder {index:5;}">
                <Coords points="404,550 2106,546 2076,499 404,495"/>
                <Baseline points="414,530 498,527 582,525 666,524 750,523 834,522 918,522 1002,522 1086,524 1170,525 1255,525 1339,527 1423,528 1507,530 1591,531 1675,533 1759,534 1843,536 1927,536 2011,537 2096,537"/>
                <TextEquiv>
                    <Unicode>git, inquit: Praeterea fit vt homines scientiam habeant alio modo quam nuper diximus: hoc est alio modo quam habi</Unicode>
                </TextEquiv>
            </TextLine>
            <TextLine id="r3l8" custom="readingOrder {index:6;}">
                <Coords points="406,589 2035,607 2102,560 406,550"/>
                <Baseline points="417,578 500,575 584,573 667,572 751,570 835,570 918,570 1002,570 1086,571 1169,572 1253,573 1337,575 1420,576 1504,578 1588,579 1671,581 1755,581 1839,582 1922,584 2006,585 2090,585"/>
                <TextEquiv>
                    <Unicode>tu operatione ac actu. Secundo in habendo, sed non vtendo. Differentem cernimus habitum vt habeat quodammo</Unicode>
                </TextEquiv>
            </TextLine>
            <TextLine id="r3l9" custom="readingOrder {index:7;}">
                <Coords points="403,644 2107,636 2063,593 403,589"/>
                <Baseline points="413,624 497,621 581,620 665,618 749,618 833,617 917,617 1002,618 1086,618 1170,620 1254,620 1338,621 1422,623 1506,624 1591,627 1675,627 1759,629 1843,630 1927,632 2011,633 2096,633"/>
                <TextEquiv>
                    <Unicode>do &amp; non habeat ipsum habitum: postquam in tali dispositione in actum exire nequit: qualis est sopore grauatus, fu¬</Unicode>
                </TextEquiv>
            </TextLine>
            <TextLine id="r3l10" custom="readingOrder {index:8;}">
                <Coords points="396,682 2119,702 2120,642 396,644"/>
                <Baseline points="407,672 492,669 577,666 662,665 747,665 832,663 917,663 1002,665 1087,665 1172,666 1257,668 1342,669 1427,671 1512,672 1597,674 1682,675 1767,677 1852,678 1937,678 2022,678 2108,678"/>
                <TextEquiv>
                    <Unicode>rens ac temulentus. Tales quatum libet bene habituati in arte ad rogata responsare nequeunt: quomodo illi</Unicode>
                </TextEquiv>
            </TextLine>
            <TextLine id="r3l11" custom="readingOrder {index:9;}">
                <Coords points="396,735 2104,749 2047,686 396,682"/>
                <Baseline points="407,719 491,717 575,714 660,713 744,713 828,711 913,711 997,711 1081,713 1166,713 1250,714 1334,714 1419,716 1503,718 1587,719 1672,722 1756,723 1840,725 1925,726 2009,728 2094,729"/>
                <TextEquiv>
                    <Unicode>disponuntur qui perturbationibus implicantur. Siquidem irae, cupidines venereae, caetera quoque id genus vitia</Unicode>
                </TextEquiv>
            </TextLine>
            <TextLine id="r3l12" custom="readingOrder {index:10;}">
                <Coords points="399,776 2118,786 2059,737 399,736"/>
                <Baseline points="410,765 494,764 579,762 664,761 749,759 834,759 919,759 1004,759 1089,759 1174,761 1259,762 1343,762 1428,764 1513,765 1598,768 1683,770 1768,771 1853,773 1938,774 2023,776 2108,779"/>
                <TextEquiv>
                    <Unicode>corpus ipsum nutare faciunt atque ipsum permutant. Ebrius pedibus recte ambulare nequit. Tales insultus nonnullos</Unicode>
                </TextEquiv>
            </TextLine>
            <TextLine id="r3l13" custom="readingOrder {index:11;}">
                <Coords points="401,826 1967,850 2103,843 2104,788 402,775"/>
                <Baseline points="413,812 497,809 581,807 665,806 749,806 833,806 917,806 1001,806 1085,807 1169,807 1253,809 1337,810 1421,812 1505,814 1589,816 1673,818 1757,819 1841,821 1925,822 2009,824 2093,825"/>
                <TextEquiv>
                    <Unicode>in vesaniam adigunt. Excessiuo amore aliqui infatuantur ac in rabiem aguntur: &amp; pallore ac tremore adiguntur. Si</Unicode>
                </TextEquiv>
            </TextLine>
            <TextLine id="r3l14" custom="readingOrder {index:12;}">
                <Coords points="404,877 2064,893 2107,847 405,820"/>
                <Baseline points="416,861 500,858 584,855 668,854 752,852 836,852 920,852 1004,852 1088,854 1172,855 1256,857 1340,858 1424,860 1508,861 1592,864 1676,866 1760,867 1844,869 1928,872 2012,872 2096,873"/>
                <TextEquiv>
                    <Unicode>quispiam impatienti ira concitetur ardescent illi oculi, os cum inferiori labio cremit, lingua titubat, dentes</Unicode>
                </TextEquiv>
            </TextLine>
            <TextLine id="r3l15" custom="readingOrder {index:13;}">
                <Coords points="407,920 2109,942 2085,884 408,878"/>
                <Baseline points="419,909 503,906 587,903 671,902 755,900 839,900 923,900 1007,900 1091,902 1175,903 1259,905 1343,906 1427,909 1511,911 1595,913 1679,915 1763,917 1847,918 1931,920 2015,920 2099,921"/>
                <TextEquiv>
                    <Unicode>concrepant. Patet igitur quod incontinentes sic se habent, ac homines his verturbationibus affecti &amp; corpore &amp;</Unicode>
                </TextEquiv>
            </TextLine>
            <TextLine id="r3l16" custom="readingOrder {index:14;}">
                <Coords points="402,961 1840,989 2110,984 2111,942 402,925"/>
                <Baseline points="413,954 497,952 581,950 666,948 750,947 834,947 919,948 1003,948 1087,950 1172,951 1256,954 1340,956 1425,958 1509,960 1593,962 1678,963 1762,965 1846,966 1931,968 2015,968 2100,966"/>
                <TextEquiv>
                    <Unicode>animo alterantur, in libidinosa cogitatione pudibunda membra ratioris gyrum transiliunt: vt daemoni euidenter</Unicode>
                </TextEquiv>
            </TextLine>
            <TextLine id="r3l17" custom="readingOrder {index:15;}">
                <Coords points="397,1010 1892,1041 2109,1031 2110,982 398,961"/>
                <Baseline points="407,1002 491,999 576,996 660,995 745,995 830,995 914,995 999,996 1084,997 1168,999 1253,1001 1338,1004 1422,1005 1507,1007 1592,1010 1676,1011 1761,1013 1846,1014 1930,1014 2015,1014 2100,1013"/>
                <TextEquiv>
                    <Unicode>hominis cogitatum indicent: qui cordis arcana hoc pacto cognoscit. Fortasse quispiam insultat inquiens. Furo</Unicode>
                </TextEquiv>
            </TextLine>
            <TextLine id="r3l18" custom="readingOrder {index:16;}">
                <Coords points="402,1057 2093,1084 2109,1022 402,1008"/>
                <Baseline points="413,1050 497,1046 581,1044 665,1043 749,1041 834,1041 918,1043 1002,1044 1086,1046 1170,1047 1255,1049 1339,1052 1423,1054 1507,1056 1591,1058 1676,1061 1760,1062 1844,1062 1928,1062 2012,1062 2097,1061"/>
                <TextEquiv>
                    <Unicode>re agitatus consuetas cantilenas concinit: vatum edas antea imbibitas recitat: proinde suo habitu propin</Unicode>
                </TextEquiv>
            </TextLine>
            <TextLine id="r3l19" custom="readingOrder {index:17;}">
                <Coords points="397,1101 2086,1128 2106,1081 397,1065"/>
                <Baseline points="407,1095 491,1092 575,1091 660,1090 744,1089 828,1090 913,1091 997,1092 1081,1094 1166,1096 1250,1098 1334,1100 1419,1103 1503,1104 1587,1106 1672,1107 1756,1109 1840,1109 1925,1109 2009,1109 2094,1107"/>
                <TextEquiv>
                    <Unicode>que eas sententias quae a scientia emanant exprimit. Nullum est indicium scientifici vsus propinqua potentia.</Unicode>
                </TextEquiv>
            </TextLine>
            <TextLine id="r3l20" custom="readingOrder {index:18;}">
                <Coords points="409,1153 2107,1162 2018,1116 410,1110"/>
                <Baseline points="419,1142 502,1140 586,1139 670,1137 754,1137 838,1139 922,1139 1006,1140 1090,1142 1174,1145 1258,1146 1341,1149 1425,1151 1509,1152 1593,1154 1677,1155 1761,1157 1845,1157 1929,1157 2013,1155 2097,1154"/>
                <TextEquiv>
                    <Unicode>his affectibus constituti. Demonstrationes ex habitu Empedocles ac versiculos recitauit. Philosophiam Empe¬</Unicode>
                </TextEquiv>
            </TextLine>
            <TextLine id="r3l21" custom="readingOrder {index:19;}">
                <Coords points="399,1199 2013,1225 2116,1173 399,1150"/>
                <Baseline points="410,1188 494,1187 579,1185 664,1185 749,1185 834,1187 918,1188 1003,1189 1088,1191 1173,1193 1258,1194 1342,1197 1427,1199 1512,1200 1597,1202 1682,1203 1766,1203 1851,1203 1936,1203 2021,1203 2106,1200"/>
                <TextEquiv>
                    <Unicode>docles Agrigentinus carmine intricatissime complexus est: cuius Lucretius meminit inquiens, Carmina</Unicode>
                </TextEquiv>
            </TextLine>
            <TextLine id="r3l22" custom="readingOrder {index:20;}">
                <Coords points="413,1257 2055,1275 2117,1267 2118,1207 414,1201"/>
                <Baseline points="423,1236 507,1235 591,1233 675,1233 759,1233 843,1235 927,1236 1012,1238 1096,1239 1180,1241 1264,1244 1348,1245 1432,1247 1516,1248 1601,1250 1685,1251 1769,1251 1853,1251 1937,1251 2021,1250 2106,1248"/>
                <TextEquiv>
                    <Unicode>quinetiam diuini pectoris eius vociferantur &amp;exponunt praeclara reperta: Vt vix humana videatur stirpe crea</Unicode>
                </TextEquiv>
            </TextLine>
            <TextLine id="r3l23" custom="readingOrder {index:21;}">
                <Coords points="406,1303 2086,1322 2104,1265 406,1257"/>
                <Baseline points="417,1283 500,1281 584,1281 668,1281 752,1283 836,1283 920,1284 1003,1286 1087,1287 1171,1289 1255,1292 1339,1293 1423,1295 1507,1296 1590,1298 1674,1298 1758,1299 1842,1299 1926,1299 2010,1298 2094,1296"/>
                <TextEquiv>
                    <Unicode>tus. Auditor fuit Pytagorae. Et pueruli, qui primum discunt concinnatas orationes earum verba nectunt, at</Unicode>
                </TextEquiv>
            </TextLine>
            <TextLine id="r3l24" custom="readingOrder {index:22;}">
                <Coords points="405,1341 2012,1366 2108,1318 406,1303"/>
                <Baseline points="417,1329 501,1330 585,1331 669,1331 753,1332 837,1334 921,1335 1005,1336 1089,1337 1173,1338 1257,1340 1341,1341 1425,1343 1509,1344 1593,1344 1677,1346 1761,1346 1845,1346 1929,1346 2013,1346 2097,1344"/>
                <TextEquiv>
                    <Unicode>nesciunt quae pronunciant. Oportec vt capta illorum insideant menti antequam dicta calleant: ad quod tem¬</Unicode>
                </TextEquiv>
            </TextLine>
            <TextLine id="r3l25" custom="readingOrder {index:23;}">
                <Coords points="400,1396 2104,1410 2089,1355 400,1349"/>
                <Baseline points="411,1377 495,1377 579,1377 663,1379 747,1379 831,1380 915,1382 1000,1383 1084,1385 1168,1386 1252,1388 1336,1389 1420,1391 1504,1391 1589,1392 1673,1392 1757,1392 1841,1392 1925,1392 2009,1391 2094,1389"/>
                <TextEquiv>
                    <Unicode>poris fluxu opus est. Si copiosum lac in angustum vasis os, infuderis, parum vas capiet, at sensim immis¬</Unicode>
                </TextEquiv>
            </TextLine>
            <TextLine id="r3l26" custom="readingOrder {index:24;}">
                <Coords points="403,1438 2095,1463 2108,1414 404,1389"/>
                <Baseline points="414,1422 498,1424 582,1425 666,1425 750,1427 834,1428 918,1430 1003,1431 1087,1432 1171,1433 1255,1434 1339,1436 1423,1436 1507,1437 1592,1437 1676,1439 1760,1439 1844,1439 1928,1439 2012,1439 2097,1439"/>
                <TextEquiv>
                    <Unicode>fum totum recipitur. Sic de scientia tota simul tradita: vnde tempestatis curriculo opus est. Quare existi¬</Unicode>
                </TextEquiv>
            </TextLine>
            <TextLine id="r3l27" custom="readingOrder {index:25;}">
                <Coords points="404,1481 2106,1507 2106,1453 1987,1442 404,1438"/>
                <Baseline points="414,1469 498,1470 582,1472 666,1473 750,1473 834,1475 918,1476 1002,1477 1086,1478 1170,1479 1255,1481 1339,1481 1423,1482 1507,1482 1591,1484 1675,1484 1759,1485 1843,1485 1927,1485 2011,1485 2096,1485"/>
                <TextEquiv>
                    <Unicode>mandum est quod vt histriones ac ludii poemata in scenicis ludis recitant: haud secus incontinentes sententias pro¬</Unicode>
                </TextEquiv>
            </TextLine>
            <TextLine id="r3l28" custom="readingOrder {index:26;}">
                <Coords points="398,1534 2100,1545 2011,1495 398,1481"/>
                <Baseline points="408,1515 492,1517 576,1518 660,1519 744,1520 828,1521 912,1523 996,1523 1080,1524 1164,1526 1249,1527 1333,1527 1417,1529 1501,1529 1585,1530 1669,1531 1753,1532 1837,1532 1921,1533 2005,1533 2090,1535"/>
                <TextEquiv>
                    <Unicode>ferunt. Personati ludiones in scenis apud Romanos, Graecosque, &amp; vbiuis gentium reperiuntur. Itaque est de in¬</Unicode>
                </TextEquiv>
            </TextLine>
            <TextLine id="r3l29" custom="readingOrder {index:27;}">
                <Coords points="403,1579 2027,1602 2091,1541 404,1528"/>
                <Baseline points="414,1562 497,1563 580,1565 664,1566 747,1568 830,1569 914,1571 997,1571 1080,1572 1164,1572 1247,1574 1330,1575 1414,1575 1497,1577 1580,1577 1664,1578 1747,1578 1830,1580 1914,1580 1997,1581 2081,1581"/>
                <TextEquiv>
                    <Unicode>continenti: quamuis enim ore dicat, attamen in corde aliter sentit. Quando incontinens est in opere incontinen</Unicode>
                </TextEquiv>
            </TextLine>
            <TextLine id="r3l30" custom="readingOrder {index:28;}">
                <Coords points="405,1625 2107,1655 2108,1589 406,1578"/>
                <Baseline points="416,1611 500,1613 584,1614 668,1615 752,1616 836,1617 920,1619 1004,1619 1088,1620 1172,1620 1256,1622 1340,1622 1424,1623 1508,1623 1592,1625 1676,1625 1760,1626 1844,1626 1928,1628 2012,1628 2097,1629"/>
                <TextEquiv>
                    <Unicode>tiae, si interrogaretur forte recte responderet, sed hoc est a casu. Est enim prorsus distractus &amp; ignarus eorum</Unicode>
                </TextEquiv>
            </TextLine>
            <TextLine id="r3l31" custom="readingOrder {index:29;}">
                <Coords points="404,1682 2104,1681 2066,1634 404,1625"/>
                <Baseline points="414,1659 502,1661 590,1662 679,1662 767,1664 855,1665 944,1665 1032,1667 1120,1667 1209,1668 1297,1668 1386,1670 1474,1670 1562,1671 1651,1671 1739,1673 1827,1673 1916,1674 2004,1674 2093,1676"/>
                <TextEquiv>
                    <Unicode>quae ore exprimit: ac puero &amp; ludioni ludo scenico ludenti confertur. Sequitur in litera. Insuper &amp; hoc modo </Unicode>
                </TextEquiv>
            </TextLine>
            <TextLine id="r3l32" custom="readingOrder {index:30;}">
                <Coords points="404,1729 2110,1742 2111,1695 404,1682"/>
                <Baseline points="414,1707 498,1709 582,1710 666,1710 751,1712 835,1713 919,1713 1004,1715 1088,1715 1172,1716 1257,1716 1341,1716 1425,1718 1509,1718 1594,1719 1678,1719 1762,1721 1847,1721 1931,1722 2015,1722 2100,1724"/>
                <TextEquiv>
                    <Unicode>quispiam. In processu scientiae actiuae est duplex opinio, vna vniuersalis, vt pote omne dulce est gustandum: alte</Unicode>
                </TextEquiv>
            </TextLine>
            <TextLine id="r3l33" custom="readingOrder {index:31;}">
                <Coords points="413,1774 2098,1790 2098,1732 2045,1730 413,1729"/>
                <Baseline points="423,1757 506,1757 589,1758 672,1758 756,1760 839,1760 922,1761 1005,1761 1089,1763 1172,1763 1255,1764 1338,1764 1422,1764 1505,1766 1588,1766 1671,1767 1755,1767 1838,1769 1921,1769 2004,1770 2088,1770"/>
                <TextEquiv>
                    <Unicode>ra singularis quae per sensum deprehenditur, vt hoc est dulce, demonstrando vnum scilicet quorumuis singularium: vt</Unicode>
                </TextEquiv>
            </TextLine>
            <TextLine id="r3l34" custom="readingOrder {index:32;}">
                <Coords points="415,1814 2089,1844 2090,1791 2007,1778 416,1776"/>
                <Baseline points="426,1805 508,1806 591,1806 673,1806 756,1806 839,1808 921,1808 1004,1808 1086,1809 1169,1809 1252,1811 1334,1811 1417,1812 1499,1812 1582,1814 1665,1814 1747,1815 1830,1815 1912,1817 1995,1817 2078,1818"/>
                <TextEquiv>
                    <Unicode>vinum arui sium vel andegauense, vel hoc pomum quale Adae onsum est. Notitia intuitiua veritatem illius singu</Unicode>
                </TextEquiv>
            </TextLine>
            <TextLine id="r3l35" custom="readingOrder {index:33;}">
                <Coords points="405,1867 2009,1885 2092,1881 2093,1826 406,1809"/>
                <Baseline points="416,1853 499,1853 582,1854 665,1854 749,1854 832,1856 915,1856 999,1856 1082,1857 1165,1857 1249,1859 1332,1859 1415,1859 1498,1860 1582,1860 1665,1862 1748,1862 1832,1863 1915,1863 1998,1865 2082,1865"/>
                <TextEquiv>
                    <Unicode>laris haurimus: sicut in speculatiuis assentiendo maiori atque minori conclusioni assentitur. Primo posterio¬</Unicode>
                </TextEquiv>
            </TextLine>
            <TextLine id="r3l36" custom="readingOrder {index:34;}">
                <Coords points="402,1911 2095,1937 2096,1880 402,1866"/>
                <Baseline points="413,1901 496,1901 580,1901 663,1901 747,1902 831,1902 914,1902 998,1904 1081,1904 1165,1905 1249,1905 1332,1906 1416,1907 1499,1907 1583,1908 1667,1908 1750,1910 1834,1910 1917,1910 2001,1910 2085,1910"/>
                <TextEquiv>
                    <Unicode>rum cognitis maiore &amp; minore simul tempore cognoscitur conclusio. Ita in actiuis. ex opinione vniuersa¬</Unicode>
                </TextEquiv>
            </TextLine>
            <TextLine id="r3l37" custom="readingOrder {index:35;}">
                <Coords points="405,1958 2083,1975 2011,1917 405,1911"/>
                <Baseline points="416,1950 498,1949 581,1949 664,1949 747,1949 830,1949 913,1950 995,1950 1078,1950 1161,1952 1244,1952 1327,1953 1410,1953 1493,1955 1575,1955 1658,1956 1741,1956 1824,1956 1907,1958 1990,1958 2073,1956"/>
                <TextEquiv>
                    <Unicode>li in actu &amp; singulari in actu necessario sequitur opus, vt posterius prius comitatur, vt pluuia nubem seclu</Unicode>
                </TextEquiv>
            </TextLine>
            <TextLine id="r3l38" custom="readingOrder {index:36;}">
                <Coords points="409,2007 2084,2023 2052,1965 410,1962"/>
                <Baseline points="419,1995 501,1995 584,1995 666,1995 749,1995 832,1997 914,1997 997,1997 1080,1998 1162,2000 1245,2000 1328,2001 1410,2001 1493,2003 1576,2003 1658,2003 1741,2004 1824,2004 1906,2004 1989,2004 2072,2003"/>
                <TextEquiv>
                    <Unicode>so obice: non quod semper inferatur conclusio actiua: sed opus. Sequitur in litera. Cum igitur vna quidem vniuersa¬</Unicode>
                </TextEquiv>
            </TextLine>
            <TextLine id="r3l39" custom="readingOrder {index:37;}">
                <Coords points="403,2052 2080,2069 2014,2013 403,2007"/>
                <Baseline points="413,2042 495,2042 578,2042 661,2043 744,2043 827,2043 909,2045 992,2045 1075,2045 1158,2046 1241,2046 1323,2048 1406,2048 1489,2049 1572,2049 1655,2049 1737,2051 1820,2051 1903,2051 1986,2051 2069,2052"/>
                <TextEquiv>
                    <Unicode>lis. Nunc philosophus accedit ad solutionem vt intelligatur quomodo continens operetur. Animaduersione</Unicode>
                </TextEquiv>
            </TextLine>
            <TextLine id="r3l40" custom="readingOrder {index:38;}">
                <Coords points="415,2107 2090,2106 1952,2062 416,2052"/>
                <Baseline points="426,2087 508,2088 591,2088 673,2090 756,2090 839,2091 921,2091 1004,2093 1086,2093 1169,2094 1252,2094 1334,2096 1417,2096 1499,2097 1582,2097 1665,2097 1747,2099 1830,2099 1912,2099 1995,2099 2078,2099"/>
                <TextEquiv>
                    <Unicode>haud est indignum quod de eadem re diuersae propositiones esse possunt, quae a non considerantibus contrarie putan</Unicode>
                </TextEquiv>
            </TextLine>
            <TextLine id="r3l41" custom="readingOrder {index:39;}">
                <Coords points="401,2154 2095,2166 2087,2104 402,2103"/>
                <Baseline points="413,2136 496,2136 580,2136 663,2136 747,2136 831,2138 914,2138 998,2139 1081,2141 1165,2141 1249,2142 1332,2144 1416,2144 1499,2145 1583,2145 1667,2145 1750,2147 1834,2147 1917,2147 2001,2147 2085,2145"/>
                <TextEquiv>
                    <Unicode>tur, nullo tamen modo sunt contrarie: nec ignoro quod apprehensio vnius contrariorum stat cum assensu alterius. Nam</Unicode>
                </TextEquiv>
            </TextLine>
            <TextLine id="r3l42" custom="readingOrder {index:40;}">
                <Coords points="413,2203 2091,2199 2064,2156 413,2146"/>
                <Baseline points="423,2183 505,2183 588,2183 671,2184 754,2184 837,2184 920,2186 1003,2187 1086,2187 1169,2189 1252,2190 1334,2190 1417,2191 1500,2192 1583,2193 1666,2193 1749,2193 1832,2193 1915,2193 1998,2193 2081,2193"/>
                <TextEquiv>
                    <Unicode>de aliquo dulei dicere valemus quod ipsum est turpe, &amp; etiam voluptatem affert. Ponatur vna vniuersalis vetans</Unicode>
                </TextEquiv>
            </TextLine>
            <TextLine id="r3l43" custom="readingOrder {index:41;}">
                <Coords points="407,2252 2082,2253 2069,2202 408,2201"/>
                <Baseline points="419,2231 501,2231 584,2231 666,2231 749,2231 832,2232 914,2232 997,2234 1080,2234 1162,2235 1245,2235 1328,2237 1410,2238 1493,2238 1576,2240 1658,2240 1741,2241 1824,2241 1906,2241 1989,2241 2072,2241"/>
                <TextEquiv>
                    <Unicode>gustare dulce, scilicet, Nullum dulce est gustandum. sit alia vniuersalis dictitans, omne dulce voluptatem af¬</Unicode>
                </TextEquiv>
            </TextLine>
            <TextLine id="r3l44" custom="readingOrder {index:42;}">
                <Coords points="401,2295 2060,2310 2093,2263 401,2248"/>
                <Baseline points="411,2279 494,2279 578,2279 661,2279 745,2279 828,2279 912,2279 995,2280 1079,2281 1162,2282 1246,2283 1330,2285 1413,2285 1497,2286 1580,2286 1664,2288 1747,2288 1831,2289 1914,2289 1998,2289 2082,2288"/>
                <TextEquiv>
                    <Unicode>fert. annectatur hec singularis, hoc est dulce: tunc incontinens si cupiditas adsit illam singularem sub vni¬</Unicode>
                </TextEquiv>
            </TextLine>
            <TextLine id="r3l45" custom="readingOrder {index:43;}">
                <Coords points="408,2333 2084,2354 2048,2300 408,2293"/>
                <Baseline points="419,2327 501,2325 584,2325 667,2325 749,2325 832,2327 915,2327 997,2328 1080,2328 1163,2330 1246,2331 1328,2331 1411,2333 1494,2333 1576,2334 1659,2336 1742,2336 1824,2336 1907,2336 1990,2336 2073,2336"/>
                <TextEquiv>
                    <Unicode>uersali affirmatiua collocabit: concathenatione quadam: vt omne dulce voluptatem affert: hoc est dulce: sta¬</Unicode>
                </TextEquiv>
            </TextLine>
            <TextLine id="r3l46" custom="readingOrder {index:44;}">
                <Coords points="415,2382 2059,2406 2092,2355 415,2336"/>
                <Baseline points="426,2372 508,2372 591,2372 674,2373 757,2373 839,2373 922,2375 1005,2375 1088,2376 1170,2376 1253,2378 1336,2379 1419,2379 1501,2381 1584,2381 1667,2382 1750,2382 1832,2384 1915,2384 1998,2384 2081,2385"/>
                <TextEquiv>
                    <Unicode>timque incontinens concludit operando &amp; exequendo secluso impedimento. Altera vniuersalis quae est nega¬</Unicode>
                </TextEquiv>
            </TextLine>
            <TextLine id="r3l47" custom="readingOrder {index:45;}">
                <Coords points="403,2430 1920,2456 2083,2451 2084,2404 403,2387"/>
                <Baseline points="414,2417 501,2418 588,2418 675,2418 763,2420 850,2421 937,2421 1025,2423 1112,2424 1199,2424 1287,2426 1374,2427 1461,2427 1549,2429 1636,2430 1723,2430 1811,2430 1898,2432 1985,2432 2073,2432"/>
                <TextEquiv>
                    <Unicode>tiua nullum dulce est gustandum, ab incontinenti relinquitur. Ordino iam literam. Cum igitur vna quidem vniuer¬</Unicode>
                </TextEquiv>
            </TextLine>
            <TextLine id="r3l48" custom="readingOrder {index:46;}">
                <Coords points="415,2476 2085,2494 2053,2439 415,2429"/>
                <Baseline points="425,2466 507,2466 590,2466 672,2466 755,2466 837,2468 920,2468 1002,2469 1085,2471 1167,2472 1250,2472 1332,2474 1415,2475 1497,2475 1580,2477 1662,2477 1745,2478 1827,2478 1910,2478 1992,2478 2075,2477"/>
                <TextEquiv>
                    <Unicode>salis, omne dulce voluptatem affert, &amp; insuper hoc est dulce: haec scilicet singularis cum patrocinio vniuersa¬</Unicode>
                </TextEquiv>
            </TextLine>
            <TextLine id="r3l49" custom="readingOrder {index:47;}">
                <Coords points="403,2527 2086,2542 2067,2488 403,2476"/>
                <Baseline points="413,2514 496,2513 579,2513 662,2514 745,2514 828,2515 911,2516 995,2517 1078,2517 1161,2519 1244,2520 1327,2522 1410,2522 1493,2523 1577,2525 1660,2525 1743,2525 1826,2526 1909,2526 1992,2526 2076,2525"/>
                <TextEquiv>
                    <Unicode>lis &amp; cupiditatis operatur. Illa quidem, recta ratio scilicet nullum dulce est gustandum hoc fugere dicat, cupi¬</Unicode>
                </TextEquiv>
            </TextLine>
            <TextLine id="r3l50" custom="readingOrder {index:48;}">
                <Coords points="402,2572 2087,2593 2088,2542 403,2527"/>
                <Baseline points="413,2559 496,2560 579,2561 662,2561 745,2562 828,2562 911,2564 995,2565 1078,2565 1161,2567 1244,2568 1327,2568 1410,2570 1493,2571 1577,2571 1660,2573 1743,2573 1826,2573 1909,2573 1992,2573 2076,2573"/>
                <TextEquiv>
                    <Unicode>ditas victrix organica membra mouet: quare fit vt a ratione hoc est discursu quodammodo &amp; opinione singu</Unicode>
                </TextEquiv>
            </TextLine>
            <TextLine id="r3l51" custom="readingOrder {index:49;}">
                <Coords points="402,2618 2085,2636 2085,2591 2006,2582 402,2572"/>
                <Baseline points="413,2610 496,2609 579,2609 662,2609 745,2610 828,2610 911,2610 994,2612 1077,2612 1160,2613 1244,2615 1327,2615 1410,2616 1493,2618 1576,2618 1659,2619 1742,2619 1825,2621 1908,2621 1991,2621 2075,2621"/>
                <TextEquiv>
                    <Unicode>lari incontinenter agatur: non tamen per se contrarie. Quia illa ratio recta: nullum dulce inordinate est gu¬</Unicode>
                </TextEquiv>
            </TextLine>
            <TextLine id="r3l52" custom="readingOrder {index:50;}">
                <Coords points="406,2665 2074,2687 2049,2634 406,2618"/>
                <Baseline points="416,2658 498,2657 580,2657 663,2657 745,2657 827,2657 910,2658 992,2658 1074,2660 1157,2660 1239,2661 1321,2663 1404,2664 1486,2664 1568,2666 1651,2666 1733,2667 1815,2667 1898,2667 1980,2667 2063,2667"/>
                <TextEquiv>
                    <Unicode>standum: huic omne dulce voluptatem affert non contrariatur: nec vniuersali affirmatiuae aut negatiuae</Unicode>
                </TextEquiv>
            </TextLine>
            <TextLine id="r3l53" custom="readingOrder {index:51;}">
                <Coords points="403,2719 2030,2735 2080,2684 403,2666"/>
                <Baseline points="413,2705 495,2703 578,2703 661,2703 744,2703 827,2703 909,2705 992,2705 1075,2706 1158,2708 1241,2708 1323,2709 1406,2711 1489,2712 1572,2712 1655,2714 1737,2714 1820,2715 1903,2715 1986,2717 2069,2717"/>
                <TextEquiv>
                    <Unicode>singularis aduersatur, sed per accidens concupiscentia est rationi contraria, hominem ad oppositum recte</Unicode>
                </TextEquiv>
            </TextLine>
            <TextLine id="r3l54" custom="readingOrder {index:52;}">
                <Coords points="408,2759 1919,2784 2076,2777 2077,2734 409,2716"/>
                <Baseline points="419,2751 501,2751 583,2751 666,2751 748,2751 830,2751 913,2751 995,2753 1077,2753 1160,2754 1242,2756 1324,2756 1407,2757 1489,2759 1571,2759 1654,2760 1736,2762 1818,2762 1901,2763 1983,2763 2066,2763"/>
                <TextEquiv>
                    <Unicode>rationis ducens. Obiectas: superius dictum est contra scientiam vniuersalem actu &amp; in particulari actu, non</Unicode>
                </TextEquiv>
            </TextLine>
            <TextLine id="r3l55" custom="readingOrder {index:53;}">
                <Coords points="414,2806 2080,2822 2080,2777 1970,2768 414,2772"/>
                <Baseline points="425,2799 507,2798 589,2798 671,2798 754,2799 836,2799 918,2799 1000,2801 1083,2801 1165,2802 1247,2802 1329,2804 1412,2805 1494,2805 1576,2807 1658,2807 1741,2808 1823,2808 1905,2810 1987,2810 2070,2810"/>
                <TextEquiv>
                    <Unicode>potest quispiam operari, hic contrarium subinsinuat. Respondetur quod contra scientiam in vniuersali non </Unicode>
                </TextEquiv>
            </TextLine>
            <TextLine id="r3l56" custom="readingOrder {index:54;}">
                <Coords points="415,2856 2077,2876 2077,2821 1992,2816 416,2807"/>
                <Baseline points="426,2846 508,2846 590,2846 672,2846 754,2846 836,2846 918,2847 1000,2847 1082,2849 1164,2849 1246,2850 1328,2852 1410,2852 1492,2853 1574,2855 1656,2855 1738,2855 1820,2856 1902,2856 1984,2856 2067,2855"/>
                <TextEquiv>
                    <Unicode>ligatam &amp; opinionem particularem actu non potest aliquis operari, secus est quando vniuersalis scientia</Unicode>
                </TextEquiv>
            </TextLine>
            <TextLine id="r3l57" custom="readingOrder {index:55;}">
                <Coords points="413,2906 2075,2919 2048,2861 414,2857"/>
                <Baseline points="425,2894 511,2892 597,2892 683,2892 770,2892 856,2894 942,2894 1028,2895 1115,2895 1201,2897 1287,2898 1373,2900 1460,2900 1546,2901 1632,2903 1718,2903 1805,2904 1891,2904 1977,2904 2064,2903"/>
                <TextEquiv>
                    <Unicode>obfuscatur, tum nullius vigoris est. Ex hoc auctarium infert. Quare bruta non sunt incontinentia.</Unicode>
                </TextEquiv>
            </TextLine>
            <TextLine id="r3l58" custom="readingOrder {index:56;}">
                <Coords points="413,2954 1990,2972 2083,2964 2084,2920 414,2906"/>
                <Baseline points="425,2942 507,2942 589,2940 672,2940 754,2940 836,2940 919,2942 1001,2942 1083,2943 1166,2943 1248,2945 1330,2945 1413,2946 1495,2948 1577,2948 1660,2949 1742,2951 1824,2951 1907,2951 1989,2952 2072,2952"/>
                <TextEquiv>
                    <Unicode>Omnis enim incontinens habet notitiam vniuersalem: bruta non habent. Canis dominum in vrbe</Unicode>
                </TextEquiv>
            </TextLine>
            <TextLine id="r3l59" custom="readingOrder {index:57;}">
                <Coords points="406,3003 1963,3021 2086,3011 2087,2964 406,2954"/>
                <Baseline points="416,2988 503,2988 590,2988 677,2988 765,2988 852,2988 939,2990 1027,2990 1114,2991 1201,2991 1289,2993 1376,2994 1463,2994 1551,2996 1638,2996 1725,2997 1813,2997 1900,2997 1987,2997 2075,2997"/>
                <TextEquiv>
                    <Unicode>amittens aut deserens domum repedat: proinde itineris &amp; suae domus est memoratiuus. Dicis quod canis</Unicode>
                </TextEquiv>
            </TextLine>
            <TextLine id="r3l60" custom="readingOrder {index:58;}">
                <Coords points="411,3048 2084,3059 2063,3006 412,3005"/>
                <Baseline points="422,3035 504,3035 587,3035 669,3035 752,3036 834,3036 917,3036 999,3038 1082,3038 1164,3039 1247,3041 1329,3041 1412,3042 1494,3044 1577,3044 1659,3045 1742,3045 1824,3045 1907,3045 1989,3045 2072,3045"/>
                <TextEquiv>
                    <Unicode>venaticus feram in biuio insequens vna via odore prehensa aliam carpit: proinde syllogisat. ltaque proposi¬</Unicode>
                </TextEquiv>
            </TextLine>
            <TextLine id="r3l61" custom="readingOrder {index:59;}">
                <Coords points="409,3092 1967,3116 2077,3099 2078,3057 410,3048"/>
                <Baseline points="420,3083 502,3083 584,3083 666,3083 749,3083 831,3084 913,3084 996,3084 1078,3086 1160,3087 1243,3087 1325,3089 1407,3090 1489,3090 1572,3092 1654,3092 1736,3092 1819,3093 1901,3093 1983,3093 2066,3092"/>
                <TextEquiv>
                    <Unicode>tiones mentales format: sincathegoreumata &amp; vniuersalia. Dicimus quod in multis belluarum operationi¬</Unicode>
                </TextEquiv>
            </TextLine>
            <TextLine id="r3l62" custom="readingOrder {index:60;}">
                <Coords points="408,3141 2074,3152 2053,3095 409,3092"/>
                <Baseline points="419,3132 501,3131 583,3131 665,3131 747,3131 830,3131 912,3132 994,3132 1076,3134 1158,3134 1241,3135 1323,3137 1405,3137 1487,3138 1569,3138 1652,3140 1734,3140 1816,3140 1898,3140 1980,3138 2063,3138"/>
                <TextEquiv>
                    <Unicode>bus videntur syllogismi: nihilo tamen minus rationis sunt immunes. Veruntamen aliquae earum magis</Unicode>
                </TextEquiv>
            </TextLine>
            <TextLine id="r3l63" custom="readingOrder {index:61;}">
                <Coords points="391,3194 2080,3195 1983,3147 391,3143"/>
                <Baseline points="401,3180 484,3179 567,3179 651,3177 734,3177 818,3179 901,3179 984,3180 1068,3180 1151,3182 1235,3183 1318,3185 1401,3186 1485,3186 1568,3188 1652,3188 1735,3188 1818,3188 1902,3186 1985,3185 2069,3183"/>
                <TextEquiv>
                    <Unicode>ad rationem accedunt quam aliae: &amp; in nonnullis operationibus magis rationem prae se ferunt quam in aliis. In </Unicode>
                </TextEquiv>
            </TextLine>
            <TextLine id="r3l64" custom="readingOrder {index:62;}">
                <Coords points="393,3243 2065,3249 2033,3193 393,3194"/>
                <Baseline points="404,3230 486,3227 569,3227 651,3226 734,3225 816,3227 899,3227 981,3228 1064,3228 1146,3230 1229,3231 1312,3233 1394,3233 1477,3234 1559,3234 1642,3236 1724,3236 1807,3234 1889,3234 1972,3233 2055,3231"/>
                <TextEquiv>
                    <Unicode>proposito dico quod odoriferas species venatorius canis insequitur, quibus euanescentibus aliunde latrans im</Unicode>
                </TextEquiv>
            </TextLine>
            <TextLine id="r3l65" custom="readingOrder {index:63;}">
                <Coords points="399,3293 2072,3299 2017,3241 400,3244"/>
                <Baseline points="411,3278 493,3278 575,3278 658,3276 740,3278 823,3278 905,3278 988,3279 1070,3279 1153,3281 1235,3281 1317,3282 1400,3282 1482,3284 1565,3284 1647,3284 1730,3284 1812,3284 1895,3283 1977,3282 2060,3281"/>
                <TextEquiv>
                    <Unicode>petu naturae ductus eas, hac illac inuestigat, demum eis offensis tramite recto fugientem feram perniciter</Unicode>
                </TextEquiv>
            </TextLine>
            <TextEquiv>
                <Unicode>do singulare. Nec inconuenit incontinentem vtrasque propositiones habere, scililicet vniuersalem ac parti¬
cularem: attamen cum agit non vtitur cognitione &amp; scientia illius singularis, quippe notitia singularis &amp;
non vniuersalis praxim elicit. iii. de anima. Ista in vigilia eueniunt. ltaque erit quoquomodo sciens respectu
vniuersalis. &amp; quoquomodo nescius respectu singularis, postquam cognitione in singulari propositione minime
vtitur: Sequitur. Praeterea fit vt homines. Tertiam distinctionem addens, ex qua tertia solutio dubitationis emer
git, inquit: Praeterea fit vt homines scientiam habeant alio modo quam nuper diximus: hoc est alio modo quam habi
tu operatione ac actu. Secundo in habendo, sed non vtendo. Differentem cernimus habitum vt habeat quodammo
do &amp; non habeat ipsum habitum: postquam in tali dispositione in actum exire nequit: qualis est sopore grauatus, fu¬
rens ac temulentus. Tales quatum libet bene habituati in arte ad rogata responsare nequeunt: quomodo illi
disponuntur qui perturbationibus implicantur. Siquidem irae, cupidines venereae, caetera quoque id genus vitia
corpus ipsum nutare faciunt atque ipsum permutant. Ebrius pedibus recte ambulare nequit. Tales insultus nonnullos
in vesaniam adigunt. Excessiuo amore aliqui infatuantur ac in rabiem aguntur: &amp; pallore ac tremore adiguntur. Si
quispiam impatienti ira concitetur ardescent illi oculi, os cum inferiori labio cremit, lingua titubat, dentes
concrepant. Patet igitur quod incontinentes sic se habent, ac homines his verturbationibus affecti &amp; corpore &amp;
animo alterantur, in libidinosa cogitatione pudibunda membra ratioris gyrum transiliunt: vt daemoni euidenter
hominis cogitatum indicent: qui cordis arcana hoc pacto cognoscit. Fortasse quispiam insultat inquiens. Furo
re agitatus consuetas cantilenas concinit: vatum edas antea imbibitas recitat: proinde suo habitu propin
que eas sententias quae a scientia emanant exprimit. Nullum est indicium scientifici vsus propinqua potentia.
his affectibus constituti. Demonstrationes ex habitu Empedocles ac versiculos recitauit. Philosophiam Empe¬
docles Agrigentinus carmine intricatissime complexus est: cuius Lucretius meminit inquiens, Carmina
quinetiam diuini pectoris eius vociferantur &amp;exponunt praeclara reperta: Vt vix humana videatur stirpe crea
tus. Auditor fuit Pytagorae. Et pueruli, qui primum discunt concinnatas orationes earum verba nectunt, at
nesciunt quae pronunciant. Oportec vt capta illorum insideant menti antequam dicta calleant: ad quod tem¬
poris fluxu opus est. Si copiosum lac in angustum vasis os, infuderis, parum vas capiet, at sensim immis¬
fum totum recipitur. Sic de scientia tota simul tradita: vnde tempestatis curriculo opus est. Quare existi¬
mandum est quod vt histriones ac ludii poemata in scenicis ludis recitant: haud secus incontinentes sententias pro¬
ferunt. Personati ludiones in scenis apud Romanos, Graecosque, &amp; vbiuis gentium reperiuntur. Itaque est de in¬
continenti: quamuis enim ore dicat, attamen in corde aliter sentit. Quando incontinens est in opere incontinen
tiae, si interrogaretur forte recte responderet, sed hoc est a casu. Est enim prorsus distractus &amp; ignarus eorum
quae ore exprimit: ac puero &amp; ludioni ludo scenico ludenti confertur. Sequitur in litera. Insuper &amp; hoc modo 
quispiam. In processu scientiae actiuae est duplex opinio, vna vniuersalis, vt pote omne dulce est gustandum: alte
ra singularis quae per sensum deprehenditur, vt hoc est dulce, demonstrando vnum scilicet quorumuis singularium: vt
vinum arui sium vel andegauense, vel hoc pomum quale Adae onsum est. Notitia intuitiua veritatem illius singu
laris haurimus: sicut in speculatiuis assentiendo maiori atque minori conclusioni assentitur. Primo posterio¬
rum cognitis maiore &amp; minore simul tempore cognoscitur conclusio. Ita in actiuis. ex opinione vniuersa¬
li in actu &amp; singulari in actu necessario sequitur opus, vt posterius prius comitatur, vt pluuia nubem seclu
so obice: non quod semper inferatur conclusio actiua: sed opus. Sequitur in litera. Cum igitur vna quidem vniuersa¬
lis. Nunc philosophus accedit ad solutionem vt intelligatur quomodo continens operetur. Animaduersione
haud est indignum quod de eadem re diuersae propositiones esse possunt, quae a non considerantibus contrarie putan
tur, nullo tamen modo sunt contrarie: nec ignoro quod apprehensio vnius contrariorum stat cum assensu alterius. Nam
de aliquo dulei dicere valemus quod ipsum est turpe, &amp; etiam voluptatem affert. Ponatur vna vniuersalis vetans
gustare dulce, scilicet, Nullum dulce est gustandum. sit alia vniuersalis dictitans, omne dulce voluptatem af¬
fert. annectatur hec singularis, hoc est dulce: tunc incontinens si cupiditas adsit illam singularem sub vni¬
uersali affirmatiua collocabit: concathenatione quadam: vt omne dulce voluptatem affert: hoc est dulce: sta¬
timque incontinens concludit operando &amp; exequendo secluso impedimento. Altera vniuersalis quae est nega¬
tiua nullum dulce est gustandum, ab incontinenti relinquitur. Ordino iam literam. Cum igitur vna quidem vniuer¬
salis, omne dulce voluptatem affert, &amp; insuper hoc est dulce: haec scilicet singularis cum patrocinio vniuersa¬
lis &amp; cupiditatis operatur. Illa quidem, recta ratio scilicet nullum dulce est gustandum hoc fugere dicat, cupi¬
ditas victrix organica membra mouet: quare fit vt a ratione hoc est discursu quodammodo &amp; opinione singu
lari incontinenter agatur: non tamen per se contrarie. Quia illa ratio recta: nullum dulce inordinate est gu¬
standum: huic omne dulce voluptatem affert non contrariatur: nec vniuersali affirmatiuae aut negatiuae
singularis aduersatur, sed per accidens concupiscentia est rationi contraria, hominem ad oppositum recte
rationis ducens. Obiectas: superius dictum est contra scientiam vniuersalem actu &amp; in particulari actu, non
potest quispiam operari, hic contrarium subinsinuat. Respondetur quod contra scientiam in vniuersali non 
ligatam &amp; opinionem particularem actu non potest aliquis operari, secus est quando vniuersalis scientia
obfuscatur, tum nullius vigoris est. Ex hoc auctarium infert. Quare bruta non sunt incontinentia.
Omnis enim incontinens habet notitiam vniuersalem: bruta non habent. Canis dominum in vrbe
amittens aut deserens domum repedat: proinde itineris &amp; suae domus est memoratiuus. Dicis quod canis
venaticus feram in biuio insequens vna via odore prehensa aliam carpit: proinde syllogisat. ltaque proposi¬
tiones mentales format: sincathegoreumata &amp; vniuersalia. Dicimus quod in multis belluarum operationi¬
bus videntur syllogismi: nihilo tamen minus rationis sunt immunes. Veruntamen aliquae earum magis
ad rationem accedunt quam aliae: &amp; in nonnullis operationibus magis rationem prae se ferunt quam in aliis. In 
proposito dico quod odoriferas species venatorius canis insequitur, quibus euanescentibus aliunde latrans im
petu naturae ductus eas, hac illac inuestigat, demum eis offensis tramite recto fugientem feram perniciter</Unicode>
            </TextEquiv>
        </TextRegion>
    </Page>
</PcGts>
