2316 3603
451 266 2111 361 gis iustum, voluptatis incontinentia magis iniusta erit, quia perperam cum voluptate operatur: at in iram non est
454 342 2107 408 voluptas vt palam est: ergo circa cupiditates incontinentiam foediorem esse quam circa iram oportet. Et ex his quae
440 381 2101 462 crebriter dicta sunt, patet incontinentiam simplicicer circa corporis illecebras versari. Ac voluptatum dif¬
439 426 2101 510 ferentiae hic parumper sunt sumendae. Ab huiusce determinationis exordio dictum est illarum quasdam
441 480 2108 545 esse humanas ac naturales genere quodam & magnitudine genere, vt carnes, pisces, panes, & caetera
450 518 2108 603 quae pene omnia animalia comedunt: magnitudine certam mensuram ascendendo descendendoque: quasdam
449 575 2096 649 vero ferales: quarum quaedam ob laesum tum habitudinis tum rationis principium eueniunt: quaedam ob
445 620 2110 691 morbos, quaedam ob consuetudinem. Circa harum trium primas hoc est circa humanas, temperantia & intem¬
447 663 2108 746 perantia versantur. Hinc quoque euenit vt neque belluas temperatas, neque intemperatas esse, quia non ha¬
444 700 2101 788 bent humanas & naturales voluptates, nisi metaphorice dicamus, comparando vnum genus animalium
449 754 2108 831 ad aliud, vt quomodo vnum genus animalium ab alio differt petulantia contumelia coitu ac voraci¬
435 802 2096 878 tate. Nam porcus vorax salax caper & carniuorus lupus, sunt intemperati comparatiue. Hoc est excer¬
440 841 2095 929 cent veuerea. Aries rarenter. Item canis & lupus sunt voraces respectu aliorum, neque electionem neque
434 898 2100 970 rationem habent, sed a natura electione sana & ratione priuati sunt totaliter, sicut homines amentes.
448 934 2107 1024 Nullus autem homo discedit a rationalitate secundum actum primum, hoc est animam: homo enim non
445 990 2102 1068 potest esse animal brutum. Nabuchodonosor non factus est bos re ipsa, nec vxor Loth statua salis. quae
448 1035 2101 1111 tamen vere conuersa est in effigiem salis, hoc est sapientiae: docens parere superiori mandanti sicut sa¬
450 1075 2098 1145 cra lectio bibliaca indicat. Demens tamen a vita humana per actum secundum exorbitat, primo Meta¬
457 1118 2096 1209 physicae: Hominum genus arte & ratione viuit: ferae sensu, imaginatione memoriaque Saepius oratores &
438 1171 2101 1249 legistae per genus speciem vel specialissimam intelligunt. Post haec ponit vnam conclusionem hypo¬
448 1215 2095 1288 theticam quae est haec. Animalium brutorum feritas minus malum est quam hominum, sed terribilius quid¬
445 1258 2098 1346 dam. Sicut theologi de peccato carnis collatiue ad spiritualia vitia dicunt quod minoris sunt culpae ma¬
451 1308 2085 1384 ioris tamen infamiae. Quadrifatiam priorem partem conclusionis probat. Primo sic. Omnis praui¬
440 1355 2101 1431 tas hominis intellectum extinctum habentis, est minus imputabilis quam intellectum habentis non
447 1398 2102 1485 penitus extinctum sed deprauatum: at feritas est malitia hominis habentis intellectum extinctum
446 1450 2090 1526 quantum ad regimen & vsum: humana autem malitia habet solum intellectum deprauatum. Non enim
448 1498 2086 1570 corruptum est id quod est optimum puta intellectus vt in homine: sed homo bestialis non habet in¬
449 1539 2083 1615 tellectum quo ad vsum, sic autem vt cum vitiis feritas confertur, perinde sit ac si quis inanimatum
445 1585 2087 1670 cum animato comparet, vtrum sit peius. Bestialem inanimatum deputat quo ad animae vsum: ac si
450 1626 2086 1708 diceret opus inanimati est minus malum quam opus animati in malum tendentis, at bestialis est inani¬
435 1673 2084 1767 matus: igitur. Et hic virtualiter tangitur alia ratio conclusionis probatiua. Semper enim prauitas
448 1725 2082 1803 eius quod non habet principium minus nocere potest. Per principium intellectum intelligit: quia
451 1766 2085 1853 sine actu intellectus, actus voluntatis dimouetur. Virtualiter hic secunda ratio tangitur. Tertia ratio
444 1817 2080 1906 talis est. Malitia hominis si qua sit hominis non habentis principium humanorum actuum est innocentior quam
435 1860 2078 1950 habentis: at feritas est malitia non habentis principium: humana vero malitia habet principium: igitur.
448 1903 2080 1988 Quarta ratio: dum confertur vitio feritas perinde est atque si quispiam iniustitiam ad hominem iniustum
442 1952 2078 2044 comparet: at iniustitia est malum minus imputabile quam homo iniustus. Iniustitia enim per se sumpta
451 2004 2076 2080 tum appetitus peruersitatem includit: sic feritas quia de intellectu nihil prorsus habet ad sensum ante
447 2041 2069 2128 dictum, attamen opus facit, appetitum tamquam feralem habet: iniustus intellectum & appetitum habet.
434 2089 2083 2183 Homo namque malus, plura damna potest facere quam ipsa fera de pernicioso viro si ingenium habeat proptum
439 2136 2084 2226 est. Recte enim dicitur, gladius est in furioso, vtrumque tamen est aliquo modo peius, supple altero. Hic
440 2180 2069 2272 consuetudine scilicet intemperatus: haec scilicet feritas natura. Licet omnes animae pares fuerint quoad
440 2224 2074 2324 substantiam, tamen corporis dispositio non parum ad intellectus acrimoniam facit. Molles carne
442 2272 2080 2374 sunt apta mente & cholerici irae incontinentes, sunt ad literas promptissimi. Hinc vulgo dicitur: ta¬
433 2321 1451 2396 lis furorem habet poeticum, quia talis ad sublimia est aptior.
448 2365 2078 2462 ⁋ Circa hoc caput dubitatur. Dictum est quod est continentia irae quam cupiditatis est minus mala. Oppositum
452 2423 2071 2496 probatur tripliciter. Primo, difficilius est resistere concupiscentiae quam irae, ex secundo libro, & quanto diffici¬
446 2458 2081 2554 lius est reluctari affectui tanto succumbere est minus vituperabile. Secundo, illud vitium est peius quod de¬
446 2515 2081 2596 prauat nobiliorem animae partem, at ira est huiusmodi: deturpat enim appetitum irascibilem: incon¬
432 2564 2067 2648 tinentia cupiditatis concupiscibilem, modo appetitus irascibilis est concupiscibilis praestantior. Ter¬
436 2602 2064 2691 tio illi incontinentes sunt deteriores cum quibus homines magis timent viuere: tales autem sunt
431 2649 1634 2721 irae incontinentes, quorum societatem prudentes diligentissime euitant.
434 2694 2069 2782 ⁋ Ad primum dicitur, quod difficultate proueniente ex parte obiecti communiter occurrentis, si homo in
439 2748 2079 2827 coetu mulierum habitet concedo, ex parte impetus nego: si homo teneat sese in casta virorum societate ten¬
433 2791 2074 2895 peranter viuendo in quotidiana operis excercitatione non est difficile cupiditati (licet sit intrinsecus)
426 2842 2063 2923 resistere. adde quod cupiditas a renibus & neruis procedit: virtus enim in lumbis eius est, dicit Gregorius,
435 2890 2067 2971 exponens illud Iob: quod de confessore in matutinis secundum Romanum vsum legimus: sic de foemina quod
433 2926 2067 3020 in vmbilico eius, a cordis calore ira emergit: in cuius argumentum cum homo irascitur sanguis circa cor
433 2972 2063 3065 ebullit, calefit homo iratus & alteratur sicut saepius in me experior: propterea in natos descendit, quia
434 3024 2062 3109 ex corde, seminis non parua pars in vigore emergit. Hinc iracundorum natos tales videmus: sic Aristo¬
431 3066 2065 3158 teles in litera ratus est, duo exempla ad hoc de vitio gentili introducens. ⁋ Ad secundum dico, quod argu¬
429 3112 2062 3199 mentum praesupponit falsum in quo priscorum multi & Neotericorum non pauci stant, idem re ipsa
425 3168 2053 3251 est appetitus concupiscibilis & irascibilis: nec discrimen vllum est reale, licet hi termini pro appetitu
419 3205 2069 3301 supponentes alia connotata habere possunt, consignificatio irascibilis est alia connotatione praestantior. de
