2336 3594
208 292 1864 380 dus propterea incontinens aut mollis. Per hoc dubium eluit ostendens non omnem a delectatione victum esse
214 365 1859 415 incontinentem. Patet illud, & sit conclusio. Cui est ignoscendum non est incontinens nec mollis (quia isti non
210 411 1867 465 sunt venia digni) at aliqui ab ingentibus affectibus vincuntur, id exemplariter explanat, vt erat Theo¬
226 454 1863 518 decti poetae Philoctetes a vipera morsus Philoctetes diu continens vocem anguis dolore agitatus, tandem
220 505 1865 554 acclamauit, scindite dolentem manum. Aut carcini Cercvon in alope. Lego aut careino, vt sit aut Cer¬
220 554 1864 611 cyon sup. morsus carcino. i. a cancro in alope scilicet fabula Theodecti: qui etiam diu patienter morsum tole¬
205 595 1861 653 rauit: sed tandem victus acerbitate doloris exclamauit. Est carcinus cancer animal aquatile: vnde carci¬
220 642 1861 692 noma cancer morbus difficulter curabilis. Alopex est vulpes, vnde forte sumptum nomen fabulae. Et
217 688 1852 740 homines ii qui risum detinent accumulatius illum effundunt, quod Xenophanto contigit. Vidi puellos vel in
207 739 1863 795 praeceptorum praesentia in risum protumpere a quo se cohibere nequibant, qui affectus mihi puero interdum
210 783 1843 838 contigit. Sed sup. mollis dicendus est si quis iis doloribus quibus plerique reluctari possunt, succumbit, sic quod
214 824 1849 879 reluctari cupiditati negligi diem potest: non ob generis naturam, qualis est ea mollitudo, quae Scytharum
207 878 1844 935 regibus ob genus inest: & vt foemella delicata super, succumbit, que a maris distat natura. Talis itaque est
211 916 1844 979 incontinens aut mollis. Non hic de virginibus & cordatis mulieribus loquitur, sed de mollissimis foeminis
211 971 1844 1022 a natura: & de regibus Scytharum qui a praedecessoribus hanc innatam mollitiem traxere. Auiti enim mores
208 1012 1849 1058 in nepotes deriuantur. In tua patria discurre, & quasdam illustrium familias bellaces atque robustas offen¬
211 1062 1849 1116 des, alias pacificas, alias autem delicatas & molles: magis curantes culinam, quam arma & ephippia. ⁋ Alia con¬
213 1103 1838 1159 clusio. Qui ad iocum est pronior non intemperans sed mollis est. Videtur quidem intemperans eo quod delectationem
212 1148 1855 1212 in ludo quaerit, locus est quaedam laboris relaxatio. Est enim a laboribus quaedam requies. & sie ad iocum pro¬
218 1199 1847 1250 pensior ex his est hominibus qui in hac requie exuperant. Solum loquor de excessiuo in iocis, qui totum
213 1247 1844 1303 tempus inaniter interit. At qui iocatur salse vt auidius postea seriis det operam prudenter agit, arcum non
208 1294 1849 1342 tenendo continue tensum ne debilius feriat. locum ad ludum extendit. Hicque non capitur quies vt motui oppo
215 1337 1844 1401 natur sicut quinto Physicorum, sed est retractio a serio. Demum in capitis calce vnam diuisionem ponit dicens,
217 1379 1840 1433 Incontinentiae & mollitiei duae sunt species: vtpote temeritas siue praeuolatio, & infirmitas siue debilitas.
221 1427 1846 1488 Quidam homines deliberatione facta in his quae concluduntur ob insurgentem perturbationem non persistunt,
211 1476 1846 1529 quos debile: & infirmos dicunt. Aliqui sunt qui ob hoc ipsum quod non consultant a perturbatione ducuntur ca¬
211 1523 1836 1577 duntque, quos non ab retemerarios vocamus. Et quidam sunt egregie sentientes & praeuidentes, & seipsos ra¬
210 1570 1841 1618 tionemque excitantes & se praemunientes ne a perturbatione superentur, siue id quod mouet, oblectamentum
205 1613 1840 1666 siue dolorem efficit: & illos nunc continentes nunc constantes vocamus. Similes sunt illis qui praetitillati non
206 1661 1853 1715 pertitillantur. Quando homines leui ictu sub axellis aut pedum plantis partibus insolitis leuiter tanguntur
209 1707 1842 1764 titillantur & inhorrescunt: aliqui prius se titillant & sic horripilationem non incurrant. Si quis causam ti¬
209 1752 1846 1803 tillationis praesenserit non inhorrescit quare nemo a seipso cito titillatur, maxime acuti, hoc est cho¬
208 1797 1845 1857 ferici & biliosi atra bili quos melancholicos vocant, temeraria incontinentia saepius agitantur. At illi ob
215 1841 1850 1897 cholerae celeritatem, & hi ob vehementiam quia vehementes imaginationes sequuntur rationem non expectant.
205 1886 1840 1956 Atra bilis terrae comparata, inter habitudines difficulter ardorem exuit sicut aegre terra compacta incensa
210 1943 1382 1994 ardorem amittit. Incidunt hi maxime in temeratiam incontinentiam.
694 1980 1465 2077 Tract. I. & Lib. VII. Cap. VIII.
525 2031 1832 2124 Tvero intemperantem quidem non poenitet, vt est dictum. In electione namque
535 2115 1822 2172 persistit. Incontinens autem facilis est omnis ad poenitentiam: quocirca non
538 2165 1816 2223 ita res sese habet, vt dubitauimus. Sed ille quidem incurabilis, hic autem est
524 2220 1827 2280 curabilis. Vitium enim morbis est hisce persimile, aquae intercuti inquam, &
518 2277 1834 2344 tabi. Incontinentia vero, morbo comitiali. Etenim illud continua, haec non
489 2333 1827 2406 continua est improbitas. Atque omnino diuersum est genus incontinentiae atque
209 2389 1833 2455 vitii. Vitium enim latet, incontinentia vero non latet. Horum autem ipsorum ii qui ante rationem du¬
196 2435 1825 2500 cuntur, meliores iis sunt qui rationem quidem habent: non autem persistunt in ea. Aminore namque per¬
198 2498 1829 2553 turbatione vincuntur: & non absque deliberatione, vt illi. Incontinens enim similis est iis qui cito
198 2547 1825 2609 fiunt ebrii & pauco vino: & pauciore quam plerique. Patet igitur incontnentiam vitium non esse, nisi ali¬
208 2602 1831 2662 qua ex parte fortasse. Nam haec quidem est praeter electionem: illud autem cum electione. In actioni¬
196 2654 1811 2730 bus tamen est similitudo, vt Demodocus in Milesios dixit. Milesii namque insipientes quidem non
196 2716 1824 2778 sunt, ea tamen faciunt quae agunt insipientes, & incontinentes iniusti quidem non sunt, iniuriam
193 2775 1809 2833 tamen faciunt. Cum autem alter sit talis, vt non ex eo quia est ipsi persuasum, exuperantes corpo¬
203 2824 1834 2891 ris voluptates, praeterque rationem rectam sequatur, alteri fit persuasum: propterea quod talis est vt
197 2881 1826 2957 ipsas sequatur. Illi quidem dissuaderi facile, huic autem haud facile potest. Principium enim
193 2941 1829 3010 ipsum virtus quidem conseruat: vitium vero corrumpit. ld autem gratia, cuius principium
201 3000 1832 3065 est in actibus, perinde vt suppositiones ipsae in mathematicis. Neque igitur ibi docendorum
193 3047 1830 3119 principiorum est ratio, neque hic, sed virtus, aut naturalis, aut assuetudine parta, causa est
195 3108 1820 3169 opinandi circa principium recte. Talis igitur homo temperans est. at contrarius est inten¬
183 3164 1831 3229 perans. Est autem quidam alius, ob perturbationem a recta ratione discedens, quem perturbatio, vt
188 3208 1837 3300 non agat quidem vt recta ratio iubet, superat. Vt sit autem talis, vt ipsi sit persuasum
