<?xml version="1.0" encoding="UTF-8" standalone="yes"?>
<PcGts xmlns="http://schema.primaresearch.org/PAGE/gts/pagecontent/2013-07-15" xmlns:xsi="http://www.w3.org/2001/XMLSchema-instance" xsi:schemaLocation="http://schema.primaresearch.org/PAGE/gts/pagecontent/2013-07-15 http://schema.primaresearch.org/PAGE/gts/pagecontent/2013-07-15/pagecontent.xsd">
    <Metadata>
        <Creator>prov=University of Rostock/Institute of Mathematics/CITlab|PLANET AI GmbH/Gundram Leifert/gundram.leifert@planet-ai.de:name=cod-MaEth8-m1(htr_id=30445)::::v=2.6.7
prov=University of Rostock/Institute of Mathematics/CITlab|PLANET AI GmbH/Tobias Gruening/tobias.gruening@planet-ai.de:name=de.uros.citlab.module.baseline2polygon.B2PSeamMultiOriented:v=2.6.7
prov=University of Rostock/Institute of Mathematics/CITlab|PLANET AI GmbH/Tobias Gruening/tobias.gruening@planet-ai.de:name=/net_tf/LA73_249_0mod360.pb:de.uros.citlab.segmentation.CITlab_LA_ML:v=2.6.6
Transkribus</Creator>
        <Created>2021-01-31T23:14:43.606+01:00</Created>
        <LastChange>2021-02-25T17:22:03.068+01:00</LastChange>
        <TranskribusMetadata docId="597563" pageId="23819780" pageNr="250" tsid="53083343" status="DONE" userId="25065" imgUrl="https://files.transkribus.eu/Get?id=MMSMLXSHWVOXZZHMFPCWASST&amp;fileType=view" xmlUrl="https://files.transkribus.eu/Get?id=ZUXAHOCQEMUVEPVBXSYXZKJS" imageId="18280238"/>
    </Metadata>
    <Page imageFilename="249.jpg" imageWidth="2297" imageHeight="3611">
        <ReadingOrder>
            <OrderedGroup id="ro_1614432132603" caption="Regions reading order">
                <RegionRefIndexed index="0" regionRef="r1"/>
            </OrderedGroup>
        </ReadingOrder>
        <TextRegion orientation="0.0" id="r1" custom="readingOrder {index:0;}">
            <Coords points="416,207 416,3275 2078,3275 2078,207"/>
            <TextLine id="r1l2" custom="readingOrder {index:0;}">
                <Coords points="405,367 2049,375 2078,288 405,311"/>
                <Baseline points="416,356 498,354 581,353 663,353 746,353 829,353 911,353 994,353 1077,353 1159,354 1242,354 1325,354 1407,356 1490,356 1573,356 1655,356 1738,357 1821,356 1903,356 1986,356 2069,354"/>
                <TextEquiv>
                    <Unicode>alia est temeritas, alia infirmitas. Quidam enim deliberatione facta non persistunt in iis quae </Unicode>
                </TextEquiv>
            </TextLine>
            <TextLine id="r1l3" custom="readingOrder {index:1;}">
                <Coords points="411,427 2087,436 2029,363 411,369"/>
                <Baseline points="422,413 504,410 587,410 670,408 752,408 835,407 918,407 1000,407 1083,407 1166,408 1249,408 1331,408 1414,410 1497,410 1579,410 1662,411 1745,411 1827,411 1910,411 1993,411 2076,410"/>
                <TextEquiv>
                    <Unicode>statuerunt ob perturbationem: quidam ex eo quia non consultarunt, a perturbatione ducuntur. Sunt enim</Unicode>
                </TextEquiv>
            </TextLine>
            <TextLine id="r1l4" custom="readingOrder {index:2;}">
                <Coords points="418,492 2086,478 2010,420 419,442"/>
                <Baseline points="429,467 511,465 593,464 676,462 758,462 840,462 923,462 1005,462 1087,462 1170,464 1252,464 1334,465 1417,465 1499,465 1581,467 1664,467 1746,467 1828,467 1911,467 1993,467 2076,467"/>
                <TextEquiv>
                    <Unicode>qui ante sentientes &amp; praeuidentes ac seipsos rationemque excitantes, non superantur a perturbatione</Unicode>
                </TextEquiv>
            </TextLine>
            <TextLine id="r1l5" custom="readingOrder {index:3;}">
                <Coords points="419,535 1887,547 2078,526 2078,479 419,491"/>
                <Baseline points="429,521 510,520 592,519 674,518 756,518 838,518 920,518 1002,518 1084,519 1166,519 1248,519 1329,521 1411,521 1493,521 1575,522 1657,522 1739,522 1821,522 1903,522 1985,521 2067,521"/>
                <TextEquiv>
                    <Unicode>siue voluptatem id quod mouet siue dolorem efficiat: perinde atque praetitillati non titillantur. Ma¬</Unicode>
                </TextEquiv>
            </TextLine>
            <TextLine id="r1l6" custom="readingOrder {index:4;}">
                <Coords points="422,589 2088,582 1995,530 422,535"/>
                <Baseline points="432,576 514,575 596,574 678,573 761,573 843,573 925,573 1008,573 1090,575 1172,575 1255,576 1337,576 1419,578 1501,578 1584,578 1666,579 1748,579 1831,578 1913,578 1995,576 2078,575"/>
                <TextEquiv>
                    <Unicode>xime autem celeres ac biliosi atra bili temeraria incontinentia sunt incontinentes. Illi em ob ve¬</Unicode>
                </TextEquiv>
            </TextLine>
            <TextLine id="r1l7" custom="readingOrder {index:5;}">
                <Coords points="425,644 1938,665 2070,644 2070,586 425,590"/>
                <Baseline points="435,633 516,633 597,632 678,632 760,632 841,632 922,632 1003,632 1085,632 1166,632 1247,633 1328,633 1410,633 1491,633 1572,635 1653,635 1735,635 1816,635 1897,633 1978,633 2060,632"/>
                <TextEquiv>
                    <Unicode>locitatem, hi ob vehementiam, non expectant rationem, ex eo quia ipsius sunt imaginationis sequaces.</Unicode>
                </TextEquiv>
            </TextLine>
            <TextLine id="r1l8" custom="readingOrder {index:6;}">
                <Coords points="489,745 2076,778 2076,710 1967,697 489,712"/>
                <Baseline points="500,750 578,752 656,752 734,752 813,753 891,753 969,753 1048,753 1126,753 1204,753 1283,753 1361,755 1439,755 1517,755 1596,755 1674,755 1752,756 1831,756 1909,757 1987,758 2066,759"/>
                <TextEquiv>
                    <Unicode>FIt autem &amp;c. In huius septimi capitis principio nonnullas diffinitiones ponit. Et quia litera est</Unicode>
                </TextEquiv>
            </TextLine>
            <TextLine id="r1l9" custom="readingOrder {index:7;}">
                <Coords points="521,817 2081,826 2081,778 1907,765 521,759"/>
                <Baseline points="506,798 584,800 662,800 740,800 818,800 897,800 975,800 1053,800 1131,800 1209,800 1288,801 1366,801 1444,801 1522,801 1600,801 1679,803 1757,803 1835,803 1913,804 1991,804 2070,806"/>
                <TextEquiv>
                    <Unicode>perspicua eam paucis transcurremus. Incontinens is est qui a gustus &amp; tactus voluptatibus superatur,</Unicode>
                </TextEquiv>
            </TextLine>
            <TextLine id="r1l10" custom="readingOrder {index:8;}">
                <Coords points="518,855 2069,856 1974,810 518,812"/>
                <Baseline points="440,836 520,838 601,840 682,842 763,844 844,845 925,846 1006,846 1087,846 1168,848 1249,848 1329,848 1410,848 1491,848 1572,848 1653,848 1734,848 1815,848 1896,849 1977,851 2058,852"/>
                <TextEquiv>
                    <Unicode>quas multi vincunt. Continens per oppositum ea oblectamenta superat. Mollis a doloribus gustus &amp; tactus,</Unicode>
                </TextEquiv>
            </TextLine>
            <TextLine id="r1l11" custom="readingOrder {index:9;}">
                <Coords points="429,911 2031,915 2077,839 430,863"/>
                <Baseline points="440,891 521,891 602,890 683,890 765,890 846,890 927,891 1009,891 1090,891 1171,893 1253,893 1334,894 1415,894 1496,895 1578,896 1659,896 1740,897 1822,897 1903,897 1984,897 2066,897"/>
                <TextEquiv>
                    <Unicode>quos plerique superant vincit. Tales tristitias constans superat quem alii perseuerantem appellant. In horum habituum</Unicode>
                </TextEquiv>
            </TextLine>
            <TextLine id="r1l12" custom="readingOrder {index:10;}">
                <Coords points="427,951 2068,957 2068,909 1970,903 427,910"/>
                <Baseline points="438,938 519,938 600,938 681,938 762,938 843,938 924,938 1005,938 1086,939 1167,939 1248,939 1329,941 1410,941 1491,941 1572,941 1653,942 1734,942 1815,942 1896,942 1977,942 2058,942"/>
                <TextEquiv>
                    <Unicode>nominatorum medio, plurimorum habitus ponuntur: qui non sunt omnino continentia vel constantia nec icontinentia vel</Unicode>
                </TextEquiv>
            </TextLine>
            <TextLine id="r1l13" custom="readingOrder {index:11;}">
                <Coords points="430,1003 2077,1000 2040,948 430,949"/>
                <Baseline points="441,983 522,983 603,983 684,984 766,984 847,984 928,986 1010,986 1091,986 1172,986 1254,987 1335,987 1416,987 1497,987 1579,987 1660,989 1741,989 1823,989 1904,989 1985,989 2067,989"/>
                <TextEquiv>
                    <Unicode>inconstantia vel mollitudo: &amp; versantur circa eadem. Porro cum plerique sint gradus circa vehementes atque faciles</Unicode>
                </TextEquiv>
            </TextLine>
            <TextLine id="r1l14" custom="readingOrder {index:12;}">
                <Coords points="425,1038 2074,1046 2043,996 426,1003"/>
                <Baseline points="435,1029 516,1029 597,1029 679,1029 760,1029 842,1031 923,1031 1005,1031 1086,1031 1168,1032 1249,1032 1330,1032 1412,1034 1493,1034 1575,1034 1656,1035 1738,1035 1819,1035 1901,1035 1982,1035 2064,1035"/>
                <TextEquiv>
                    <Unicode>voluptates aut dolores, proinde multi sint habitus necessum est. Siquidem incontinens superatur nedum a vehe</Unicode>
                </TextEquiv>
            </TextLine>
            <TextLine id="r1l15" custom="readingOrder {index:13;}">
                <Coords points="425,1088 2080,1092 2080,1045 1960,1038 425,1039"/>
                <Baseline points="435,1076 516,1076 598,1076 680,1076 762,1076 843,1076 925,1076 1007,1077 1089,1077 1170,1078 1252,1079 1334,1079 1416,1080 1497,1080 1579,1081 1661,1082 1743,1082 1824,1082 1906,1082 1988,1082 2070,1082"/>
                <TextEquiv>
                    <Unicode>mentibus perturbationibus, sed interdum ab his quas multi superant. Continens quoque magnas cupiditates vin </Unicode>
                </TextEquiv>
            </TextLine>
            <TextLine id="r1l16" custom="readingOrder {index:14;}">
                <Coords points="430,1138 1905,1146 2078,1134 2079,1093 430,1086"/>
                <Baseline points="440,1122 521,1122 602,1122 684,1122 765,1122 847,1122 928,1124 1010,1124 1091,1124 1173,1124 1254,1125 1335,1125 1417,1125 1498,1125 1580,1127 1661,1127 1743,1127 1824,1127 1906,1127 1987,1128 2069,1128"/>
                <TextEquiv>
                    <Unicode>cit: quod si quispiam remissas superauerit videtur minus perfectus esse quam continens. Nec est tamen imperfectus more inconti¬</Unicode>
                </TextEquiv>
            </TextLine>
            <TextLine id="r1l17" custom="readingOrder {index:15;}">
                <Coords points="427,1181 2074,1184 2000,1136 427,1138"/>
                <Baseline points="438,1167 519,1167 600,1167 681,1167 763,1169 844,1169 925,1169 1006,1169 1088,1170 1169,1170 1250,1170 1331,1172 1413,1172 1494,1172 1575,1172 1656,1173 1738,1173 1819,1173 1900,1173 1981,1173 2063,1173"/>
                <TextEquiv>
                    <Unicode>nentis. Ita etiam est aliquis qui magis doloribus obnititur quam mollis &amp; minus quam constans: quocirca inter illos</Unicode>
                </TextEquiv>
            </TextLine>
            <TextLine id="r1l18" custom="readingOrder {index:16;}">
                <Coords points="430,1233 2079,1232 2079,1185 1992,1176 430,1181"/>
                <Baseline points="441,1214 522,1214 603,1215 685,1215 766,1215 848,1215 929,1215 1010,1215 1092,1217 1173,1217 1255,1217 1336,1217 1417,1217 1499,1217 1580,1218 1662,1218 1743,1218 1824,1218 1906,1220 1987,1220 2069,1221"/>
                <TextEquiv>
                    <Unicode>quatuor habitus praetactos dabuntur quidam alii interstites, declinantes tamen magis ad imperfectionem &amp;</Unicode>
                </TextEquiv>
            </TextLine>
            <TextLine id="r1l19" custom="readingOrder {index:17;}">
                <Coords points="418,1274 2044,1283 2065,1231 418,1232"/>
                <Baseline points="428,1262 509,1262 590,1262 672,1262 753,1262 834,1262 916,1262 997,1262 1078,1263 1160,1263 1241,1263 1322,1263 1404,1263 1485,1265 1566,1265 1648,1265 1729,1265 1810,1265 1892,1266 1973,1266 2055,1266"/>
                <TextEquiv>
                    <Unicode>ad deteriores partes, hoc est magis ad mollitudinem ac inconstantiam declinant quam ad contumeliam &amp; constantiam.</Unicode>
                </TextEquiv>
            </TextLine>
            <TextLine id="r1l20" custom="readingOrder {index:18;}">
                <Coords points="420,1317 2081,1325 2081,1273 420,1274"/>
                <Baseline points="431,1305 517,1307 603,1308 689,1308 776,1310 862,1310 948,1310 1034,1310 1121,1310 1207,1310 1293,1310 1379,1310 1466,1311 1552,1311 1638,1311 1724,1311 1811,1311 1897,1313 1983,1313 2070,1314"/>
                <TextEquiv>
                    <Unicode>Et licet de vtroque participant, potius tamen molles atque incontinentes dicuntur quam continentes &amp; constantes. Post</Unicode>
                </TextEquiv>
            </TextLine>
            <TextLine id="r1l21" custom="readingOrder {index:19;}">
                <Coords points="425,1370 2080,1368 2080,1325 1985,1320 425,1319"/>
                <Baseline points="435,1355 516,1355 598,1356 680,1356 762,1356 843,1358 925,1358 1007,1358 1089,1358 1170,1358 1252,1358 1334,1358 1416,1358 1497,1358 1579,1358 1661,1359 1743,1359 1824,1359 1906,1359 1988,1359 2070,1359"/>
                <TextEquiv>
                    <Unicode>haec ponitur conclusio. Intemperantia deterior est incotinentia. Ad hanc probandam repetit diuisionem superius</Unicode>
                </TextEquiv>
            </TextLine>
            <TextLine id="r1l22" custom="readingOrder {index:20;}">
                <Coords points="428,1423 1988,1429 2065,1372 428,1369"/>
                <Baseline points="438,1400 518,1401 599,1401 680,1402 761,1403 842,1403 923,1403 1003,1403 1084,1403 1165,1404 1246,1404 1327,1404 1408,1404 1489,1404 1569,1404 1650,1404 1731,1404 1812,1406 1893,1406 1974,1406 2055,1406"/>
                <TextEquiv>
                    <Unicode>positam, voluptatum gustus tactusque quaedam sunt necessariae, aliae non necessariae: &amp; necessariae sunt vsque ad</Unicode>
                </TextEquiv>
            </TextLine>
            <TextLine id="r1l23" custom="readingOrder {index:21;}">
                <Coords points="424,1472 2008,1471 2073,1417 424,1423"/>
                <Baseline points="434,1446 515,1446 596,1448 678,1448 759,1448 841,1448 922,1449 1004,1449 1085,1449 1167,1449 1248,1449 1329,1449 1411,1449 1492,1449 1574,1451 1655,1451 1737,1451 1818,1451 1900,1451 1981,1452 2063,1452"/>
                <TextEquiv>
                    <Unicode>quendam terminum &amp; limitem, &amp; vltra illum excedendo non sunt necessariae: eodem modo est certa mensura in defi¬</Unicode>
                </TextEquiv>
            </TextLine>
            <TextLine id="r1l24" custom="readingOrder {index:22;}">
                <Coords points="418,1500 2013,1517 2071,1463 418,1458"/>
                <Baseline points="428,1491 509,1493 591,1493 672,1493 754,1493 836,1494 917,1494 999,1494 1081,1494 1162,1494 1244,1496 1326,1496 1407,1496 1489,1496 1571,1497 1652,1497 1734,1497 1816,1497 1897,1499 1979,1499 2061,1500"/>
                <TextEquiv>
                    <Unicode>ciendo. Et vt de voluptatibus est: ita etiam de earum doloribus in vsu est. Qui voluptatum excessus, hoc est</Unicode>
                </TextEquiv>
            </TextLine>
            <TextLine id="r1l25" custom="readingOrder {index:23;}">
                <Coords points="420,1552 1864,1567 2075,1556 2076,1510 421,1512"/>
                <Baseline points="431,1538 512,1538 594,1538 676,1539 758,1539 839,1539 921,1541 1003,1541 1085,1541 1166,1542 1248,1542 1330,1542 1412,1542 1493,1544 1575,1544 1657,1544 1739,1544 1820,1545 1902,1545 1984,1545 2066,1545"/>
                <TextEquiv>
                    <Unicode>exuperantes voluptates ob electionem propter easipsas, naeque ob aliud quicquam inde proueniens (vt lucrum</Unicode>
                </TextEquiv>
            </TextLine>
            <TextLine id="r1l26" custom="readingOrder {index:24;}">
                <Coords points="427,1589 1867,1612 2067,1603 2068,1555 427,1549"/>
                <Baseline points="437,1584 518,1584 599,1586 680,1586 761,1586 842,1586 923,1586 1004,1587 1085,1587 1166,1587 1247,1587 1328,1587 1409,1589 1490,1589 1571,1589 1652,1590 1733,1590 1814,1590 1895,1592 1976,1592 2057,1593"/>
                <TextEquiv>
                    <Unicode>vel huiusmodi) prosequitur, intemperatus dicitur, qui duas malas conditiones habet quae sequuntur, non est</Unicode>
                </TextEquiv>
            </TextLine>
            <TextLine id="r1l27" custom="readingOrder {index:25;}">
                <Coords points="423,1651 2080,1656 2080,1601 423,1593"/>
                <Baseline points="434,1632 515,1632 597,1632 679,1632 761,1632 843,1632 924,1632 1006,1632 1088,1634 1170,1634 1252,1634 1333,1634 1415,1635 1497,1635 1579,1636 1661,1637 1742,1637 1824,1638 1906,1638 1988,1638 2070,1638"/>
                <TextEquiv>
                    <Unicode>poeniturus. Ratio est quia quaerit delectationem corporalem ex electione tamquam finem, &amp; non ob aliquem alium finem:</Unicode>
                </TextEquiv>
            </TextLine>
            <TextLine id="r1l28" custom="readingOrder {index:26;}">
                <Coords points="430,1686 1958,1709 2078,1701 2079,1660 430,1649"/>
                <Baseline points="441,1676 522,1677 603,1677 685,1679 766,1679 848,1679 929,1679 1010,1680 1092,1680 1173,1680 1255,1680 1336,1680 1417,1680 1499,1682 1580,1682 1662,1682 1743,1683 1824,1683 1906,1685 1987,1686 2069,1688"/>
                <TextEquiv>
                    <Unicode>&amp; homo inhaeret immobiliter fini. Si voluptates ob lucrum quaereret esset auarus atque moechus, vt. 5</Unicode>
                </TextEquiv>
            </TextLine>
            <TextLine id="r1l29" custom="readingOrder {index:27;}">
                <Coords points="434,1744 2058,1754 2071,1698 434,1688"/>
                <Baseline points="444,1724 524,1724 605,1725 686,1725 767,1725 848,1725 928,1725 1009,1727 1090,1727 1171,1727 1252,1727 1332,1727 1413,1727 1494,1727 1575,1728 1656,1728 1736,1730 1817,1730 1898,1731 1979,1733 2060,1734"/>
                <TextEquiv>
                    <Unicode>libro retulimus, quare incurabilis est, hoc est difficulter curabilis vel ab intrinseco non curatur, vt in </Unicode>
                </TextEquiv>
            </TextLine>
            <TextLine id="r1l30" custom="readingOrder {index:28;}">
                <Coords points="430,1780 2073,1789 2073,1750 1831,1736 430,1742"/>
                <Baseline points="440,1770 521,1770 602,1770 683,1770 764,1770 845,1772 926,1772 1008,1772 1089,1772 1170,1773 1251,1773 1332,1773 1413,1775 1494,1775 1576,1775 1657,1776 1738,1776 1819,1778 1900,1778 1981,1778 2063,1779"/>
                <TextEquiv>
                    <Unicode>capite sequenti latius dicetur: incontinens aut perturbatione sedata poenitet, &amp; sic curatur: qui vero ex</Unicode>
                </TextEquiv>
            </TextLine>
            <TextLine id="r1l31" custom="readingOrder {index:29;}">
                <Coords points="429,1825 2069,1846 2069,1795 1941,1781 429,1779"/>
                <Baseline points="440,1817 520,1817 601,1817 682,1817 763,1817 844,1818 925,1818 1006,1818 1087,1818 1168,1820 1249,1820 1329,1820 1410,1821 1491,1821 1572,1821 1653,1823 1734,1823 1815,1823 1896,1824 1977,1824 2058,1826"/>
                <TextEquiv>
                    <Unicode>electione deficit &amp; voluptates refugit est insensibilis &amp; intemperanti aduersus. In horum duum vitiorum me¬</Unicode>
                </TextEquiv>
            </TextLine>
            <TextLine id="r1l32" custom="readingOrder {index:30;}">
                <Coords points="425,1872 2074,1879 2074,1835 425,1825"/>
                <Baseline points="435,1862 516,1862 597,1863 679,1863 760,1863 842,1865 923,1865 1005,1865 1086,1865 1168,1865 1249,1866 1330,1866 1412,1866 1493,1866 1575,1868 1656,1868 1738,1868 1819,1869 1901,1869 1982,1871 2064,1871"/>
                <TextEquiv>
                    <Unicode>dio temperantia collocatur. Ex his discrimen inter hos tres patet. Intemperatus ex electione sequitur vo¬</Unicode>
                </TextEquiv>
            </TextLine>
            <TextLine id="r1l33" custom="readingOrder {index:31;}">
                <Coords points="429,1926 2057,1932 2036,1880 429,1872"/>
                <Baseline points="440,1911 520,1911 600,1911 680,1911 761,1911 841,1911 921,1911 1002,1911 1082,1911 1162,1911 1243,1911 1323,1911 1403,1913 1483,1913 1564,1913 1644,1914 1724,1914 1805,1915 1885,1916 1965,1917 2046,1919"/>
                <TextEquiv>
                    <Unicode>luptates tactus, &amp; dolores oppositos refugit. Incontinens vero non ex electione sed ex perturbatione, &amp;</Unicode>
                </TextEquiv>
            </TextLine>
            <TextLine id="r1l34" custom="readingOrder {index:32;}">
                <Coords points="430,1975 2068,1980 2069,1935 430,1925"/>
                <Baseline points="441,1958 521,1958 602,1958 683,1958 764,1958 845,1958 926,1958 1006,1958 1087,1958 1168,1958 1249,1959 1330,1959 1411,1959 1492,1959 1572,1959 1653,1959 1734,1961 1815,1961 1896,1961 1977,1961 2058,1961"/>
                <TextEquiv>
                    <Unicode>per hoc ab intemperato differt, &amp; a molli quia incontinens agit ob delectationem. Mollis vero vincitur a</Unicode>
                </TextEquiv>
            </TextLine>
            <TextLine id="r1l35" custom="readingOrder {index:33;}">
                <Coords points="432,2016 2056,2030 2056,1982 1976,1969 432,1975"/>
                <Baseline points="443,2004 523,2004 603,2003 683,2003 763,2003 843,2004 923,2004 1003,2004 1083,2004 1163,2004 1244,2006 1324,2006 1404,2006 1484,2006 1564,2007 1644,2007 1724,2007 1804,2007 1884,2007 1964,2007 2045,2007"/>
                <TextEquiv>
                    <Unicode>tristitia quam intendit aufugere. Est enim delicatus miles, ad omnem bonam palaestram inutilis. Posthaec in¬</Unicode>
                </TextEquiv>
            </TextLine>
            <TextLine id="r1l36" custom="readingOrder {index:34;}">
                <Coords points="430,2063 2065,2064 1914,2016 431,2017"/>
                <Baseline points="441,2048 521,2048 602,2049 683,2049 763,2049 844,2049 925,2051 1005,2051 1086,2051 1167,2052 1248,2052 1328,2052 1409,2052 1490,2054 1570,2054 1651,2054 1732,2054 1812,2055 1893,2055 1974,2055 2055,2055"/>
                <TextEquiv>
                    <Unicode>temperatum incontinenti &amp; molli confert secundo, incontinentem molli, &amp; ponitur alia concusio. Non modo incon¬</Unicode>
                </TextEquiv>
            </TextLine>
            <TextLine id="r1l37" custom="readingOrder {index:35;}">
                <Coords points="428,2104 2075,2112 1953,2062 428,2065"/>
                <Baseline points="438,2093 519,2094 600,2094 681,2094 763,2096 844,2096 925,2096 1007,2097 1088,2097 1169,2099 1251,2099 1332,2099 1413,2100 1494,2100 1576,2100 1657,2100 1738,2102 1820,2102 1901,2102 1982,2102 2064,2102"/>
                <TextEquiv>
                    <Unicode>tinenti sed molli intemperans est peior. Haec enim conclusio binas habet partes, quarum priorem sic ostendit philo¬</Unicode>
                </TextEquiv>
            </TextLine>
            <TextLine id="r1l38" custom="readingOrder {index:36;}">
                <Coords points="418,2154 2063,2171 2030,2111 419,2104"/>
                <Baseline points="429,2141 510,2141 591,2141 672,2142 753,2142 834,2142 915,2142 997,2144 1078,2144 1159,2144 1240,2145 1321,2145 1402,2145 1483,2147 1565,2147 1646,2147 1727,2148 1808,2148 1889,2148 1970,2148 2052,2150"/>
                <TextEquiv>
                    <Unicode>sophus in valore. Omnis ille est deterior qui non concupiscens ac remisse cupiens turpe committit, quam is qui</Unicode>
                </TextEquiv>
            </TextLine>
            <TextLine id="r1l39" custom="readingOrder {index:37;}">
                <Coords points="415,2206 2066,2214 2033,2160 415,2152"/>
                <Baseline points="426,2186 507,2186 588,2187 670,2187 751,2189 833,2189 914,2189 996,2190 1077,2190 1159,2190 1240,2192 1321,2192 1403,2192 1484,2193 1566,2193 1647,2193 1729,2193 1810,2195 1892,2195 1973,2195 2055,2196"/>
                <TextEquiv>
                    <Unicode>foedum consimile ex vehementi affectu operatur: hic autem est incontinens, ille vero intemperatus, maiorem exemplo</Unicode>
                </TextEquiv>
            </TextLine>
            <TextLine id="r1l40" custom="readingOrder {index:38;}">
                <Coords points="412,2241 2071,2260 2046,2208 412,2212"/>
                <Baseline points="423,2234 504,2234 586,2234 668,2235 750,2235 832,2235 914,2235 996,2237 1078,2237 1160,2237 1242,2238 1323,2238 1405,2240 1487,2240 1569,2240 1651,2241 1733,2241 1815,2241 1897,2241 1979,2241 2061,2241"/>
                <TextEquiv>
                    <Unicode>reserat, quod est tale. Si non iratus quempiam pulsauerit, plus vituperatur quam concitatus ira pulsans: quid enim</Unicode>
                </TextEquiv>
            </TextLine>
            <TextLine id="r1l41" custom="readingOrder {index:39;}">
                <Coords points="422,2297 2036,2311 2080,2264 423,2251"/>
                <Baseline points="432,2282 513,2282 595,2282 677,2282 759,2282 841,2282 923,2283 1005,2283 1087,2283 1169,2285 1251,2285 1332,2285 1414,2286 1496,2286 1578,2286 1660,2288 1742,2288 1824,2288 1906,2289 1988,2289 2070,2289"/>
                <TextEquiv>
                    <Unicode>ageret si esset in perturbatione? Proinde intemperans est incontinente deterior. Secunda pars patet. Mollis</Unicode>
                </TextEquiv>
            </TextLine>
            <TextLine id="r1l42" custom="readingOrder {index:40;}">
                <Coords points="422,2340 2067,2349 2011,2296 422,2297"/>
                <Baseline points="432,2327 513,2327 594,2327 675,2328 757,2328 838,2328 919,2330 1000,2330 1082,2330 1163,2331 1244,2331 1325,2331 1407,2333 1488,2333 1569,2333 1650,2334 1732,2334 1813,2334 1894,2336 1975,2336 2057,2337"/>
                <TextEquiv>
                    <Unicode>non agit ex electione, patet ex terminorum explicatione. Ecce literam. Ac eorum quos diximus, hoc est illorum</Unicode>
                </TextEquiv>
            </TextLine>
            <TextLine id="r1l43" custom="readingOrder {index:41;}">
                <Coords points="424,2394 2071,2392 2071,2348 1910,2343 425,2342"/>
                <Baseline points="435,2372 516,2373 597,2373 678,2374 760,2375 841,2375 922,2376 1003,2376 1085,2376 1166,2377 1247,2378 1328,2378 1410,2378 1491,2379 1572,2379 1653,2379 1735,2381 1816,2381 1897,2381 1978,2382 2060,2382"/>
                <TextEquiv>
                    <Unicode>qui non ex electione agunt alter magis speciei mollitudinis subiicitur: alter vero absolute est inconti¬</Unicode>
                </TextEquiv>
            </TextLine>
            <TextLine id="r1l44" custom="readingOrder {index:42;}">
                <Coords points="424,2431 2011,2443 2065,2390 424,2394"/>
                <Baseline points="435,2417 520,2418 605,2418 690,2420 775,2420 861,2421 946,2422 1031,2423 1116,2423 1201,2424 1287,2424 1372,2424 1457,2424 1542,2426 1627,2426 1713,2426 1798,2426 1883,2426 1968,2427 2054,2427"/>
                <TextEquiv>
                    <Unicode>nens. Incontinenti quidem continens opponitur, mollis autem constanti. Siquidem constantia in resistendo est: conti¬</Unicode>
                </TextEquiv>
            </TextLine>
            <TextLine id="r1l45" custom="readingOrder {index:43;}">
                <Coords points="427,2475 1953,2497 2067,2491 2068,2440 427,2436"/>
                <Baseline points="438,2463 519,2465 600,2465 681,2465 762,2466 843,2466 924,2468 1005,2468 1086,2469 1167,2469 1248,2471 1329,2471 1410,2472 1491,2472 1572,2472 1653,2474 1734,2474 1815,2474 1896,2474 1977,2474 2058,2474"/>
                <TextEquiv>
                    <Unicode>nentia vero in superando. Reniti vero, &amp; superare longo interstitio discrepant. Continens voluptates prae¬</Unicode>
                </TextEquiv>
            </TextLine>
            <TextLine id="r1l46" custom="readingOrder {index:44;}">
                <Coords points="424,2529 2071,2527 1980,2480 425,2477"/>
                <Baseline points="435,2510 516,2510 597,2511 678,2511 760,2511 841,2513 922,2513 1004,2514 1085,2514 1166,2516 1248,2516 1329,2517 1410,2518 1491,2519 1573,2519 1654,2520 1735,2520 1817,2520 1898,2520 1979,2519 2061,2519"/>
                <TextEquiv>
                    <Unicode>sentes vincit: a praesentibus autem voluptatibus incontinens superatur. Constans &amp; mollis circa dolores absen¬</Unicode>
                </TextEquiv>
            </TextLine>
            <TextLine id="r1l47" custom="readingOrder {index:45;}">
                <Coords points="417,2570 2026,2588 2066,2528 417,2525"/>
                <Baseline points="428,2559 509,2558 590,2558 672,2558 753,2559 834,2559 916,2559 997,2561 1078,2561 1160,2562 1241,2562 1322,2564 1404,2564 1485,2565 1566,2565 1648,2565 1729,2567 1810,2567 1892,2567 1973,2567 2055,2567"/>
                <TextEquiv>
                    <Unicode>tes insudant. Constans &amp; perseuerans aequanimiter fert absentiam delectabilium, nec ob absentiam dapum aut </Unicode>
                </TextEquiv>
            </TextLine>
            <TextLine id="r1l48" custom="readingOrder {index:46;}">
                <Coords points="425,2616 2009,2637 2070,2582 425,2579"/>
                <Baseline points="435,2603 516,2604 597,2604 678,2604 760,2606 841,2606 922,2607 1003,2607 1085,2609 1166,2609 1247,2609 1328,2610 1410,2610 1491,2612 1572,2612 1653,2612 1735,2613 1816,2613 1897,2613 1978,2613 2060,2613"/>
                <TextEquiv>
                    <Unicode>vini torquetur, si talium memoria occurrit, non frangitur. Mollis vero ob absentiam delectabilium anxie</Unicode>
                </TextEquiv>
            </TextLine>
            <TextLine id="r1l49" custom="readingOrder {index:47;}">
                <Coords points="428,2667 2068,2668 2068,2628 1965,2621 428,2618"/>
                <Baseline points="438,2651 519,2651 600,2651 681,2652 762,2652 843,2652 924,2654 1005,2654 1086,2655 1167,2655 1248,2655 1329,2657 1410,2657 1491,2657 1572,2658 1653,2658 1734,2658 1815,2660 1896,2660 1977,2660 2058,2660"/>
                <TextEquiv>
                    <Unicode>ringitur. Et quia voluptas praesens valentius potentiam ferit quam absens, hinc continentia perseuerantiam in ma</Unicode>
                </TextEquiv>
            </TextLine>
            <TextLine id="r1l50" custom="readingOrder {index:48;}">
                <Coords points="427,2707 2074,2715 2058,2668 427,2667"/>
                <Baseline points="438,2696 519,2697 600,2697 681,2697 763,2699 844,2699 925,2700 1007,2700 1088,2702 1169,2702 1251,2702 1332,2703 1413,2703 1494,2703 1576,2704 1657,2705 1738,2705 1820,2705 1901,2706 1982,2706 2064,2706"/>
                <TextEquiv>
                    <Unicode>teria temperantiae excedit. Tullius in sua rhetorica perseuerantiam partem fortitudinis posuit. Vnde fit quod mol¬</Unicode>
                </TextEquiv>
            </TextLine>
            <TextLine id="r1l51" custom="readingOrder {index:49;}">
                <Coords points="424,2754 2056,2764 2019,2716 424,2707"/>
                <Baseline points="435,2741 515,2742 596,2743 676,2744 757,2745 837,2745 918,2747 998,2747 1079,2747 1159,2748 1240,2748 1321,2748 1401,2750 1482,2750 1562,2750 1643,2751 1723,2751 1804,2751 1884,2752 1965,2753 2046,2753"/>
                <TextEquiv>
                    <Unicode>lis assimilatur ignauo militi, qui antequam cum hoste congrediatur se dedit. Incontinens vero in certamen descendit,</Unicode>
                </TextEquiv>
            </TextLine>
            <TextLine id="r1l52" custom="readingOrder {index:50;}">
                <Coords points="414,2808 2069,2821 2069,2767 2001,2760 414,2759"/>
                <Baseline points="425,2789 506,2789 588,2789 669,2790 751,2790 833,2792 914,2792 996,2792 1078,2793 1159,2793 1241,2795 1323,2795 1404,2796 1486,2796 1568,2798 1649,2798 1731,2798 1813,2799 1894,2799 1976,2799 2058,2799"/>
                <TextEquiv>
                    <Unicode>sed in conflictu deferuescit atque succumbit. Continens vero digladiatur &amp; vincit, &amp; non solum a perturbatione non</Unicode>
                </TextEquiv>
            </TextLine>
            <TextLine id="r1l53" custom="readingOrder {index:51;}">
                <Coords points="424,2847 1899,2867 2035,2864 2059,2819 424,2808"/>
                <Baseline points="434,2837 514,2837 595,2837 676,2837 757,2837 837,2838 918,2838 999,2838 1080,2840 1160,2840 1241,2841 1322,2841 1403,2843 1483,2843 1564,2844 1645,2844 1726,2844 1806,2844 1887,2846 1968,2846 2049,2844"/>
                <TextEquiv>
                    <Unicode>vincitur, sed eam reprimit &amp; in nihilum redigit, &amp; in pacatum sicut a belli victoria abit. ⁋ Ex his ponitur con¬</Unicode>
                </TextEquiv>
            </TextLine>
            <TextLine id="r1l54" custom="readingOrder {index:52;}">
                <Coords points="423,2897 2072,2912 2072,2852 423,2847"/>
                <Baseline points="434,2883 515,2883 596,2883 678,2883 759,2883 840,2885 922,2885 1003,2885 1084,2886 1166,2886 1247,2888 1328,2888 1410,2889 1491,2889 1572,2889 1654,2891 1735,2891 1816,2891 1898,2892 1979,2892 2061,2892"/>
                <TextEquiv>
                    <Unicode>clusio tamquam corollatium terminis declaratis. Continentia est magis quam continentia expetendo. Vincere enim quam non </Unicode>
                </TextEquiv>
            </TextLine>
            <TextLine id="r1l55" custom="readingOrder {index:53;}">
                <Coords points="420,2940 1930,2960 2068,2951 2069,2903 420,2895"/>
                <Baseline points="431,2928 512,2930 593,2930 675,2930 756,2931 837,2931 919,2931 1000,2933 1081,2933 1163,2933 1244,2934 1325,2934 1407,2936 1488,2936 1569,2936 1651,2937 1732,2937 1813,2937 1895,2938 1976,2939 2058,2939"/>
                <TextEquiv>
                    <Unicode>vinci est praestabilius. deinde de molli loquens ait. Mollis est qui aduersus ea quae plerique superant deficit.</Unicode>
                </TextEquiv>
            </TextLine>
            <TextLine id="r1l56" custom="readingOrder {index:54;}">
                <Coords points="424,2986 2064,3003 2064,2951 1988,2946 424,2940"/>
                <Baseline points="435,2975 520,2976 605,2976 690,2976 775,2978 861,2978 946,2978 1031,2979 1116,2979 1201,2979 1287,2981 1372,2981 1457,2982 1542,2982 1627,2982 1713,2984 1798,2984 1883,2984 1968,2985 2054,2985"/>
                <TextEquiv>
                    <Unicode>Propterea deliciis est diffluens. Deliciae enim sunt mollitudines quaedam, vt qui vestem per lutum trahit ne laborem</Unicode>
                </TextEquiv>
            </TextLine>
            <TextLine id="r1l57" custom="readingOrder {index:55;}">
                <Coords points="412,3031 2065,3045 2065,2995 413,2982"/>
                <Baseline points="423,3020 504,3021 586,3023 667,3023 749,3024 830,3026 912,3026 993,3026 1075,3027 1156,3027 1238,3027 1320,3027 1401,3027 1483,3027 1564,3028 1646,3029 1727,3029 1809,3030 1890,3030 1972,3032 2054,3033"/>
                <TextEquiv>
                    <Unicode>subeat. Is aegrotum imitatur qui non putat se miserum: est tamen misero persimilis. Miser est fiebilis &amp; calamitosua</Unicode>
                </TextEquiv>
            </TextLine>
            <TextLine id="r1l58" custom="readingOrder {index:56;}">
                <Coords points="421,3081 2055,3098 2031,3042 421,3033"/>
                <Baseline points="432,3066 512,3068 593,3069 673,3069 754,3071 835,3071 915,3071 996,3072 1077,3072 1157,3074 1238,3074 1319,3074 1399,3074 1480,3075 1561,3075 1641,3075 1722,3077 1803,3077 1883,3077 1964,3077 2045,3078"/>
                <TextEquiv>
                    <Unicode>&amp; interdum puer aegroto ponitur. Infirmitas est quoddam genus infelicitatis, laborans morbo est iudicio vulgi</Unicode>
                </TextEquiv>
            </TextLine>
            <TextLine id="r1l59" custom="readingOrder {index:57;}">
                <Coords points="421,3131 2062,3136 1967,3086 422,3081"/>
                <Baseline points="432,3111 513,3113 594,3114 675,3116 756,3116 837,3117 918,3119 999,3119 1080,3120 1161,3120 1242,3120 1323,3122 1404,3122 1485,3122 1566,3122 1647,3123 1728,3123 1809,3123 1890,3123 1971,3123 2052,3123"/>
                <TextEquiv>
                    <Unicode>silis misero: licet, non sit miser, si morbum patienter ferat. lusuper morbo laborans censes se non esse talem consilium me</Unicode>
                </TextEquiv>
            </TextLine>
            <TextLine id="r1l60" custom="readingOrder {index:58;}">
                <Coords points="418,3172 1953,3194 2060,3180 2061,3135 418,3133"/>
                <Baseline points="428,3159 509,3161 590,3161 671,3162 752,3162 833,3163 914,3164 996,3165 1077,3165 1158,3167 1239,3167 1320,3168 1401,3168 1482,3170 1564,3170 1645,3170 1726,3170 1807,3170 1888,3170 1969,3170 2051,3170"/>
                <TextEquiv>
                    <Unicode>dicorum haud indagat, &amp; sic in miseriam cadit: sic ipse mollis in calamitates sua mollitie incidit. Incontinens</Unicode>
                </TextEquiv>
            </TextLine>
            <TextLine id="r1l61" custom="readingOrder {index:59;}">
                <Coords points="424,3219 2069,3231 1992,3177 424,3174"/>
                <Baseline points="434,3207 515,3207 596,3209 677,3209 758,3210 840,3210 921,3212 1002,3212 1083,3213 1164,3213 1246,3214 1327,3215 1408,3215 1489,3216 1570,3216 1652,3216 1733,3216 1814,3216 1895,3216 1976,3215 2058,3215"/>
                <TextEquiv>
                    <Unicode>&amp; Mollis differunt. llle enim vehementi perturbatione vincitur. Mollis autem deficit &amp; trahitur ab his quos pluri¬</Unicode>
                </TextEquiv>
            </TextLine>
            <TextLine id="r1l62" custom="readingOrder {index:60;}">
                <Coords points="417,3281 2062,3273 2035,3224 417,3215"/>
                <Baseline points="428,3255 509,3255 590,3257 671,3258 752,3260 834,3260 915,3261 996,3261 1077,3263 1158,3263 1240,3263 1321,3263 1402,3264 1483,3264 1564,3264 1646,3264 1727,3264 1808,3264 1889,3264 1970,3264 2052,3264"/>
                <TextEquiv>
                    <Unicode>rimi superant. Quare mollis est deterior incontinente. Et si quis ab ingentibus perturbationibus vincatur, non est dicen</Unicode>
                </TextEquiv>
            </TextLine>
            <TextEquiv>
                <Unicode>alia est temeritas, alia infirmitas. Quidam enim deliberatione facta non persistunt in iis quae 
statuerunt ob perturbationem: quidam ex eo quia non consultarunt, a perturbatione ducuntur. Sunt enim
qui ante sentientes &amp; praeuidentes ac seipsos rationemque excitantes, non superantur a perturbatione
siue voluptatem id quod mouet siue dolorem efficiat: perinde atque praetitillati non titillantur. Ma¬
xime autem celeres ac biliosi atra bili temeraria incontinentia sunt incontinentes. Illi em ob ve¬
locitatem, hi ob vehementiam, non expectant rationem, ex eo quia ipsius sunt imaginationis sequaces.
FIt autem &amp;c. In huius septimi capitis principio nonnullas diffinitiones ponit. Et quia litera est
perspicua eam paucis transcurremus. Incontinens is est qui a gustus &amp; tactus voluptatibus superatur,
quas multi vincunt. Continens per oppositum ea oblectamenta superat. Mollis a doloribus gustus &amp; tactus,
quos plerique superant vincit. Tales tristitias constans superat quem alii perseuerantem appellant. In horum habituum
nominatorum medio, plurimorum habitus ponuntur: qui non sunt omnino continentia vel constantia nec icontinentia vel
inconstantia vel mollitudo: &amp; versantur circa eadem. Porro cum plerique sint gradus circa vehementes atque faciles
voluptates aut dolores, proinde multi sint habitus necessum est. Siquidem incontinens superatur nedum a vehe
mentibus perturbationibus, sed interdum ab his quas multi superant. Continens quoque magnas cupiditates vin 
cit: quod si quispiam remissas superauerit videtur minus perfectus esse quam continens. Nec est tamen imperfectus more inconti¬
nentis. Ita etiam est aliquis qui magis doloribus obnititur quam mollis &amp; minus quam constans: quocirca inter illos
quatuor habitus praetactos dabuntur quidam alii interstites, declinantes tamen magis ad imperfectionem &amp;
ad deteriores partes, hoc est magis ad mollitudinem ac inconstantiam declinant quam ad contumeliam &amp; constantiam.
Et licet de vtroque participant, potius tamen molles atque incontinentes dicuntur quam continentes &amp; constantes. Post
haec ponitur conclusio. Intemperantia deterior est incotinentia. Ad hanc probandam repetit diuisionem superius
positam, voluptatum gustus tactusque quaedam sunt necessariae, aliae non necessariae: &amp; necessariae sunt vsque ad
quendam terminum &amp; limitem, &amp; vltra illum excedendo non sunt necessariae: eodem modo est certa mensura in defi¬
ciendo. Et vt de voluptatibus est: ita etiam de earum doloribus in vsu est. Qui voluptatum excessus, hoc est
exuperantes voluptates ob electionem propter easipsas, naeque ob aliud quicquam inde proueniens (vt lucrum
vel huiusmodi) prosequitur, intemperatus dicitur, qui duas malas conditiones habet quae sequuntur, non est
poeniturus. Ratio est quia quaerit delectationem corporalem ex electione tamquam finem, &amp; non ob aliquem alium finem:
&amp; homo inhaeret immobiliter fini. Si voluptates ob lucrum quaereret esset auarus atque moechus, vt. 5
libro retulimus, quare incurabilis est, hoc est difficulter curabilis vel ab intrinseco non curatur, vt in 
capite sequenti latius dicetur: incontinens aut perturbatione sedata poenitet, &amp; sic curatur: qui vero ex
electione deficit &amp; voluptates refugit est insensibilis &amp; intemperanti aduersus. In horum duum vitiorum me¬
dio temperantia collocatur. Ex his discrimen inter hos tres patet. Intemperatus ex electione sequitur vo¬
luptates tactus, &amp; dolores oppositos refugit. Incontinens vero non ex electione sed ex perturbatione, &amp;
per hoc ab intemperato differt, &amp; a molli quia incontinens agit ob delectationem. Mollis vero vincitur a
tristitia quam intendit aufugere. Est enim delicatus miles, ad omnem bonam palaestram inutilis. Posthaec in¬
temperatum incontinenti &amp; molli confert secundo, incontinentem molli, &amp; ponitur alia concusio. Non modo incon¬
tinenti sed molli intemperans est peior. Haec enim conclusio binas habet partes, quarum priorem sic ostendit philo¬
sophus in valore. Omnis ille est deterior qui non concupiscens ac remisse cupiens turpe committit, quam is qui
foedum consimile ex vehementi affectu operatur: hic autem est incontinens, ille vero intemperatus, maiorem exemplo
reserat, quod est tale. Si non iratus quempiam pulsauerit, plus vituperatur quam concitatus ira pulsans: quid enim
ageret si esset in perturbatione? Proinde intemperans est incontinente deterior. Secunda pars patet. Mollis
non agit ex electione, patet ex terminorum explicatione. Ecce literam. Ac eorum quos diximus, hoc est illorum
qui non ex electione agunt alter magis speciei mollitudinis subiicitur: alter vero absolute est inconti¬
nens. Incontinenti quidem continens opponitur, mollis autem constanti. Siquidem constantia in resistendo est: conti¬
nentia vero in superando. Reniti vero, &amp; superare longo interstitio discrepant. Continens voluptates prae¬
sentes vincit: a praesentibus autem voluptatibus incontinens superatur. Constans &amp; mollis circa dolores absen¬
tes insudant. Constans &amp; perseuerans aequanimiter fert absentiam delectabilium, nec ob absentiam dapum aut 
vini torquetur, si talium memoria occurrit, non frangitur. Mollis vero ob absentiam delectabilium anxie
ringitur. Et quia voluptas praesens valentius potentiam ferit quam absens, hinc continentia perseuerantiam in ma
teria temperantiae excedit. Tullius in sua rhetorica perseuerantiam partem fortitudinis posuit. Vnde fit quod mol¬
lis assimilatur ignauo militi, qui antequam cum hoste congrediatur se dedit. Incontinens vero in certamen descendit,
sed in conflictu deferuescit atque succumbit. Continens vero digladiatur &amp; vincit, &amp; non solum a perturbatione non
vincitur, sed eam reprimit &amp; in nihilum redigit, &amp; in pacatum sicut a belli victoria abit. ⁋ Ex his ponitur con¬
clusio tamquam corollatium terminis declaratis. Continentia est magis quam continentia expetendo. Vincere enim quam non 
vinci est praestabilius. deinde de molli loquens ait. Mollis est qui aduersus ea quae plerique superant deficit.
Propterea deliciis est diffluens. Deliciae enim sunt mollitudines quaedam, vt qui vestem per lutum trahit ne laborem
subeat. Is aegrotum imitatur qui non putat se miserum: est tamen misero persimilis. Miser est fiebilis &amp; calamitosua
&amp; interdum puer aegroto ponitur. Infirmitas est quoddam genus infelicitatis, laborans morbo est iudicio vulgi
silis misero: licet, non sit miser, si morbum patienter ferat. lusuper morbo laborans censes se non esse talem consilium me
dicorum haud indagat, &amp; sic in miseriam cadit: sic ipse mollis in calamitates sua mollitie incidit. Incontinens
&amp; Mollis differunt. llle enim vehementi perturbatione vincitur. Mollis autem deficit &amp; trahitur ab his quos pluri¬
rimi superant. Quare mollis est deterior incontinente. Et si quis ab ingentibus perturbationibus vincatur, non est dicen</Unicode>
            </TextEquiv>
        </TextRegion>
    </Page>
</PcGts>
