2315 3607
484 295 2128 379 oportere persequi voluptates libere, tales non vincit. at hic est incontinens, qui quidem
483 358 2125 436 intemperante melior est. Nec est absolute prauus: conseruatur enim id in ipso, quod est
476 415 2115 491 optimum, principium inquam ipsum. Alius autem est huic contrarius: is qui persistit:
474 475 2109 556 & non ob perturbationem a ratione discedit. Et his igitur patet hunc qui dem studiosum,
478 538 1194 606 illum autem improbum habitum esse.
583 613 2108 693 Tvero &c. Prima conclusio huius capitis est. Incontinentia est peior quam intemperantia. Haec con¬
580 685 2115 742 clusio probatur. Primo sic. Insanabilis est deterior cito curabili: ac intemperans est insanabilis:
479 725 2110 787 Ahabet enim iudicium corruptum, autumans id esse patrandum quod inique patrat: secus est de incon¬
484 770 2110 836 tinente, Siquidem incontinens est sanabilis. Intemperans ex electione peccat in qua permanet, eo quod vo¬
471 809 2121 884 luptates corporeas eligit tamquam finem, ac post abitionem perturbationis incontinens poenitet. Morbus incu¬
471 863 2115 933 rabilis deterior est curabili. Dicit ergo, non est ita sicut dubitauimus, supple in secdo capite, vbi argumen¬
486 914 2115 980 tando dictum est intemperatum esse curabilem, incontinentem vero incurabilem, immo oppositum est verum.
480 965 2121 1029 Secundo, malum continuum deterius est malo non continuo: at intemperantia est continua, cum intemperantem
477 1010 2110 1082 poenitudo non subiit. Asola cupiditate incontinens ducitur, qua abeunte resipiscit. Minorem declarat per
490 1058 2109 1111 morbos corporeos qui ex intemperantia nascuntur in nimia edacitate atque excessiuo potu. foedae sane
488 1096 2119 1158 matres turpes, & calamitosas filias perenniter relinquunt, vt qui ventrem plus quam par sit coluerit ab eius
484 1143 2109 1203 ingluuie torquetur. Morbi corporales clarius quam morbi spirituales deprehenduntur. Vitium enim est
479 1192 2110 1250 simile in his morbis aquae intercuti, hoc est hydropisi. & tali hoc est phthisi: est enim phthisis pul¬
481 1235 2109 1297 monis vlceratio, cum sanguinis excreatione. Phthisis est in ventre superiore. Illo morbo irretitus
481 1283 2124 1347 primo sanguinem spuit, deinde saniem: postea detentio saliuae, sequiturque tandem mors. Incontinentia assimi¬
482 1328 2118 1391 latur aegritudinibus quae non continuo insunt homini. Cuiusmodi est epileptia siue morbus cadutus, in
484 1375 2109 1433 quo licet homo semimortuus cadit: rursus tamen reuiuiscit. In corporibus humidis vim habere con¬
479 1421 2118 1479 sueuit, vnde in ipsis infantibus qui humiditate abundant suam vim excercet. In epileptia cerebrum opilatur
482 1474 2109 1534 vnde epilepticus in terram decidit spumans, & interea sensu orbatur. Sicque in incontinente passio expellit
485 1518 2122 1572 rationem, ita vt a rectitudine iudicii cadat. Patet per plagam corporis neglectam. Tertio, malum latens de¬
491 1558 2112 1620 terius est malo non latenti. Praeuisum enim malum melius potest euitari. Veteri enim adagio dicitur. Nam
479 1616 2110 1677 preuisa minus laedere tela solent. At intemperantia est malum latens, quia intemperans falso putat id malum
475 1652 2110 1721 quod facit esse bonum vel malum. At incontinens scit se perperam agere. Variis epistolis ad Lucillium Seneca id
479 1709 2110 1755 retexit, inquiens, Intemperatus raro ad sanitatem redit quia nescit seipsum morbo laborare, & ait.
480 1741 2109 1806 Sicut somnium narrare vigilantis est, ita vitia sua confiteri, sanitatis est indicium. Item, ex debili passione
493 1797 2103 1847 intemperatus in gradu mouetur, verum ex uehementi habitu ipse iam finem sibi statuit in deliciis, frater
487 1838 2115 1897 Sardanapali antequam famescat & sitiat, esitat & potat: dicit se num quam famere neque sitire: quia tempus praeue¬
489 1893 2120 1945 nit. Incontinens vero parum habitus adhuc habet, verum eius perturbatio est vehemens. Intempe¬
493 1927 2106 1987 ratus, inter scorta conuersans, non tantum oblectamenti in veneriis capit, quantum continuo in caupona.
485 1977 2106 2036 Incontinens autemnon est ita frequens inter lupas seu meretriculas: cuius habitus est intemperato minor.
482 2023 2109 2078 sed perturbatio stringentior. lsti sunt quorum meminit Deiloquus Paulus, quorum deus venter est, &
490 2068 2122 2124 signanter saginatus ille intemperatus qui variis morborum generibus antequam animam exhalet ringetur:
491 2113 2110 2171 indubie experietur, quod extrema gaudii luctus occupet. Quocirca scire hic inquit philosophus. Propter¬
479 2159 2113 2222 ea est diuersum genus, hoc est modus incontinentiae & vitii, hoc est intemperantiae. Deinde species incontinen¬
485 2207 2110 2269 tiae comparat adinuicem ibi, horum autem ipsorum. Et ponit hanc conclusionem. Incontinentes temerarii minus cul¬
494 2265 2121 2312 pandi sunt incontinentibus infirmis. Rationem enim infirmi habent in qua non persistunt, armatisque assimu
482 2299 2109 2358 lantur qui hostem praeuident & permittunt se captiuos abduci. Incontinentes, infirmi, inermes ad conflictum
491 2347 2109 2412 prodeunt, ratione non armantur a minore vincuntur perturbatione: & non sine deliberatione. Et ex hoc oci
478 2390 2117 2454 culte trahitur. Tertia ratio ad conclusionem praecedentem. Aminori motiuo mouetur intemperatus quam incon¬
493 2438 2120 2498 tinens, quia hic magnam perturbationem habet ille vero non. Per meliores minus malos intelligit, im¬
484 2485 2109 2554 proprie, sed satis vulgariter vocabulum, vt in quintum Ethicorum diximus, capit. Incontinentes sunt his persi¬
488 2539 2119 2593 miles qui cito sunt temulenti & pauco vino & pauciore quam plerique alii. lsti peius de corpore disponun¬
488 2585 2115 2641 tur quam hi qui non sic inebriantur: sic in proposito est de anima & eius dispositione: ergo incontinentes teme¬
479 2625 2108 2682 rarii sunt meliores, hoc est minus mali quam incontinentes infirmi. At dicis ex hac probatione sequitur in¬
492 2675 2115 2737 continentem plus peccare quam intemperatum, cum ille habeat iudicium & rationem, lste vero non. De grauitate inter
487 2725 2118 2783 peccata istorum in quadam dubitatione post haec a nobis fortasse tangetur. Deinde comparat incontinentiam & inten¬
491 2763 2120 2829 perantiam secundum ea in quibus conveniunt & differunt, ibi. Patet igitur incontinentiam. Et hanc in valore ponit con¬
489 2811 2118 2872 clusionem. Incontinentia non est omnino vitium, sed ex aliqua parte. Patet, quia incontinens praeter electionem a
481 2858 2113 2923 perturbatione victus operatur: habet enim intellectum adhuc incorruptum, vitium vero fit cum electione. Conue¬
487 2912 2110 2964 niunt tamen in hoc quod in actionibus est similitudo vt Demodocus in Milesios cauillabatur, inquiens.
479 2950 2115 3011 Milesii namque insipientes non sunt, ea tamen faciunt quae insipientes operantur. Vt de quodam nobili
476 2996 2125 3054 nostrates cachinando dicere sueuere. Dominus Malerstonensis verba imprudentium non effutit, at¬
474 3045 2126 3103 tamen opera imprudentium insequitur. Quippe is auitas possessiones pene omnes alienauit, cuius
483 3093 2114 3160 pater ob verbalem imprudentiam derisus, vendiderat nihil. Non erat prudentia componendi stilum
478 3141 2118 3203 chartae terrarum venditricis. Ac incontinentes iniusti non sunt, faciunt tamen iniuriam, sed quia
482 3181 2125 3246 ex electione non faciunt non sunt iniusti, & quia in gustu intemperati sinistrae agunt iniuriam fa¬
489 3242 1759 3305 ciunt. Iniust itia in vna acceptione est vitium commune, vt ex quinto patuit.
