2333 3596
177 244 1841 367 signanter debilis consultat de agendo ac consilium ipsum aspernatur. Malignus autem siue intempa
189 323 1846 411 ratus assimilatur ciuitati, quae legibus quidem, sed prauis vtitur. Ac continentia ac incontinentia cir¬
192 363 1846 463 ca id insudant. Qua vincit habitum multitudinis, patet, continens magis, incontinens minus perma
192 408 1833 512 net quam multitudo potest. Vult dicere quod licet continens vtatur ratione quam habet, incontinens vero
189 463 1833 555 non, tamen non quilibet excessus a recta ratione facit incontinentem. Continens persistit in recta ra¬
190 502 1830 605 tione magis quam multi possunt. Superat enim cupiditates a quibus multi vincuntur, incontinens ve
191 575 1003 645 ro a cupiditatibus superatur quas multi vincunt.
183 566 1834 697 ⁋ Alia conclusio. Incontinentes praeuolantes (qua incontinentia melancholici laborant sunt minus
199 637 1848 733 mali & curabiliores quam incontinentes debiles non persistentes in consultatione. Haec conclusio in vir¬
192 695 1845 787 tute ante habita est. Probaturque sic. Qui habet rationem habet opem contra malum, vt debilis: prae¬
197 740 1417 830 uolans autem non habet, eapropter magis debili imputatur si succumbat.
204 785 1840 873 ⁋ Alia conclusio. Incontinentes per consuetudinem sunt curabiliores quam incontinentes per naturam.
198 832 1848 924 Incontinentes per naturam sunt ex influentia caeli aut ex progenitoribus. Auiti enim mores in na¬
197 877 1846 966 tos descendunt, facilius autem est consuetudinem quam naturam immutare. Assuetudinem mutare non
205 915 1845 1015 habet difficultatem nisi quia naturam aemulatur: modo propter quod vnumquodque tale & illud ma¬
208 964 1777 1056 gis, primo posteriorum. Qu consuetudo similis sit naturae authoritate Eueni poetae probat dicentis.
197 1036 885 1102 Est vsus longus mos ac meditatio crebra:
210 1070 975 1151 Hunc tandem assero naturam mortalibus esse.
204 1088 1841 1198 ⁋ Verum quid continentia incontinentia ve: quid item constantia & mollitudo & qua via inter se se
207 1157 1839 1243 cernantur hi habitus iam vbertim dictum est. ⁋ Circa totam hanc materiam in primis dubitatus
205 1198 1843 1294 an quis potest esse continens sine munere dei, hoc est speciali dei ope. ⁋ Relicto philosopho, ad theolo
216 1249 1846 1343 gos deueniendo, dico hosce super hoc negocio disceptare. Partem negatiuam approbatis doctoribus
216 1295 1860 1380 ecclesiaeque determinationibus conformiorem arbitror: eapropter eam aemulari par est. dicitur enim
220 1336 1858 1425 Sapientiae octauo. Non possum esse continens nisi deus det. Quod verbum occasionem dubitandi no
211 1382 1855 1477 bis in praesentiarum praebuit: & non modo circa continentiam verumetiam circa omne bonum id
219 1430 1861 1522 contingit. Probatur haec pars siue conclusio negatiua. Illic sapiens non loquitur de datione & patro¬
223 1471 1868 1573 cinio generali, nam sine concursu dei generali incontinens esse potest nemo, siquidem ad cuiustibet
220 1521 1864 1620 rei substantiam deus concurrit vt ex symbolis edocemur, est enim visibilium & inuisibilium bono¬
217 1568 1869 1668 rum & malorum actor. Aliud ergo auxilium dei ad bonum requiritur quam ad malum. Hoc tangens
218 1617 1872 1711 Augustinus in epistola ad Paulinum Nolanum episcopum ait. Quando contra tentationes concu¬
222 1659 1859 1758 piscentiasque illicitas dimicamus, quamuis illic & propriam habeamus voluntatem non tamen ex il¬
221 1710 1868 1803 la, sed ex adiutorio dei nostram prouenire victoriam arbitror. Proinde nec constans nec continens
230 1752 1857 1852 potest stare inuictus in agone sine dei speciali ope. Et Augustinus in de correctione & gratia capitulo
237 1797 1868 1899 quarto. Liberum arbitrium ad malum sufficit: ad bonum autem parum est nisi adiuuetur ab omni¬
227 1842 1876 1944 potenti bono. Et doctor gentium ad Romanos nono. Deus operatur in nobis velle & perficere. Et
225 1898 1865 1994 primae ad Corinthios quarto. Quid habes quod non accepisti. Et Ioannis sexto. Nemo potest venire
229 1936 1865 2026 ad me nisi pater traxerit illum. Ad hoc magister, distinctione vigesima sexta libri secundi sententia
226 1987 1872 2072 rum Patrum authoritates inducit, vt in eandem distinctionem, libro secundo fusius monstrauimus.
235 2027 1871 2129 Haec vocatur gratia praeueniens ad bonum. Hoc puerorum libelli indicant quicquid habes meriti
230 2072 1881 2178 praeuentrix gratia donat, & Quicquid peccamus, id nobis attribuamus. Oppositum erat error Pela¬
236 2128 1747 2221 gii: cuius errores Gratianus allegat, ergo aliter ad bonum aliter ad malum deus cooperatur.
240 2164 1870 2260 ⁋ Contra hanc conclusionem argumentor sic. Ex ea sequitur hominem ad impossibile obligari, con
238 2214 1871 2307 sequens est rationi dissentaneum, quia omne peccatum est voluntarium. Consequentia tamen patet.
240 2262 1870 2357 quia quispiam tenetur elicere actum bonum quem cum influentia de generali habere nequit, pona¬
241 2318 1246 2397 tur deus specialiter non concurrere tunc habetur propositum
249 2343 1880 2451 ⁋ Secundo Socrates non necessitatur concupiscere hanc pulchram foeminam, ergo potest ab eius
243 2415 1191 2496 cupiditate abstinere: ergo ad hoc speciali ope dei non eget.
246 2449 1890 2542 ⁋ Tertio deus specialiter instigat in malum, ergo non aliter bonum quam ad malum cooperatur. As¬
244 2494 1895 2587 sumptum patet per illud quod scribitur. primo Paralipomenum quinto. Suscitauit dominus spiri¬
243 2539 1892 2632 tum Assyriorum regis contra Israel, & transtulit Ruben & Gad. At rex in hoc deliquit, Hebraeorum
253 2585 1893 2673 fortunas depilans. Simile secundi Paralipomenum vigesimoprimo scribitur. Suscitauit deus contra
246 2632 1882 2720 loram spiritum Philistinorum & Arabum, & ascenderunt in terram luda, & dissipauerunt eam. Et
256 2678 1888 2765 Esaiae decimo. Assur virga furoris mei & baculus ipse est: mittam eum contra populum furoris mei.
253 2724 1889 2813 Mandabo illi vt auferat spolia & diripiat praedam: & ponat eam in conculcationem quasi lutum. Hoc
259 2774 1888 2858 vt commentarius exponit dictum est de Senacherib rege Assyriorum contra Israel sub Ezechia. quar¬
252 2820 1889 2911 ti Regum. xviii. ⁋ Ad primum respondendo sequelam, inficior. Deus enim cuilibet suum speciale au¬
258 2865 1889 2952 xilium dat ad bene operandum, nisi quis illo abutatur, & illi reluctetur: quare se indignificat ea ope.
255 2908 1893 3004 Nemo potest aliquid operari sine dei concursu generali quod semper cuilibet ad bonum & malum est
267 2961 1902 3042 paratum. Sic & de speciali dico nisi quis se illo indignificet. Speciale hominem ad bonum non neces¬
259 3004 1892 3090 sitat secundm legem, propterea homo eo vtens meretur. Potest tamen quempiam necessitate si voluerit ad
257 3049 1897 3147 bene agendum. ⁋ Ad secundum prima fronte videtur ad perseuerantiam siue constantiam non requi¬
262 3098 1892 3186 ri dei speciale auxilium, quia cum generali & hominis libertate potest non agere, alioqui non sit liber. Sec?
258 3140 1901 3231 est de actu continentiae difficiliore. qui actum positiuum moraliter bonum efflagitat. Attamen ob pa¬
264 3187 1915 3299 trum determinationes considerata nostra infirmitate puto auxilium speciale requiri ad hoc vt non
