2344 3583
199 259 1875 348 litia, ergo ad ipsum attinet de voluptate & dolore speculari. ⁋ Tertio, felicitas est cum voluptate, quocir
197 341 1873 397 ca plures beatum a gaudendo nominarunt. Hinc tres de voluptate opiniones recitat. Quarum prima erat dicen
205 389 1867 445 tium nullam voluptatem per se aut per accidens esse bonum. Voluptatem enim & bonum non esse idem arbitrantur. Bonum per se
206 429 1865 486 bonum est suapte natura bonum. Per accidens bonum est bonum alicui adiunctum, nam potius facit vt illud bonum
211 486 1873 536 aliquid mali habeat ob eius commixtionem. Seuna erat opinio astruentium quae sdam voluptates esse bonas, set earum plu¬
202 528 1867 582 rimas esse malas, hanc sedam insequitur. Inter vtrumque vola medio tutissimus ibis inquit poeta. ⁋ Tertia supre¬
208 572 1871 628 mum bonum, deinde horum opinantum motiua adducit, in primis rationes priae opinionis. Pria autem ratio est. Nulla ge¬
208 620 1876 675 neratio in natura sensibili est bona, at omnis delectatio est geneatio sensibilis in natura: igitur nulla delectatio
208 672 1870 721 est bona, in sedo modo priae. Maior pta, quia nulla genatio est finis. sed via per quam ad finem deuenitur: sicut aedifica
207 710 1864 762 tio quae est domus generatio non est ipsa domus, sed via ad domum. Et bonum & finis secundum sic
205 755 1860 814 argumentantes coincidunt, proinde secundum eos nulla generatio est bonum. Et minor declaratur per
204 804 1865 858 delectationis diffinitionem quam ipsi ponebant dicentes. Tunc solum esse delectationem, quando aliquod
211 843 1866 898 sensibile nostrae naturae additur quasi nobis connaturale, vt in escae aut potus assumptione est videre.
214 894 1871 954 Sed quia haec prima ratio est caeteris taediosior, sic argumentor. nihil est bonum quod cum fine stare nequit,
211 939 1857 1000 cum nihil sit bonum nisi ob causas finales: vt inquit commentator. xii. Metaphy. at voluptas non stat cum fine,
214 988 1877 1044 quia finis est in perfecto est, voluptas nunquam est in perfecto esse, sed in perfectionis generatione. Patet ad ocu¬
203 1022 1864 1082 lum, si frigeas calefactio erit tibi voluptati, donec ad temperamentum reductus fueris, & non amplius. Et
198 1075 1870 1131 si repletionis egeas, esca erit tibi voluptati, sed non diutius quam cum stomachus & pori rempleti fuerint. ⁋ Seda
207 1123 1879 1181 ratio est Tales voluptates vir temperans fugit: igitur voluptas est quid malum. Praeterea. ⁋ Tertio prudens in¬
214 1171 1877 1224 dolentiam & dolorum vacuitatem sequitur, non autem ipsas voluptates. ⁋ Quarto voluptates impedimento sunt
214 1222 1863 1275 prudenti, & quo quis magis his voluptatibus afficitur & gaudet, eo magis impeditur, vt in venerea voluptate
208 1263 1869 1336 intueri licet. Nemo quoque dum est in illa, quicquam mente considerare valet: proinde voluptates non sunt bo¬
220 1307 1732 1364 nae. ⁋ Quinto delectationis nulla est ars: at omne bonum humanum est opus alicuius artis.
208 1332 1865 1415 ⁋ Sexto, pueri & belluae ipsas voluptates sequuntur, sunt igitur brutales voluptates & non expetendae
215 1398 1874 1454 vt bonae. His sex rationibus pro prima opinione recitatis, pro secda similiter argumentatur. Primo sic.
221 1450 1870 1508 Quaedam voluptates sunt turpes ac infames: ergo non omnes sunt studiosae. Sedo quia aliquam voluptatum detri
217 1496 1863 1549 mentum afferunt, voluptatem enim efficientia quaedam morbos aggenerant, alias autem esse bonas nihil ipsis videtur
218 1542 1863 1595 esse absurdum. ⁋ Demum vnico medio pro tertia positione argumentatur, quae dicit nullam delectatio
213 1589 1875 1647 nem esse optimam quamuis omnes sint bonae. ld quod non est finis non est optimum, at nulla voluptas est
207 1628 1866 1690 finis: igitur. Consequentia tenet cum maiore. Et minor probatur secudm loquentium dicta, omnis dele¬
215 1681 1859 1728 ctatio est generatio sensibilis in natura, & nulla generatio est finis, sed via ad finem. Haec fere sunt quae de
223 1728 1869 1786 voluptate ab illis adducuntur. ⁋ Sed contra literam obiicitur: primo. Videtur autem quod hic non est locus de volupta
224 1770 1865 1822 te disserendi: immo est in decimo: in signum cuius in illius libri primordio de voluptate loquitur. Item in rhe
220 1818 1866 1872 torica de voluptate determinat, ergo non hic. ⁋ Respondetur quod hic principaliter de voluptate sensuali
220 1864 1869 1920 loquitur, & de tristitia, circa quam continentia incontinentia, mollicies & perseuerantia laborant. de spumali autem delecta
227 1912 1870 1962 tione non determinat nisi per quando corporalis voluptas melius dephenditur. Opposito autem mon determinat
223 1959 1874 2020 in decimo. Principalt enim de spumali in decimo, vt de felicitate loquuturus, quim quia non est sine voluptate.
214 2001 1873 2061 prius de voluptate loquitur. Item plerique philosophi & vulgus in delectatione felicitatem ponebant. hoc autem in
215 2055 1870 2112 decimo euacuat antequam prouinciam loquendi de felicitate subeat. Et quia inter amicos maxime solet esse de
228 2097 1874 2158 lectatio (nihil enim est delectabilius quam cum honestis amicis conuiuere, vt in octauo & nono dicit) ea¬
226 2140 1867 2198 propter post hanc materiam voluptatis in septimi calce de amicitia loquetur. Et sic hosce libros con¬
217 2190 1877 2266 nectit. ⁋ Ad seudam rationem dicitur quod rhetorica solum probabiliter de voluptate tractat, moralis autem
217 2235 1475 2307 philosophus demonstratiue eo modo quo ethicus demonstrationes suscipit.
535 2303 1615 2416 Tractatus. II. Cap. II. Quod est Lib. VII. Cap. XII.
547 2414 1879 2499 On effici autem ob ea quae dicta sunt, vt voluptas bonum non sit, nec id quod est opti
563 2489 1875 2551 mum, ex hisce sane constabit. Primum namque cum bonum sit duplex (est enim aliud ab
562 2541 1871 2607 solute, aliud alicui bonum) & naturae ipsae & habitus haec sequentur. Quare se¬
564 2599 1877 2671 quentur & motus, & geneationes. Atque earum quae prauae videntur esse, quaedam sunt sim
539 2637 1864 2715 pliciter prauae, alicui vero non sunt, sed expetibiles huic. Quaedam nec huic,
516 2716 1875 2781 sed nonnumquam & tempore paruo expetibiles vero non sunt. Quaedam neque volupta
223 2761 1874 2828 tes sunt, sed videntur quae sunt cum dolore & medicaminis gratia, quales sunt aegrotantium. Praeter¬
227 2823 1872 2871 ea cum bonorum aliud sit operatio, aliud habitus, operationes quae ad naturam constituunt habitum, per acci¬
229 2868 1874 2941 dens afficiunt voluptate. Est igitur operatio in cupiditatibus restantis habitus atque naturae. nam & sine
230 2922 1870 2988 dolore cupiditateque sunt voluptates, vt operationes contemplandi, non deficiente natura. Signum autem
218 2980 1878 3061 est quod non eisdem gaudent homines, cum repletur, & cum est constituta natura, sed cum est constitura iis quae sim
223 3038 1883 3115 pliciter afficiunt voluptate, cum repletur & contrariis. Nam & acribus gaudent & amaris, quo¬
226 3099 1884 3164 rum nihil prorsus aut natura, aut simpliciter afficit voluptate, quare nec voluptates. Nam vt
228 3150 1873 3221 ea quae voluptatem efficiunt inter sese distant, sic & voluptates eae quae ab illis proueniunt. Atqui non
219 3206 1882 3281 necesse est aliquid aliud esse praestabilius voluptate, vt quidam inquiunt genationes ipsius finem.
