<?xml version="1.0" encoding="UTF-8" standalone="yes"?>
<PcGts xmlns="http://schema.primaresearch.org/PAGE/gts/pagecontent/2013-07-15" xmlns:xsi="http://www.w3.org/2001/XMLSchema-instance" xsi:schemaLocation="http://schema.primaresearch.org/PAGE/gts/pagecontent/2013-07-15 http://schema.primaresearch.org/PAGE/gts/pagecontent/2013-07-15/pagecontent.xsd">
    <Metadata>
        <Creator>prov=University of Rostock/Institute of Mathematics/CITlab|PLANET AI GmbH/Gundram Leifert/gundram.leifert@planet-ai.de:name=cod-MaEth8-m2(htr_id=30545)::::v=2.6.7
prov=University of Rostock/Institute of Mathematics/CITlab|PLANET AI GmbH/Tobias Gruening/tobias.gruening@planet-ai.de:name=de.uros.citlab.module.baseline2polygon.B2PSeamMultiOriented:v=2.6.7
prov=University of Rostock/Institute of Mathematics/CITlab|PLANET AI GmbH/Tobias Gruening/tobias.gruening@planet-ai.de:name=/net_tf/LA73_249_0mod360.pb:de.uros.citlab.segmentation.CITlab_LA_ML:v=2.6.6
Transkribus</Creator>
        <Created>2021-01-31T23:14:47.677+01:00</Created>
        <LastChange>2021-02-26T18:34:52.798+01:00</LastChange>
        <TranskribusMetadata docId="597563" pageId="23819790" pageNr="260" tsid="53133549" status="IN_PROGRESS" userId="25065" imgUrl="https://files.transkribus.eu/Get?id=TOIHOMHIHJVQGXFCPPYPZAVF&amp;fileType=view" xmlUrl="https://files.transkribus.eu/Get?id=OWDKTPOIDRFBNQODUURPMGDI" imageId="18280248"/>
    </Metadata>
    <Page imageFilename="259.jpg" imageWidth="2328" imageHeight="3587">
        <ReadingOrder>
            <OrderedGroup id="ro_1614432135220" caption="Regions reading order">
                <RegionRefIndexed index="0" regionRef="r1"/>
            </OrderedGroup>
        </ReadingOrder>
        <TextRegion orientation="0.0" id="r1" custom="readingOrder {index:0;}">
            <Coords points="443,182 443,3250 2123,3250 2123,182"/>
            <TextLine id="r1l2" custom="readingOrder {index:0;}">
                <Coords points="433,349 2126,344 2125,272 2073,266 433,272"/>
                <Baseline points="443,329 526,327 610,326 693,325 777,324 860,323 944,323 1027,323 1111,323 1194,321 1278,321 1362,321 1445,321 1529,321 1612,321 1696,323 1779,323 1863,323 1946,323 2030,323 2114,324"/>
                <TextEquiv>
                    <Unicode>Non enim generationes, neque cum generatione sunt omnes, sed operationes &amp; finis. Nec</Unicode>
                </TextEquiv>
            </TextLine>
            <TextLine id="r1l3" custom="readingOrder {index:1;}">
                <Coords points="435,391 2059,406 2134,341 435,351"/>
                <Baseline points="446,386 529,384 613,382 697,381 781,380 865,378 949,378 1032,378 1116,377 1200,377 1284,378 1368,378 1452,378 1536,378 1619,378 1703,378 1787,378 1871,380 1955,378 2039,378 2123,378"/>
                <TextEquiv>
                    <Unicode>eueniunt dum fiunt, sed cum fit vsus: nec omnium est finis aliud quicquam, sed earum quae </Unicode>
                </TextEquiv>
            </TextLine>
            <TextLine id="r1l4" custom="readingOrder {index:2;}">
                <Coords points="445,465 2100,457 2121,396 445,398"/>
                <Baseline points="455,440 537,438 620,437 703,435 786,435 869,434 951,434 1034,434 1117,434 1200,434 1283,434 1365,434 1448,435 1531,435 1614,435 1697,435 1779,435 1862,435 1945,435 2028,435 2111,434"/>
                <TextEquiv>
                    <Unicode>ducunt ad perfectionem naturae. Quapropter &amp; non bene sese habet, voluptatem dicere</Unicode>
                </TextEquiv>
            </TextLine>
            <TextLine id="r1l5" custom="readingOrder {index:3;}">
                <Coords points="441,526 2124,513 2081,445 441,465"/>
                <Baseline points="452,495 535,493 618,491 701,489 784,489 867,488 950,488 1033,488 1116,488 1199,488 1283,488 1366,489 1449,489 1532,489 1615,489 1698,489 1781,489 1864,489 1947,489 2030,488 2114,486"/>
                <TextEquiv>
                    <Unicode>generationem esse sensibilem, sed dicendum est potius operationem eius habitus qui est se¬</Unicode>
                </TextEquiv>
            </TextLine>
            <TextLine id="r1l6" custom="readingOrder {index:4;}">
                <Coords points="454,568 1989,576 2113,559 2113,513 454,520"/>
                <Baseline points="464,551 550,549 636,547 722,546 809,545 895,544 981,543 1067,543 1154,543 1240,543 1326,543 1412,543 1499,543 1585,545 1671,545 1757,545 1844,545 1930,545 2016,545 2103,545"/>
                <TextEquiv>
                    <Unicode>cundum naturam, &amp; pro hoc sensibilem sine impedimento. Videtur autem ex eo genera¬</Unicode>
                </TextEquiv>
            </TextLine>
            <TextLine id="r1l7" custom="readingOrder {index:5;}">
                <Coords points="456,620 1956,629 2119,614 2119,555 456,566"/>
                <Baseline points="467,605 549,603 631,602 713,602 795,600 877,600 959,599 1041,599 1123,599 1205,599 1288,599 1370,600 1452,600 1534,600 1616,600 1698,600 1780,600 1862,600 1944,600 2026,600 2109,600"/>
                <TextEquiv>
                    <Unicode>tio quaedam esse, quia est proprie bonum. Operationem enim generationem esse existi¬</Unicode>
                </TextEquiv>
            </TextLine>
            <TextLine id="r1l8" custom="readingOrder {index:6;}">
                <Coords points="448,675 2107,687 2119,614 448,633"/>
                <Baseline points="458,662 540,659 623,658 705,656 788,656 870,654 953,654 1035,654 1118,654 1200,654 1283,654 1366,654 1448,656 1531,656 1613,656 1696,656 1778,656 1861,656 1943,656 2026,654 2109,654"/>
                <TextEquiv>
                    <Unicode>mant, est autem diuersum. At vero si voluptates esse prauas ex eo censent, quia nonnul¬</Unicode>
                </TextEquiv>
            </TextLine>
            <TextLine id="r1l9" custom="readingOrder {index:7;}">
                <Coords points="448,725 2117,729 2012,666 448,675"/>
                <Baseline points="458,714 540,714 622,713 705,713 787,711 870,711 952,711 1034,711 1117,710 1199,710 1282,710 1364,710 1446,710 1529,710 1611,711 1694,711 1776,711 1858,711 1941,711 2023,711 2106,711"/>
                <TextEquiv>
                    <Unicode>lae rerum afferentium voluptatem morbos efficiunt, idem de salubribus rebus censebunt,</Unicode>
                </TextEquiv>
            </TextLine>
            <TextLine id="r1l10" custom="readingOrder {index:8;}">
                <Coords points="456,784 2054,785 2113,728 456,730"/>
                <Baseline points="467,770 548,768 630,767 712,767 794,767 876,765 957,765 1039,765 1121,765 1203,765 1285,765 1366,765 1448,765 1530,766 1612,767 1694,767 1775,767 1857,767 1939,765 2021,765 2103,765"/>
                <TextEquiv>
                    <Unicode>Nonnullae nanque obsunt pecuniariae rei. Hoc igitur pacto prauae sunt ambae. at non sunt</Unicode>
                </TextEquiv>
            </TextLine>
            <TextLine id="r1l11" custom="readingOrder {index:9;}">
                <Coords points="445,849 2069,852 2125,789 445,795"/>
                <Baseline points="455,825 538,824 621,824 704,822 787,822 870,821 953,821 1036,821 1119,821 1202,821 1285,821 1368,821 1451,821 1534,821 1617,821 1700,822 1783,822 1866,822 1949,822 2032,822 2115,822"/>
                <TextEquiv>
                    <Unicode>ob idipsum prauae. Nam obest interdum ad sanitatem &amp; contemplatio. impedit autem</Unicode>
                </TextEquiv>
            </TextLine>
            <TextLine id="r1l12" custom="readingOrder {index:10;}">
                <Coords points="451,891 2117,889 2116,837 1913,828 451,847"/>
                <Baseline points="462,881 544,880 626,879 708,878 790,876 873,876 955,876 1037,876 1119,876 1201,876 1284,876 1366,876 1448,876 1530,877 1612,878 1695,878 1777,878 1859,878 1941,878 2023,878 2106,878"/>
                <TextEquiv>
                    <Unicode>neque prudentiam neque habitum vllum voluptas ea quae ab vno quoque prodit sed alienae.</Unicode>
                </TextEquiv>
            </TextLine>
            <TextLine id="r1l13" custom="readingOrder {index:11;}">
                <Coords points="448,954 1992,960 2113,948 2113,889 448,891"/>
                <Baseline points="459,936 541,935 623,933 705,933 787,933 869,932 951,932 1034,932 1116,932 1198,932 1280,932 1362,932 1444,932 1526,932 1609,932 1691,932 1773,932 1855,932 1937,932 2019,932 2102,932"/>
                <TextEquiv>
                    <Unicode>Nam eae voluptates quae ad contemplationem emergunt &amp; disciplinam, conferunt potius</Unicode>
                </TextEquiv>
            </TextLine>
            <TextLine id="r1l14" custom="readingOrder {index:12;}">
                <Coords points="458,1006 2115,998 2115,958 1910,944 458,956"/>
                <Baseline points="468,990 549,990 631,989 713,987 795,987 877,987 959,987 1040,987 1122,987 1204,987 1286,987 1368,987 1450,987 1532,987 1613,987 1695,987 1777,987 1859,987 1941,987 2023,987 2105,986"/>
                <TextEquiv>
                    <Unicode>ad contemplandum, atque discendum. Id praeterea quod dicitur nullam vllius artis opus vo¬</Unicode>
                </TextEquiv>
            </TextLine>
            <TextLine id="r1l15" custom="readingOrder {index:13;}">
                <Coords points="449,1062 2106,1067 2123,996 449,1001"/>
                <Baseline points="459,1046 541,1044 624,1044 706,1043 789,1043 872,1041 954,1041 1037,1041 1120,1041 1202,1041 1285,1041 1368,1041 1450,1041 1533,1041 1616,1043 1698,1043 1781,1044 1864,1044 1946,1046 2029,1047 2112,1049"/>
                <TextEquiv>
                    <Unicode>luptatem esse cum ratione accidit. Nec enim vlla alia operatio artis est, sed potentiae, quamquam</Unicode>
                </TextEquiv>
            </TextLine>
            <TextLine id="r1l16" custom="readingOrder {index:14;}">
                <Coords points="454,1115 2116,1101 1983,1053 454,1063"/>
                <Baseline points="464,1101 546,1100 628,1098 710,1098 792,1097 874,1097 956,1097 1038,1097 1120,1097 1202,1097 1284,1097 1366,1097 1448,1097 1530,1097 1612,1097 1694,1097 1776,1097 1858,1097 1940,1097 2022,1097 2105,1097"/>
                <TextEquiv>
                    <Unicode>&amp; vnguentaria ars &amp; coquinaria, voluptatis esse videntur. Temperantem autem fugere vo¬</Unicode>
                </TextEquiv>
            </TextLine>
            <TextLine id="r1l17" custom="readingOrder {index:15;}">
                <Coords points="457,1177 1965,1177 2122,1156 2122,1110 457,1118"/>
                <Baseline points="467,1157 549,1155 631,1154 713,1152 796,1152 878,1151 960,1151 1042,1151 1125,1151 1207,1151 1289,1152 1371,1152 1454,1152 1536,1154 1618,1154 1700,1154 1783,1154 1865,1154 1947,1154 2029,1152 2112,1152"/>
                <TextEquiv>
                    <Unicode>luptatem, &amp; prudentem sequi vacuitatem doloris, pueros denique persequi beluasque affici¬</Unicode>
                </TextEquiv>
            </TextLine>
            <TextLine id="r1l18" custom="readingOrder {index:16;}">
                <Coords points="452,1223 2035,1235 2111,1225 2111,1168 452,1173"/>
                <Baseline points="462,1211 543,1209 625,1208 707,1208 789,1206 871,1206 953,1206 1035,1206 1117,1206 1199,1206 1281,1206 1362,1206 1444,1206 1526,1208 1608,1208 1690,1208 1772,1209 1854,1209 1936,1209 2018,1209 2100,1211"/>
                <TextEquiv>
                    <Unicode>entes res voluptate, eodem omnia modo soluuntur. Nam cum voluptatum (vt dictum est) </Unicode>
                </TextEquiv>
            </TextLine>
            <TextLine id="r1l19" custom="readingOrder {index:17;}">
                <Coords points="453,1280 2124,1286 2125,1227 453,1226"/>
                <Baseline points="464,1266 546,1265 629,1263 711,1263 794,1262 876,1262 959,1262 1041,1262 1124,1262 1206,1262 1289,1262 1372,1263 1454,1263 1537,1263 1619,1265 1702,1265 1784,1265 1867,1266 1949,1266 2032,1266 2115,1266"/>
                <TextEquiv>
                    <Unicode>aliae sint absolute bonae, aliae non bonae tales voluptates tam pueri quam beluae persequuntur, &amp;</Unicode>
                </TextEquiv>
            </TextLine>
            <TextLine id="r1l20" custom="readingOrder {index:18;}">
                <Coords points="451,1337 2115,1328 2037,1273 452,1280"/>
                <Baseline points="462,1323 544,1320 626,1319 708,1318 790,1317 872,1317 954,1316 1037,1316 1119,1317 1201,1317 1283,1317 1365,1317 1447,1319 1529,1319 1612,1320 1694,1320 1776,1320 1858,1320 1940,1320 2022,1320 2105,1319"/>
                <TextEquiv>
                    <Unicode>harum indolentiam prudens quas cupiditates comitatur &amp; dolor, quaeque corporis sunt. Hae</Unicode>
                </TextEquiv>
            </TextLine>
            <TextLine id="r1l21" custom="readingOrder {index:19;}">
                <Coords points="446,1387 2116,1394 2062,1334 446,1337"/>
                <Baseline points="456,1379 538,1376 621,1374 703,1374 786,1373 868,1373 951,1372 1033,1371 1116,1371 1198,1373 1281,1373 1363,1373 1446,1374 1528,1374 1611,1374 1693,1376 1776,1376 1858,1377 1941,1377 2023,1377 2106,1377"/>
                <TextEquiv>
                    <Unicode>nanque tales sunt, &amp; harum exuperationes, quibus intemperans, intemperans est. Quapropter</Unicode>
                </TextEquiv>
            </TextLine>
            <TextLine id="r1l22" custom="readingOrder {index:20;}">
                <Coords points="451,1468 988,1437 1502,1464 1501,1403 1403,1389 450,1387"/>
                <Baseline points="461,1434 512,1433 564,1433 615,1431 667,1431 718,1430 770,1430 821,1428 873,1428 924,1427 976,1427 1027,1427 1079,1427 1130,1427 1182,1427 1233,1427 1285,1427 1336,1428 1388,1430 1439,1430 1491,1431"/>
                <TextEquiv>
                    <Unicode>has temperans fugit: nam sunt voluptates, &amp; temperantis.</Unicode>
                </TextEquiv>
            </TextLine>
            <TextLine id="r1l23" custom="readingOrder {index:21;}">
                <Coords points="543,1515 2026,1533 2116,1529 2117,1475 543,1471"/>
                <Baseline points="554,1512 631,1511 709,1510 786,1509 864,1509 941,1509 1019,1509 1096,1509 1174,1509 1251,1509 1329,1511 1407,1511 1484,1512 1562,1512 1639,1513 1717,1514 1794,1514 1872,1514 1949,1515 2027,1515 2105,1515"/>
                <TextEquiv>
                    <Unicode>TOn effici autem &amp;c. In superiore capite aliorum opinationem recitauit, hic autem suam anne¬</Unicode>
                </TextEquiv>
            </TextLine>
            <TextLine id="r1l24" custom="readingOrder {index:22;}">
                <Coords points="556,1568 2115,1574 2081,1525 556,1524"/>
                <Baseline points="566,1559 647,1557 728,1556 809,1555 890,1554 971,1554 1052,1554 1133,1554 1214,1554 1295,1556 1376,1556 1457,1557 1538,1557 1619,1559 1700,1560 1781,1560 1862,1562 1943,1562 2024,1562 2105,1563"/>
                <TextEquiv>
                    <Unicode>ctit, dicit ergo primo. Superioribus rationibus a priscis allatis non est conclusum vt voluptas</Unicode>
                </TextEquiv>
            </TextLine>
            <TextLine id="r1l25" custom="readingOrder {index:23;}">
                <Coords points="442,1599 2112,1621 2070,1571 442,1562"/>
                <Baseline points="452,1595 534,1597 617,1598 699,1599 782,1601 864,1601 947,1601 1029,1602 1112,1602 1194,1602 1277,1602 1359,1602 1442,1604 1524,1604 1607,1604 1689,1605 1772,1605 1854,1607 1937,1608 2019,1608 2102,1611"/>
                <TextEquiv>
                    <Unicode>bonum non sit, vt prima opinio praetendebat, neque ostensum est quod non sit optimum, hoc est sum</Unicode>
                </TextEquiv>
            </TextLine>
            <TextLine id="r1l26" custom="readingOrder {index:24;}">
                <Coords points="452,1668 2115,1669 2080,1616 452,1623"/>
                <Baseline points="462,1652 544,1650 626,1649 708,1647 790,1647 872,1647 954,1646 1037,1646 1119,1646 1201,1646 1283,1647 1365,1647 1447,1649 1529,1649 1612,1650 1694,1652 1776,1652 1858,1653 1940,1655 2022,1656 2105,1656"/>
                <TextEquiv>
                    <Unicode>mum bonum, quod secunda opinatio praetendebat, ex hisce dicendis hoc constabit. Secunda opinio</Unicode>
                </TextEquiv>
            </TextLine>
            <TextLine id="r1l27" custom="readingOrder {index:25;}">
                <Coords points="454,1709 2109,1714 2109,1664 454,1669"/>
                <Baseline points="465,1698 546,1697 628,1697 710,1695 791,1694 873,1694 955,1694 1036,1694 1118,1694 1200,1694 1282,1694 1363,1695 1445,1695 1527,1697 1608,1697 1690,1698 1772,1698 1853,1700 1935,1700 2017,1701 2099,1701"/>
                <TextEquiv>
                    <Unicode>absolute est vera in conclusione: ideo contra eam nihil se dicturum ostendit, quamquam ad vnam eius ratio¬</Unicode>
                </TextEquiv>
            </TextLine>
            <TextLine id="r1l28" custom="readingOrder {index:26;}">
                <Coords points="452,1767 2101,1758 2069,1709 452,1715"/>
                <Baseline points="462,1745 543,1743 624,1742 706,1742 787,1740 869,1740 950,1740 1032,1740 1113,1740 1195,1740 1276,1740 1357,1740 1439,1742 1520,1742 1602,1743 1683,1743 1765,1745 1846,1745 1928,1746 2009,1746 2091,1748"/>
                <TextEquiv>
                    <Unicode>nem inefficacem postea respondebit. Etiam praetermittit, quia illa verum concludit, dicit ante ratio</Unicode>
                </TextEquiv>
            </TextLine>
            <TextLine id="r1l29" custom="readingOrder {index:27;}">
                <Coords points="450,1803 2075,1816 2115,1753 450,1763"/>
                <Baseline points="461,1793 543,1791 625,1790 707,1788 789,1788 872,1787 954,1787 1036,1787 1118,1787 1200,1787 1283,1787 1365,1788 1447,1788 1529,1788 1611,1790 1694,1790 1776,1791 1858,1791 1940,1791 2022,1793 2105,1793"/>
                <TextEquiv>
                    <Unicode>num solutionem quod boni communiter sumpti duo sunt genera: quoddam est bonum simpliciter quod</Unicode>
                </TextEquiv>
            </TextLine>
            <TextLine id="r1l30" custom="readingOrder {index:28;}">
                <Coords points="453,1849 2110,1850 2110,1806 1989,1800 453,1803"/>
                <Baseline points="464,1839 545,1838 627,1836 709,1835 791,1835 873,1833 954,1833 1036,1833 1118,1833 1200,1833 1282,1833 1363,1835 1445,1835 1527,1836 1609,1836 1691,1837 1772,1838 1854,1838 1936,1839 2018,1839 2100,1839"/>
                <TextEquiv>
                    <Unicode>homini perfecto est bonum, vt speculari, &amp; bonum alicui quod imperfecto homini conducit. Natura</Unicode>
                </TextEquiv>
            </TextLine>
            <TextLine id="r1l31" custom="readingOrder {index:29;}">
                <Coords points="447,1908 2062,1903 2100,1848 447,1851"/>
                <Baseline points="458,1886 539,1884 621,1883 702,1881 784,1881 866,1880 947,1880 1029,1880 1110,1880 1192,1880 1274,1880 1355,1881 1437,1881 1518,1881 1600,1883 1682,1883 1763,1884 1845,1884 1926,1886 2008,1886 2090,1887"/>
                <TextEquiv>
                    <Unicode>perfecto habitu decorata est perfecta simpliciter. Alia est imperfecta cuius cupiditas adhuc non est</Unicode>
                </TextEquiv>
            </TextLine>
            <TextLine id="r1l32" custom="readingOrder {index:30;}">
                <Coords points="456,1943 2116,1950 2116,1891 457,1901"/>
                <Baseline points="467,1932 553,1931 639,1929 725,1928 812,1928 898,1926 984,1926 1070,1926 1157,1926 1243,1926 1329,1928 1415,1928 1502,1928 1588,1929 1674,1929 1760,1929 1847,1931 1933,1931 2019,1931 2106,1932"/>
                <TextEquiv>
                    <Unicode>domita. Habitus perfectus appetitum sensitiuum iam domat: imperfectus aliquem perturbationis</Unicode>
                </TextEquiv>
            </TextLine>
            <TextLine id="r1l33" custom="readingOrder {index:31;}">
                <Coords points="450,1989 2107,1990 2090,1942 450,1943"/>
                <Baseline points="459,1980 540,1979 622,1976 704,1976 786,1974 868,1973 950,1973 1031,1973 1113,1973 1195,1973 1277,1974 1359,1974 1441,1974 1523,1976 1604,1976 1686,1976 1768,1977 1850,1977 1932,1977 2014,1977 2096,1977"/>
                <TextEquiv>
                    <Unicode>insultum compatitur adhuc. Ita generatio &amp; motus distinguantur. de prauis voluptatibus vide. xiiii.</Unicode>
                </TextEquiv>
            </TextLine>
            <TextLine id="r1l34" custom="readingOrder {index:32;}">
                <Coords points="445,2035 2102,2034 2056,1988 445,1989"/>
                <Baseline points="455,2025 536,2024 618,2022 700,2022 782,2021 864,2021 945,2021 1027,2021 1109,2021 1191,2021 1273,2021 1354,2021 1436,2021 1518,2022 1600,2022 1682,2022 1763,2022 1845,2024 1927,2024 2009,2024 2091,2024"/>
                <TextEquiv>
                    <Unicode>capite quia aliae prauae naturae sunt operationes aut ab ortu: quaedam nec sunt expetibiles huic, sed non¬</Unicode>
                </TextEquiv>
            </TextLine>
            <TextLine id="r1l35" custom="readingOrder {index:33;}">
                <Coords points="447,2079 1936,2095 2090,2085 2117,2036 447,2042"/>
                <Baseline points="458,2072 540,2070 622,2069 705,2069 787,2067 870,2067 952,2067 1034,2067 1117,2067 1199,2067 1282,2067 1364,2067 1446,2069 1529,2069 1611,2069 1694,2070 1776,2070 1858,2070 1941,2072 2023,2072 2106,2072"/>
                <TextEquiv>
                    <Unicode>nunquam paruo tempore vt manducare, bibere: expetibiles tanquam perfectiones non sunt, sed quia ad per¬</Unicode>
                </TextEquiv>
            </TextLine>
            <TextLine id="r1l36" custom="readingOrder {index:34;}">
                <Coords points="451,2128 2111,2130 2048,2082 452,2079"/>
                <Baseline points="462,2117 543,2117 625,2115 707,2115 789,2114 871,2114 953,2114 1035,2114 1117,2114 1199,2114 1281,2114 1362,2114 1444,2115 1526,2115 1608,2115 1690,2115 1772,2117 1854,2117 1936,2118 2018,2118 2100,2120"/>
                <TextEquiv>
                    <Unicode>fectionem tendunt. Non enim viuimus vt comedamus: verum manducamus vt viuamus. Quaedam</Unicode>
                </TextEquiv>
            </TextLine>
            <TextLine id="r1l37" custom="readingOrder {index:35;}">
                <Coords points="451,2184 2116,2184 2103,2129 451,2128"/>
                <Baseline points="461,2166 543,2163 625,2162 707,2162 790,2160 872,2160 954,2160 1036,2159 1119,2160 1201,2160 1283,2160 1365,2160 1448,2162 1530,2162 1612,2163 1694,2163 1777,2163 1859,2165 1941,2165 2023,2165 2106,2165"/>
                <TextEquiv>
                    <Unicode>reipsa non sunt voluptates verum sunt voluptatum simiae: dolorem enim annexum habent &amp; medi</Unicode>
                </TextEquiv>
            </TextLine>
            <TextLine id="r1l38" custom="readingOrder {index:36;}">
                <Coords points="463,2227 2111,2222 2111,2182 1971,2173 463,2176"/>
                <Baseline points="473,2213 554,2211 635,2210 717,2208 798,2208 879,2207 961,2207 1042,2207 1123,2207 1205,2207 1286,2208 1367,2208 1449,2208 1530,2210 1611,2210 1693,2211 1774,2211 1855,2211 1937,2213 2018,2213 2100,2213"/>
                <TextEquiv>
                    <Unicode>cinae gratia fiunt: quales sunt illorum qui morbo illaqueantur. Decimumtertium caput cum. xiiii.</Unicode>
                </TextEquiv>
            </TextLine>
            <TextLine id="r1l39" custom="readingOrder {index:37;}">
                <Coords points="450,2270 2110,2272 2110,2224 451,2220"/>
                <Baseline points="461,2259 547,2258 633,2256 719,2255 806,2253 892,2253 978,2253 1064,2253 1151,2253 1237,2253 1323,2254 1409,2255 1496,2255 1582,2256 1668,2256 1754,2258 1841,2258 1927,2258 2013,2259 2100,2259"/>
                <TextEquiv>
                    <Unicode>haec omnia affatim docebunt. Ista pro illis summatim solum praelibantur. Praeterea cum bonorum</Unicode>
                </TextEquiv>
            </TextLine>
            <TextLine id="r1l40" custom="readingOrder {index:38;}">
                <Coords points="453,2317 2043,2321 2112,2317 2113,2271 453,2277"/>
                <Baseline points="464,2304 545,2303 627,2303 709,2301 791,2301 873,2300 955,2300 1037,2300 1119,2300 1201,2300 1283,2300 1364,2301 1446,2301 1528,2302 1610,2303 1692,2303 1774,2304 1856,2304 1938,2306 2020,2306 2102,2307"/>
                <TextEquiv>
                    <Unicode>aliud sit operatio &amp; actus secundus: aliud habitus &amp; actus primus, verbis philosophi vtendo. Secundo</Unicode>
                </TextEquiv>
            </TextLine>
            <TextLine id="r1l41" custom="readingOrder {index:39;}">
                <Coords points="454,2363 2116,2364 2101,2316 454,2317"/>
                <Baseline points="464,2352 546,2349 628,2349 710,2348 792,2346 874,2346 956,2346 1038,2345 1120,2345 1202,2346 1285,2346 1367,2346 1449,2346 1531,2348 1613,2348 1695,2349 1777,2349 1859,2351 1941,2351 2023,2352 2106,2352"/>
                <TextEquiv>
                    <Unicode>de anima operationes quo ad naturalem constituunt habitum per accidens afficiunt voluptatem. Di</Unicode>
                </TextEquiv>
            </TextLine>
            <TextLine id="r1l42" custom="readingOrder {index:40;}">
                <Coords points="458,2413 2117,2407 2088,2362 458,2361"/>
                <Baseline points="468,2397 549,2396 631,2394 713,2394 795,2393 877,2393 959,2393 1041,2393 1123,2393 1205,2393 1287,2393 1368,2393 1450,2394 1532,2394 1614,2395 1696,2396 1778,2396 1860,2397 1942,2397 2024,2399 2106,2399"/>
                <TextEquiv>
                    <Unicode>stingunt hic habitum naturalem &amp; innaturalem multi, &amp; multa inutilia &amp; peregrina languida po¬</Unicode>
                </TextEquiv>
            </TextLine>
            <TextLine id="r1l43" custom="readingOrder {index:41;}">
                <Coords points="452,2455 2040,2464 2108,2414 453,2409"/>
                <Baseline points="462,2442 543,2441 625,2440 707,2439 789,2439 870,2439 952,2439 1034,2439 1116,2439 1197,2439 1279,2439 1361,2440 1443,2441 1524,2441 1606,2442 1688,2442 1770,2442 1851,2443 1933,2444 2015,2444 2097,2444"/>
                <TextEquiv>
                    <Unicode>nunt quae breuiloquii causa relinquo. Vult enim philosophus dicere quod operationes habitum praece¬</Unicode>
                </TextEquiv>
            </TextLine>
            <TextLine id="r1l44" custom="readingOrder {index:42;}">
                <Coords points="451,2505 2110,2506 2110,2460 2018,2453 451,2457"/>
                <Baseline points="461,2489 542,2489 624,2487 706,2486 788,2486 870,2486 952,2486 1034,2486 1116,2486 1198,2486 1280,2486 1361,2486 1443,2487 1525,2487 1607,2487 1689,2488 1771,2489 1853,2489 1935,2489 2017,2490 2099,2490"/>
                <TextEquiv>
                    <Unicode>dentes per accidens solum voluptatem generant: cuius causam statim tangit quae est: duplex est igi¬</Unicode>
                </TextEquiv>
            </TextLine>
            <TextLine id="r1l45" custom="readingOrder {index:43;}">
                <Coords points="446,2547 2110,2550 2110,2504 2041,2500 447,2501"/>
                <Baseline points="458,2537 540,2535 622,2534 704,2534 786,2532 868,2532 950,2532 1032,2532 1114,2532 1196,2532 1279,2532 1361,2532 1443,2534 1525,2534 1607,2534 1689,2534 1771,2535 1853,2535 1935,2535 2017,2535 2100,2535"/>
                <TextEquiv>
                    <Unicode>tur operatio in cupiditatibus, restantis habitus &amp; naturae. Vult enim dicere quod ante habitum virtu¬</Unicode>
                </TextEquiv>
            </TextLine>
            <TextLine id="r1l46" custom="readingOrder {index:44;}">
                <Coords points="453,2591 2114,2587 1989,2543 453,2549"/>
                <Baseline points="464,2582 550,2581 636,2580 722,2580 809,2579 895,2579 981,2579 1067,2579 1154,2579 1240,2579 1326,2579 1412,2580 1499,2580 1585,2580 1671,2580 1757,2582 1844,2582 1930,2582 2016,2583 2103,2583"/>
                <TextEquiv>
                    <Unicode>tis homo est pronus ad malum, &amp; habet cupiditatem. Successiue generatur habitus ab operationibus</Unicode>
                </TextEquiv>
            </TextLine>
            <TextLine id="r1l47" custom="readingOrder {index:45;}">
                <Coords points="445,2646 2094,2652 2111,2591 445,2595"/>
                <Baseline points="455,2628 537,2628 619,2627 701,2627 783,2627 866,2627 948,2627 1030,2627 1112,2627 1194,2627 1277,2627 1359,2627 1441,2627 1523,2627 1605,2628 1688,2628 1770,2628 1852,2628 1934,2630 2016,2630 2099,2631"/>
                <TextEquiv>
                    <Unicode>successiue adductis. Toto generationis tempore habitus parui aut mediocris adhuc dominatur cupi¬</Unicode>
                </TextEquiv>
            </TextLine>
            <TextLine id="r1l48" custom="readingOrder {index:46;}">
                <Coords points="450,2696 2016,2701 2102,2696 2102,2638 450,2643"/>
                <Baseline points="459,2675 540,2675 622,2675 703,2675 785,2675 867,2675 948,2675 1030,2675 1111,2675 1193,2675 1275,2675 1356,2675 1438,2675 1519,2675 1601,2675 1683,2675 1764,2675 1846,2676 1927,2676 2009,2676 2091,2676"/>
                <TextEquiv>
                    <Unicode>ditas inclinans contra bonum, quia habitus non est completus &amp; perfectus qui cupiditatis feruorem</Unicode>
                </TextEquiv>
            </TextLine>
            <TextLine id="r1l49" custom="readingOrder {index:47;}">
                <Coords points="452,2732 2101,2735 2101,2697 1933,2684 453,2686"/>
                <Baseline points="462,2720 543,2720 624,2720 706,2720 787,2720 869,2720 950,2720 1031,2720 1113,2720 1194,2720 1276,2720 1357,2720 1438,2720 1520,2721 1601,2721 1683,2721 1764,2721 1845,2721 1927,2723 2008,2723 2090,2724"/>
                <TextEquiv>
                    <Unicode>mulceat. Habitus ipse est natura &amp; naturaliter inclinans. Alio modo etiam &amp; fortasse melius, naturae</Unicode>
                </TextEquiv>
            </TextLine>
            <TextLine id="r1l50" custom="readingOrder {index:48;}">
                <Coords points="446,2780 2105,2783 2105,2734 446,2732"/>
                <Baseline points="456,2766 537,2766 619,2766 701,2766 783,2766 865,2768 947,2768 1029,2768 1111,2768 1193,2768 1275,2768 1356,2768 1438,2768 1520,2768 1602,2769 1684,2769 1766,2769 1848,2769 1930,2769 2012,2771 2094,2771"/>
                <TextEquiv>
                    <Unicode>habitum, habitus intellige. ltaque in praesentia per naturam hic totum hominem intellige, quae ad¬</Unicode>
                </TextEquiv>
            </TextLine>
            <TextLine id="r1l51" custom="readingOrder {index:49;}">
                <Coords points="452,2832 2115,2832 2094,2782 452,2780"/>
                <Baseline points="462,2814 544,2814 626,2814 708,2814 790,2814 872,2814 954,2814 1037,2813 1119,2813 1201,2813 1283,2814 1365,2814 1447,2814 1529,2814 1612,2814 1694,2814 1776,2814 1858,2816 1940,2816 2022,2816 2105,2817"/>
                <TextEquiv>
                    <Unicode>huc est imperfecta accidentaliter, cum non habeat habitum perfectum. Nam &amp; sine dolore &amp; cupidi¬</Unicode>
                </TextEquiv>
            </TextLine>
            <TextLine id="r1l52" custom="readingOrder {index:50;}">
                <Coords points="454,2872 2100,2880 2100,2828 454,2830"/>
                <Baseline points="464,2861 545,2861 626,2861 707,2861 789,2861 870,2861 951,2861 1033,2861 1114,2861 1195,2861 1277,2861 1358,2861 1439,2861 1520,2861 1602,2861 1683,2862 1764,2862 1846,2862 1927,2862 2008,2864 2090,2864"/>
                <TextEquiv>
                    <Unicode>tate sunt voluptates purae. Hoc est voluptates sequentes habitum virtutis expellunt &amp; dolorem &amp; cu</Unicode>
                </TextEquiv>
            </TextLine>
            <TextLine id="r1l53" custom="readingOrder {index:51;}">
                <Coords points="462,2916 2107,2930 2107,2875 462,2874"/>
                <Baseline points="473,2907 554,2907 635,2907 716,2907 797,2907 878,2907 959,2907 1041,2907 1122,2907 1203,2907 1284,2907 1365,2907 1446,2907 1527,2907 1609,2907 1690,2907 1771,2909 1852,2909 1933,2910 2014,2910 2096,2912"/>
                <TextEquiv>
                    <Unicode>piditatem. Cupiditate vir affectus cum dolore abstinet, &amp; a prosequutione obiecti si non iuuetur ve¬</Unicode>
                </TextEquiv>
            </TextLine>
            <TextLine id="r1l54" custom="readingOrder {index:52;}">
                <Coords points="452,2962 2115,2979 2115,2920 452,2922"/>
                <Baseline points="461,2954 543,2954 625,2954 707,2955 789,2955 872,2955 954,2955 1036,2955 1118,2954 1200,2954 1283,2954 1365,2954 1447,2954 1529,2954 1611,2955 1694,2955 1776,2955 1858,2955 1940,2957 2022,2957 2105,2958"/>
                <TextEquiv>
                    <Unicode>hementi habitu virtutis. Exemplificat de hac puritate per vnum notius, quia talis debet esse pro¬</Unicode>
                </TextEquiv>
            </TextLine>
            <TextLine id="r1l55" custom="readingOrder {index:53;}">
                <Coords points="451,3010 2101,3014 1957,2961 451,2962"/>
                <Baseline points="462,2999 543,3000 624,3002 706,3002 787,3002 869,3003 950,3003 1031,3003 1113,3002 1194,3002 1276,3002 1357,3002 1438,3002 1520,3002 1601,3002 1683,3002 1764,3002 1845,3002 1927,3002 2008,3003 2090,3005"/>
                <TextEquiv>
                    <Unicode>batio, vt contemplatio non deficiente natura, hoc est non morbo laborante vel male aliter se haben¬</Unicode>
                </TextEquiv>
            </TextLine>
            <TextLine id="r1l56" custom="readingOrder {index:54;}">
                <Coords points="449,3057 2003,3069 2110,3057 2110,3011 449,3015"/>
                <Baseline points="459,3047 541,3047 623,3048 705,3048 787,3048 869,3048 951,3048 1033,3048 1115,3048 1197,3048 1279,3048 1361,3048 1443,3048 1525,3048 1607,3048 1689,3048 1771,3048 1853,3050 1935,3050 2017,3050 2099,3051"/>
                <TextEquiv>
                    <Unicode>te: operatio autem contemplandi in corpore sano est voluptuosa, quare mentem sanam in corpore sano non</Unicode>
                </TextEquiv>
            </TextLine>
            <TextLine id="r1l57" custom="readingOrder {index:55;}">
                <Coords points="454,3103 2106,3117 2106,3061 2048,3056 454,3063"/>
                <Baseline points="464,3093 545,3093 627,3093 708,3095 790,3095 872,3095 953,3095 1035,3095 1116,3095 1198,3095 1280,3095 1361,3095 1443,3095 1524,3095 1606,3095 1688,3095 1769,3095 1851,3095 1932,3096 2014,3096 2096,3096"/>
                <TextEquiv>
                    <Unicode>ab re quidam expetebat. Probat illud a signo in corporalibus, sicut saepius facit &amp; ea sunt nobis sensibi¬</Unicode>
                </TextEquiv>
            </TextLine>
            <TextLine id="r1l58" custom="readingOrder {index:56;}">
                <Coords points="455,3159 2106,3147 2056,3105 455,3105"/>
                <Baseline points="465,3140 546,3140 628,3141 709,3141 791,3141 872,3141 954,3141 1035,3143 1117,3143 1198,3141 1280,3141 1362,3141 1443,3141 1525,3141 1606,3141 1688,3141 1769,3141 1851,3141 1932,3141 2014,3143 2096,3143"/>
                <TextEquiv>
                    <Unicode>liora quam mentis abdita vti diximus, &amp; vult dicere quod esurientes gaudent malis cibis &amp; potibus quo ad refi¬</Unicode>
                </TextEquiv>
            </TextLine>
            <TextLine id="r1l59" custom="readingOrder {index:57;}">
                <Coords points="444,3199 2107,3204 2107,3149 444,3151"/>
                <Baseline points="455,3186 537,3188 619,3188 701,3188 783,3188 865,3189 947,3189 1029,3189 1111,3189 1193,3189 1275,3188 1357,3188 1439,3188 1521,3188 1603,3188 1685,3188 1767,3188 1849,3188 1931,3189 2013,3189 2096,3189"/>
                <TextEquiv>
                    <Unicode>ciantur, quia eorum pori sunt vacui &amp; refocillatione egent, &amp; est quidam languor stomachi ob cibi potus</Unicode>
                </TextEquiv>
            </TextLine>
            <TextLine id="r1l60" custom="readingOrder {index:58;}">
                <Coords points="463,3257 2099,3257 2099,3208 1973,3198 463,3205"/>
                <Baseline points="473,3236 553,3237 634,3237 715,3237 796,3237 876,3239 957,3239 1038,3239 1119,3239 1199,3237 1280,3237 1361,3237 1442,3237 1522,3237 1603,3237 1684,3237 1765,3237 1845,3237 1926,3237 2007,3237 2088,3237"/>
                <TextEquiv>
                    <Unicode>que carentiam donec repleatur, at cum homines replentur, optime iudicant quae sint delectabilia &amp; quae non¬</Unicode>
                </TextEquiv>
            </TextLine>
            <TextEquiv>
                <Unicode>Non enim generationes, neque cum generatione sunt omnes, sed operationes &amp; finis. Nec
eueniunt dum fiunt, sed cum fit vsus: nec omnium est finis aliud quicquam, sed earum quae 
ducunt ad perfectionem naturae. Quapropter &amp; non bene sese habet, voluptatem dicere
generationem esse sensibilem, sed dicendum est potius operationem eius habitus qui est se¬
cundum naturam, &amp; pro hoc sensibilem sine impedimento. Videtur autem ex eo genera¬
tio quaedam esse, quia est proprie bonum. Operationem enim generationem esse existi¬
mant, est autem diuersum. At vero si voluptates esse prauas ex eo censent, quia nonnul¬
lae rerum afferentium voluptatem morbos efficiunt, idem de salubribus rebus censebunt,
Nonnullae nanque obsunt pecuniariae rei. Hoc igitur pacto prauae sunt ambae. at non sunt
ob idipsum prauae. Nam obest interdum ad sanitatem &amp; contemplatio. impedit autem
neque prudentiam neque habitum vllum voluptas ea quae ab vno quoque prodit sed alienae.
Nam eae voluptates quae ad contemplationem emergunt &amp; disciplinam, conferunt potius
ad contemplandum, atque discendum. Id praeterea quod dicitur nullam vllius artis opus vo¬
luptatem esse cum ratione accidit. Nec enim vlla alia operatio artis est, sed potentiae, quamquam
&amp; vnguentaria ars &amp; coquinaria, voluptatis esse videntur. Temperantem autem fugere vo¬
luptatem, &amp; prudentem sequi vacuitatem doloris, pueros denique persequi beluasque affici¬
entes res voluptate, eodem omnia modo soluuntur. Nam cum voluptatum (vt dictum est) 
aliae sint absolute bonae, aliae non bonae tales voluptates tam pueri quam beluae persequuntur, &amp;
harum indolentiam prudens quas cupiditates comitatur &amp; dolor, quaeque corporis sunt. Hae
nanque tales sunt, &amp; harum exuperationes, quibus intemperans, intemperans est. Quapropter
has temperans fugit: nam sunt voluptates, &amp; temperantis.
TOn effici autem &amp;c. In superiore capite aliorum opinationem recitauit, hic autem suam anne¬
ctit, dicit ergo primo. Superioribus rationibus a priscis allatis non est conclusum vt voluptas
bonum non sit, vt prima opinio praetendebat, neque ostensum est quod non sit optimum, hoc est sum
mum bonum, quod secunda opinatio praetendebat, ex hisce dicendis hoc constabit. Secunda opinio
absolute est vera in conclusione: ideo contra eam nihil se dicturum ostendit, quamquam ad vnam eius ratio¬
nem inefficacem postea respondebit. Etiam praetermittit, quia illa verum concludit, dicit ante ratio
num solutionem quod boni communiter sumpti duo sunt genera: quoddam est bonum simpliciter quod
homini perfecto est bonum, vt speculari, &amp; bonum alicui quod imperfecto homini conducit. Natura
perfecto habitu decorata est perfecta simpliciter. Alia est imperfecta cuius cupiditas adhuc non est
domita. Habitus perfectus appetitum sensitiuum iam domat: imperfectus aliquem perturbationis
insultum compatitur adhuc. Ita generatio &amp; motus distinguantur. de prauis voluptatibus vide. xiiii.
capite quia aliae prauae naturae sunt operationes aut ab ortu: quaedam nec sunt expetibiles huic, sed non¬
nunquam paruo tempore vt manducare, bibere: expetibiles tanquam perfectiones non sunt, sed quia ad per¬
fectionem tendunt. Non enim viuimus vt comedamus: verum manducamus vt viuamus. Quaedam
reipsa non sunt voluptates verum sunt voluptatum simiae: dolorem enim annexum habent &amp; medi
cinae gratia fiunt: quales sunt illorum qui morbo illaqueantur. Decimumtertium caput cum. xiiii.
haec omnia affatim docebunt. Ista pro illis summatim solum praelibantur. Praeterea cum bonorum
aliud sit operatio &amp; actus secundus: aliud habitus &amp; actus primus, verbis philosophi vtendo. Secundo
de anima operationes quo ad naturalem constituunt habitum per accidens afficiunt voluptatem. Di
stingunt hic habitum naturalem &amp; innaturalem multi, &amp; multa inutilia &amp; peregrina languida po¬
nunt quae breuiloquii causa relinquo. Vult enim philosophus dicere quod operationes habitum praece¬
dentes per accidens solum voluptatem generant: cuius causam statim tangit quae est: duplex est igi¬
tur operatio in cupiditatibus, restantis habitus &amp; naturae. Vult enim dicere quod ante habitum virtu¬
tis homo est pronus ad malum, &amp; habet cupiditatem. Successiue generatur habitus ab operationibus
successiue adductis. Toto generationis tempore habitus parui aut mediocris adhuc dominatur cupi¬
ditas inclinans contra bonum, quia habitus non est completus &amp; perfectus qui cupiditatis feruorem
mulceat. Habitus ipse est natura &amp; naturaliter inclinans. Alio modo etiam &amp; fortasse melius, naturae
habitum, habitus intellige. ltaque in praesentia per naturam hic totum hominem intellige, quae ad¬
huc est imperfecta accidentaliter, cum non habeat habitum perfectum. Nam &amp; sine dolore &amp; cupidi¬
tate sunt voluptates purae. Hoc est voluptates sequentes habitum virtutis expellunt &amp; dolorem &amp; cu
piditatem. Cupiditate vir affectus cum dolore abstinet, &amp; a prosequutione obiecti si non iuuetur ve¬
hementi habitu virtutis. Exemplificat de hac puritate per vnum notius, quia talis debet esse pro¬
batio, vt contemplatio non deficiente natura, hoc est non morbo laborante vel male aliter se haben¬
te: operatio autem contemplandi in corpore sano est voluptuosa, quare mentem sanam in corpore sano non
ab re quidam expetebat. Probat illud a signo in corporalibus, sicut saepius facit &amp; ea sunt nobis sensibi¬
liora quam mentis abdita vti diximus, &amp; vult dicere quod esurientes gaudent malis cibis &amp; potibus quo ad refi¬
ciantur, quia eorum pori sunt vacui &amp; refocillatione egent, &amp; est quidam languor stomachi ob cibi potus
que carentiam donec repleatur, at cum homines replentur, optime iudicant quae sint delectabilia &amp; quae non¬</Unicode>
            </TextEquiv>
        </TextRegion>
    </Page>
</PcGts>
