2352 3583
186 261 1873 353 Ponam literam. Signum autem est quod non eisdem ganudent homines cum replentur, hoc est cum
188 331 1869 384 sunt in tempore repletionis: & cum constituta in natura humana, hoc est refocillata. lam homo est for
196 386 1855 441 tificatus per cibum qui ante debilitatus erat, sed cum natura humana est constituta & fortificata in
190 427 1859 486 cibo natura sufficienter alimenti poculentique, sibi assumpsit, tunc ganudet natura his quae simpliciter
184 475 1857 531 afficiunt voluptate, vt vino belnensi & perdicibus, cum homines fuerint repleti, hoc est in tempore
194 515 1859 576 repletionis contrariis gaudent, vt vino acri & cibo amaro. At esuries est eis salsa, seu condimentum.
186 566 1868 615 facitque haec & illa apparere eis delectabilia, quorum nihil prorsus aut natura aut simpliciter afficit
200 620 1861 675 voluptate. Delectabilissimum simpliciter afficit voluptate vt optimus cibus, optimusque potus. Pati¬
186 661 1857 719 ens sitim de potus bonitate sinistre iudicat, sed cum satis potus natura sibi assumpsit si crapulae nimie¬
196 705 1850 760 tate non sit absorpta optime iudicat. Sic de cibo. Perinde atque est de voluptate, quae inest operi ante ha
207 755 1848 810 bitus generationem & eius productionem. Et ad illam analogiam Aristoteles hoc induxit. Nempe
190 796 1859 850 & ea quae voluptatem efficiunt ante habitum genitum & post ipsum productum: hoc est vt ipsa dele
196 841 1853 899 ctabilia voluptatum obiecta inter sese distant, sic & voluptates quae ab ipsis emanant. Variae operatio¬
195 892 1864 941 nes specie distinctae, varias voluptates specie distinctas producunt. Tametsi calor ignis & solis sint
190 926 1867 997 eiusdem speciei. In actibus animae id verum habet. Alioqui non probabis mihi scientiam & opinio¬
187 982 1858 1040 nem de eodem obiecto specie distingui. ⁋ Deinde soluit rationes pro opinionibus inductis, non ea ra
196 1030 1861 1087 tione qua propositae erant. Primo enim eluit vnam rationem tertiae opinationis, per quam in valo¬
196 1077 1865 1135 re vi etiam primae opinionis eluitur, & incipit secunda illic. Atqui non necesse est aliquid aliud &c. di¬
194 1122 1861 1183 cit non esse necessarium ob rationem inductam, nullam delectationem esse optimam. Illa nanque ra¬
198 1170 1861 1233 tio hoc non concludit, ratio enim erat haec. Finis est praestabilior his quae sunt ad finem: igitur est
189 1211 1864 1264 omnium generatione praestantior: quia omnis generatio est ad finem: at omnis voluptas est genera¬
197 1259 1855 1310 tio: igitur emni voluptate est nonnihil praestantius, scilicet finis voluptatis. Hanc rationem eluen¬
197 1307 1858 1370 do negat hanc omnis voluptas est generatio aut cum generatione, vt parebit in decimo, sed solae illae vo¬
196 1351 1861 1402 luptates quae sunt cum tristitia & cupiditate constitutiua habituum sunt generationes aut cum ge¬
193 1397 1847 1448 neratione, ac non omnis voluptas est cum tristitia vt ex proxime significatis constat, quia quaedam
195 1445 1849 1506 voluptates sunt operationes vel cum operationibus, quae sunt ab habitu iam constituto & per¬
193 1484 1856 1553 fecto: & nihil vetat talem voluptatem esse optimam, cum habeat rationem finis. Saltem oppositum
186 1538 1846 1599 illi non probant, etiam perficiunt operationem vt quidam finis in decimo dicetur. Solum illarum
187 1586 1840 1642 operationum quae ducunt ad perfectum habitum est alius finis ab eis, at non operationum habitum
195 1629 1839 1690 sequentium. Ille enim ad perfectionem ducunt hae a perfecta natura habituata emergunt. Capio lite¬
193 1676 1852 1735 ram. Atqui non necesse est aliquid aliud esse praestabilius voluptate, vt quidam inquiunt dicentes ge¬
187 1722 1854 1781 nerationis finem supple esse meliorem generatione. Loco generationis Leonardus effectionem ponit.
195 1768 1844 1822 Non enim generationes, neque cum generatione sunt omnes voluptates, sed aliquae sunt operationes,
192 1815 1853 1865 & etiam finis: quae voluptates non eueniunt dum habitus fiunt & generantur, sed dum fit vsus post ha¬
189 1864 1843 1919 bitum complete genitum. Et per hoc patet quod non omnium voluptatum est alius finis ab ipsa voluptate, sed so
193 1908 1837 1971 lum earum est alius finis quae sequuntur. operationes inducentes habitum ad perfectionem naturae. Origines habituum
195 1954 1848 2016 tempore generationis erant cum tristitia & cupiditate. Quapropter voluptatem sinistre diffiniunt dicentes, eam
189 1997 1850 2051 esse generationem ad naturam sensibilem, quia ea non competit nisi voluptatibus imperfectis. Quin¬
193 2039 1849 2104 immo potius dicendum fuisset voluptatem operationem esse illius habitus qui secudm naturam est. Haec enim diffi
189 2090 1847 2148 nitio omni voluptati perfecte convenit. Et loco particulae sensibilem, potius dicendum fuisset sine im¬
192 2141 1840 2200 pedimento. ⁋ An delectatio sit operatio formaliter an causaliter in decimo vbi locum habet videbi¬
189 2187 1840 2246 tur. Et operationem hic extendit ad omnem actum secundum ab habitu, & forma procedentem. Stri
191 2232 1841 2293 ctius in decimo capit delectationem operationem negans. Operatio non impedita est voluptuosa,
192 2287 1842 2338 quia omnis operans voluntarie ex desiderio operatur, proinde si operatio non fuerit impedita, deside
198 2333 1846 2384 rium complebitur: quod si compleatur plurimum delectat ipsam animam: vt ait sapiens Prouerbio¬
194 2379 1846 2431 rum decimo tertio. In capite sequenti parum vltra medium ostenditur quonam pacto operatio po¬
195 2415 1850 2478 test impediri. Visum erat antiquis delectationem esse generationem, quia voluptas est quid optimum
186 2465 1834 2517 in felicitate, & idem est operatio & generatio, vt ipsi existimabant. At ita non est, quia operatio sal¬
193 2512 1837 2581 tem perfecta est posterior generatione. Generatio enim est via ad naturam ac operatio est formae
195 2560 595 2619 aut ipsius habitus vsus.
198 2581 1842 2663 ⁋ Sequitur in litera. At vero si voluptates &c. lam tangit motiuum in capite praecedenti tactum,
203 2647 1832 2712 quo dicebatur. Praeterea voluptates impedimento prudentiae sunt, illicque soluit rationem pro secunda
190 2696 1840 2756 positione quae ponit aliquam voluptatem non esse bonam, quia aliqua est nociua morbos inducens.
196 2750 1840 2804 ⁋ Et in valore sic argumentatur. Nullum bonum est nociuum, at quaedam voluptates sunt nociuae
183 2791 1837 2852 ceu aegrititudinem inducentes. Dicit ergo quod non sufficienter voluptates esse prauas concludunt per
184 2837 1832 2885 hoc quod nonnullae voluptatem afferentium morbos efficiant. Primo quia aliquae delectationes quae va¬
183 2879 1833 2946 litudinem restituunt rei pecuniariae obsunt, & sic idem in salubribus rebus censerent puta eas esse
192 2931 582 2984 prauas, quod est falsum.
193 2969 1843 3038 ⁋ Secundo contemplatio crebriter sanitatem praepedit, vt pleno stomacho literis insudare, vnde ne
186 3024 1836 3077 gat illam: omne afferens corpori iacturam est malum: contemplatio enim magni studii spiritus con¬
187 3073 1858 3129 iumit, & longaeuitati obest, & tamen non continuo est praua. In actu fortitudinis vita confestim peri¬
191 3115 1846 3178 clitatur, & nemo inficias iuerit, quin fortitudo sit laudabilis. Et sic eorum argumento contemplatio esset
177 3160 1854 3220 mala. Contemplatiui enim in rebus sublimibus nisi ratione vtantur interdum ingenium remittendo, sunt breuis aeui. In
175 3206 1864 3275 tercisis horis linis est vacandum: a sumpto pastu aliquandiu fabulabere cum salsis atque facetis, si haberi queant:
