2332 3620
451 263 2155 341 luntaria & non impedita est bonum optimum: at omnis talis operatio est voluptas, siue omnis operatio sit
450 320 2153 392 foelicitas siue vnius cuiuspiam ipsorum sit foelicitas: quare aliqua voluptas erit summum bonum. Licet etiam
462 376 2152 439 multae voluptatum sint prauae. Hoc solidat per vulgarem famam: Beatam enim vitam iucundam arbitram
466 418 2137 494 tur omnes: nectuntque cum beatitudine voluptatem. Et non sine ratione: quia nulla operatio si praepedia¬
463 469 2136 535 tur perfecta est: at foelicitas est operatio perfecta: & si ea non assit operatio impeditur. Quocirca foelix bonis
463 511 2136 585 indiget cum corporis tum externis, quibus fretus in sua actione minime impeditur. Stoici qui dicunt il¬
462 558 2131 633 lum qui in rota, aut phalaridis tauro graui supplicio torquetur, & qui ingentibus calamitatibus premitur
465 604 2149 681 foelicem esse, modo sit bonus, siue velint siue nolint, mihi ignoscant: nihil enim dicunt: quia illud est ino¬
461 663 2153 727 pinabile. Vel siue velint. i, siue scienter hoc dicunt, tunc mentiuntur: aut si inuiti & sic decepti per rationes
456 707 2142 774 quas soluere nequeunt. Generose stoicus philosophatur illic, & a theosophorum vestigiis minime discedit:
460 745 2144 822 in contemplatione supremae causae & studiosa vita beatitudinem collocans lob enim calamitatibus pressus
459 802 2133 872 erat foelicitate clarus: loquor perinde ac si calamitas probos contingere possit. Dubio procul Socrates bibenm
459 844 2136 919 do succum cicutae frigiditate illi letiferum & martyres in Mosaica lege & lege gratiae a foelicitate in tormen
457 888 2126 967 tis non cecidere. Eleganter sane stoici philosophabantur: eorumque rationes erant insolubiles. Probo viro
454 941 2137 1005 nulla calamitas aut vera miseria accidere potest. Hanc sententiam Aristoteles in decimo exosculatur, nunc
454 993 2127 1058 autem de mundana foelicitate & politica, sicut in primo, loquitur. Foelicitas actiua quae est ad alios, vtpote
453 1040 2127 1102 ad familiam & ciuitatem fortunis indiget: verum foelicitas speculatiua. Vt in decimo inquit, perpaucis bo¬
451 1081 2122 1152 nis aut nullis indiget: puta sic vt sint necessarii, nihilo tamen minus conducunt. Decimo libro propriam
458 1127 2137 1199 opinionem sincerae foelicitatis insequitur: & cum sibi non aduersetur: ita eum exponere vrgemur. Latius il
460 1170 2128 1252 lam materiam deus coepta secundet in decimo examinabimus. Accedo literam quae facilis est. Foelix indi
451 1216 2135 1293 get fortunis, ea propter aliquibus fortunae prosperitas & foelicitas idem esse falso apparet. Sane opes si exupe¬
450 1277 2129 1338 ranter assunt foelicitati impedimentum praestant. Opes enim sunt instrumentum foelicis sed quando sunt
445 1313 2122 1385 excessiuae sunt ineptum instrumentum: & tunc prosperitas non est appellanda: quia opum diffinitio & ter¬
456 1366 2129 1432 minus ad foelicitatem requiritur. Insuper & belluae & homines summo studio persequuntur voluptates,
451 1406 2132 1475 hoc est argumentum voluptatem quoddam optimum esse. Hoc ipsum omnes vno ore praedicant. Et quod
453 1452 2128 1528 communis fama tradit, omnino non deperit quod authoritate Hesiodi fulcit canentis: Quam populi celebrant
447 1507 2116 1571 omnino fama perire Nulla potest. Sequitur in litera. Sed quoniam eadem natura habitusque optimus &c. Quia
455 1545 2122 1620 iam probauit experimento omnes homines voluptatem obuiis vlnis prosequi & authoritate hesiodi non
459 1592 2122 1662 esse leuis momenti quod omnes populi praedicant: diceret quispiam quod tametsi pueri & belluae voluptates
457 1638 2122 1717 sectantur tamen per hoc minime probatur voluptas esse summum bonum, quia pueri & pecora ineptas
448 1687 2125 1758 voluptates sequuntur: non enim omnium eadem est optima natura neque optimus habitus: eandemque vo¬
451 1729 2120 1807 luptatem non omnes sequuntur sed aliam & aliam. Logice loquendo omnes voluptatem sequuntur,
453 1783 2120 1854 verum nullam voluptatem omnes sequuntur senum & iuuenum differens est delectatio: & boues & equi
450 1825 2119 1901 diuersis gaudent. Hoc refellit inquiens. Quinimmo & voluptatem omnes sequuntur, fortasse autem & perse
454 1878 2122 1939 quuntur hoc est ad finem vsque & ita bene sequuntur. Vbi fortasse non est aduerbium dubitandi, plusquam for¬
456 1930 2114 1997 te vt alias latius explanauimus: & si sit aduerbium ambigendi ad eam partem Aristoteles descendit inquiens.
456 1968 2123 2047 Non persequuntur eam voluptatem quam suspicantur, nec illam quam interrogati dicerent: sed quandam
449 2019 2120 2077 occultam voluptatem eis insitam quam explanare nequeunt. Omnia nanque diuinum quod habent na¬
444 2075 2126 2137 tura. omnes mortales vestigium quoddam innatum habent ad deum, a quo producti sunt, & suo modu¬
456 2110 2120 2179 lo ad id tendunt, nam ad dei cognitionem possibilem omnes homines suapte natura tendunt quatenus dei
450 2166 2117 2227 maiestatem ornent. Similia in decimo ethicorum omnino tangit. Nec Aristoteles primus hanc viam de¬
458 2208 2120 2272 texit: sed philosophantum generosa cohors: quorum sententiam ipsa in exordio primi libri mutuatus co¬
447 2262 2118 2316 rolatium subortum infert sic scribens. Quapropter bene veteres bonum ipsum id esse dixerunt, quod o¬
447 2308 2119 2370 mnia appetunt. Vbi bonum ipsum stat determinate. Memor sis quod superius commemoraui quod in praesen¬
452 2348 2120 2421 tia Aristoteles voluptatem ab operatione illa summa aut illius obiecto non segregat. Sequitur in litera.
458 2396 2123 2466 Sed corporis voluptates grande sibi nomen vsurparunt. Et id rationis est quod saepenumero occurrunt.
472 2442 2113 2514 Quotidie enim manducamus & bibimus: & in refocillatione naturae illae voluptates irrepunt: & quia sensi¬
448 2486 2123 2546 biles sunt vulgo sunt notiores. Quocirca eas solas esse voluptates falso abitrantur. Sequitur in litera. Pa¬
454 2545 2109 2598 tet etiam. Vnam rationem praeter illata affert, vallaturus voluptatem esse bonum. Circa quam hoc pacto
454 2585 2130 2650 in valore procedit. Si voluptas non sit bonum: foelix cum iucunditate vitam non aget. Consequens illa¬
459 2640 2125 2689 tum est falsum: ergo & antecedens. Assumptum probatur: quia felix in summa iucunditate vitam degit:
447 2684 2130 2747 & peculiares voluptates habet: ex decimo atque primo libro id lucet. Consequutio ostenditur: quia ipse felix
460 2729 2120 2800 omnia bona consequitur: at si delectatio non sit bona, eam protinus a se exterminaret tanquam non bonum:
456 2770 2118 2841 sed voluptas a felice minime extruditur: igitur. Secunda ratio ad impossibile vel ad falsum ducens est: Si
459 2829 2127 2876 voluptas non sit bonum, felix cum dolore viuet: consequens est respuendum: ergo & eius antecedens. As¬
447 2865 2128 2933 sumptum liquet: quia felicis non est cum dolore vitam transigere. Consequentia autem ostenditur: quia si
460 2921 2132 2980 voluptas non sit bonum non etiam erit malum: & si nec erit bonum neque malum, idem erit iudicium de
461 2968 2115 3023 contrario: ac id quod neque est bonum neque malum potest felici adesse quia non cum ipso pugnat: proin¬
456 3010 2129 3079 de felix potest cum dolore vitam anxie transigere: quod rationi dissentaneum est. ltaque ponenda est non¬
452 3067 2122 3120 nulla voluptas & cum foelicitate indiuisibiliter conglutinata. Repetam literam ob rudiores. Patet etiam
460 3110 2115 3163 nisi voluptas & operatio sit bonum felicem cum voluptate viuere non posse, quia voluptas cum esset non
455 3151 2115 3209 bona non proderit illi: & eam exsufflaret. Cuius nanque gratia cum sit non bona, opus esset felici, voluptate?
458 3197 2122 3255 Perinde ac si diceret voluptas, non est quid bonum, quid quaeso ipsi felici confert? Praeterea si cum dolore
447 3245 2128 3319 vitam ageret, dolor neque malum esset neque bonum secundum illos: neque pari modo voluptas: si hoc concedis
