2345 3600
196 259 1900 363 precor cur felix ita dolorem fugit? ⁋ Dubitatur an tristitia sit mala. Responsio per conclusionem hypothetican
196 344 1885 411 Dolor secundum se sine respectu circumstantiarum consideratus est malus. Si vero in ordine ad circumstantias occur¬
194 407 1898 460 rentes ipsum metiamur tunc potest esse bonus. Prior pars conclusio nis patet: quia vir probus qui recte circa
206 450 1891 507 omnia censet, nolet talem sibi inesse sed ab eo aufugit. Vir bonus non quaerit illud, sed fugit quod est ei non demeren
206 495 1891 552 ti incommodo. Talis autem est ipse dolor. Nam spiritus tristis, autore Salamone, ossa exsiccat & extenuat, cor con¬
197 540 1895 597 stringit, spiritus obtenebrat & inspissat: & ex consequenti intellectum hebetat, memoriamque obtundit. Secunda pars
194 587 1895 647 multifariam patet in multis hominum generibus. Primo in pueris, dolor etiam arcet eos a malo committendo, hinc
200 647 1895 698 parentes pientissimi praeceptoresque diligentissimi eos percutiunt secundum sapientis consilium, qui parcit virgae odit puerum.
194 684 1900 741 de malis voluptatibus iam patet (quia enim contraria cotrariis curantur, qui voluptatibus iniquis absorbentur. lustum est vt
199 729 1894 798 puniantur: ita faciunt legislatores respectu voluptatum, quae rempublicam perturbant, homicidas, grassatores & fures
197 779 1675 847 incorrigibiles extremo supplicio afficiendo, iustitia punitiua: cui lex naturae & diuina quadrat.
478 828 1613 930 Tract. II. Cap. IIII. Et Lib. VII. Cap. XIIII.
553 913 1882 983 E corporis autem voluptatibus considerandum est eis qui dicunt non¬
553 975 1892 1035 nullas voluptates expetibiles esse valde, & honestas, sed non corporis &
553 1026 1884 1096 in quibus temperans ipse versatur, cur igitur contrarii dolores sunt pra¬
553 1081 1876 1150 suis: Malo namque bonum contrarium est. An necessariae voluptates sic suni
555 1140 1894 1214 bonae, quia & id quod est non malum est bonum, an vsque ad aliquem termi
413 1201 1892 1267 num bonae sunt: Habituum enim eorum ac motuum, quorum non est melio¬
208 1266 1881 1323 ris exuperatio, neque voluptatis est. Eorum autem quorum est, est & voluptatis exuperatio. At bo
207 1306 1886 1371 norum corporis est exuperatio & prauus in persequendo exuperationem, sed non necessarias
204 1366 1891 1428 voluptates consistit. Omnes enim gaudent quodammodo & epulis, & vino, & venere, sed non
213 1422 1887 1494 vt oportet. Contra autem in ipso dolore facit. Non enim exuperationem, sed omnino fugit do
199 1484 1887 1547 lorem. Non est exuperationi dolor contrarius, nisi ipsi persequenti exuperationem. At enim
206 1540 1882 1597 cum non solum ipsum verum, sed etiam falsi causam oporteat dicere Choc enim ad faciendam
202 1588 1870 1655 fidem conducit, nam cum id rationi consentaneum fuerit visum, ob quod verum esse vidi
210 1646 1870 1717 tur quod non est verum, facit vt ipsi vero magis assentiamur) dicendum est cur corporis vo¬
205 1697 1886 1773 luptates expetibiliores videntur. Primum igitur ex eo quia pellunt dolorem, atque ob exuperatio¬
212 1766 1887 1829 nes doloris, voluptatem exuperantem vti medelam, & omnino voluptatem corporis persequun¬
208 1823 1888 1880 tur, ipsae autem medelae vehementes fiunt. Quapropter & ipsas sequuntur, quia tales videntur
205 1870 1885 1938 cum contrarium adest. Et propter haec igitur duo (sicut dictum est) voluptas non studiosum esse
202 1917 1891 1985 videtur, quia aliae prauae naturae sunt operationes, aut ab ortu, quemadmodum ferae: aut ob consue
214 1977 1894 2053 tudinem, quales prauorum sunt hominum. Aliae sunt medicamenta, quia sunt indigentis, & melius
214 2037 1886 2105 habere quam fieri. Aliae accidunt dum perficiuntur, per accidens igitur sunt studiosae. Praeterea ipsas quia
203 2096 1891 2158 sunt vehementes, ii persequuntur qui aliis nequeunt gaudere. Ipsi itaque sitim quandam sibi compa¬
198 2146 1879 2216 rant: quod dum sine nocumento fit, non est increpandum, cum vero cum detrimento, perprauum est. Neque
203 2213 1888 2266 enim habent alia quibus gaudent, nec aliud habere plerisque permolestum est ob naturam. Nam ani
211 2250 1898 2326 mal semper laborat (vt naturales etiam sermones testantur) videre ac audire dolorem inferre di
208 2314 1897 2388 centes, sed consueti iam sumus, vt aiunt. Similiter in iuuenture quidam ob incrementa, perinde
216 2372 1882 2444 disponuntur ac vinolenti. Et iuuentus ad voluptates propensior est. Biliosi autem atra bili natura sem
208 2427 1891 2495 per egent medicamento. Continue namque corpus ob complexionem mordetur: & semper in appe
204 2486 1889 2558 titione sunt vehementi. Voluptas autem contraria, & quouis etiam modo fit vehemens, pellit do
214 2544 1876 2610 lorem, & propterea intemperantes homines prauique fiunt. Voluptates autem eae quae sine dolo
217 2594 1888 2677 re sunt, exuperationem non habent. Atque hae proficiscuntur ex iis quae natura, & non per accidens
214 2651 1884 2729 afficiunt voluptate. Ea vero dico per accidens afficere voluptate, quae medentur: etenim quia fit
211 2721 1888 2783 vt homini medeatur, eo quod sanum permanet aliquid agente, ideo talia afficere voluptate vi¬
221 2766 1895 2831 dentur, at ea natura voluptate afficiunt, quae faciunt operationem talis naturae. Nulla autem res ea¬
205 2820 1886 2885 dem ex eo nos semper delectat, quia non est simplex nostra natura, sed inest & aliquid aliud, quo
207 2876 1888 2948 corruptibiles sumus. Quare si quippiam agat alterum, id est alteri naturae praeter naturam, at cum aequa
223 2932 1895 3000 tur, neque molestum, neque iucundum videtur quod agitur. Qua si alicuius natura sit simplex, semper
222 2993 1885 3062 ead em operatio iucundissima erit. lccirco deus vna semper simplicique gaudet voluptate, non enim so
208 3048 1893 3102 lum motionis est operatio sed & immobilitatis. Et voluptas in quiete potius quam in motu consistit.
217 3100 1902 3164 Mutatio vero omnium dulcissimum est secundum poetam: ob prauitatem quandam. Vt enim homo prauus, fa
220 3156 1903 3218 cile est mutabilis, sic & natura praua est ea quae indiget mutatione: non enim est simplex nec bo¬
220 3207 1903 3286 na. Sed de continentia quidematque incontinentia, & de voluptate doloreque, & quid vnum quodque ipsotum
220 3278 1909 3348 est. & quonam mon alia ipsarum sunt bona alia mala, diximus. Deinceps autem de amicitia dicemus,
