2334 3603
214 305 1907 369 amicitia est rara inuentu. Hi volunt amicis probis bona, amicorum gratia & non per accidens. Quod sic
210 357 1899 421 probat. Amicitia quae est secundum se: non secundum accidens, amicitia: quae est diuturne permansi¬
214 408 1893 460 ua, quae est amantibus simpliciter bona, quae est integerrima, quae est maxima & optima, quae est difficilis &
222 455 1899 512 inuentu rara, ista inquam est perfecta: sed praefata amicitia cum sex conditionibus praefatis est huiusmodi: igitur.
216 500 1903 562 Huius rationis minorem in litera prosequitur. Literam ergo ingredior quam particulatim explico. Hi
219 548 1896 603 nanque mutuo sibi bona similiter volunt puto. Dauid vult lonathae bonum, & eum esse probum virum:
212 600 1906 657 & contra idem vult lonathas de Dauide: quod boni sunt hoc est sunt ambo boni, ergo bene volunt: & boni¬
217 643 1896 703 tatem sibiinuicem inesse volunt. Sicut enim malus male vult in eo quod malus est, sic bonus bene vult in eo
220 695 1903 751 quod bonus: & signanter amico, sicut castus caste loquitur in eo quod castus est: boni vero sunt per seipsos hoc
209 730 1901 796 est propter suas virtutes & se ob tales amant & non gratia lucri aut voluptatis. Atque ii maxime sunt ami
208 783 1893 840 ci qui bona amicis illorum gratia volunt. Per seipsos enim ita se habent & non per accidens. Hoc est dictu
214 827 1891 888 Adam episcopus scotus. Osualdum northumbrum regem diligit, & ediuerso propter virtutes quae erant
219 883 1902 936 in sancto antistite & rege: & non ob aliud. Pari modo Hieremias propheta losiam regem ob vitae cando¬
204 916 1894 976 rem amauit & contra. hoc est non amauit eum propter bonum vtile aut delectabile quod a rege recipere
220 967 1893 1026 intendit: quia dato quod nunquam speraret aliquid ab ipso accipere adhuc ob eius virtutem ipsum amaret. Ex
214 1013 1889 1074 hoc sic arguitur. Illud quod est per se tale est inagis tale quam id quod est per accidens tale: quia per accidens prae¬
214 1060 1893 1117 supponit per se, secundo physicorum: at amicitia quae est ob bonum virtutis est per se talis, & aliae amicitiae
218 1111 1903 1174 sunt per accidens tales: igitur. Hoc enim in litera nouissime exposita innuebat. Sequitur in litera. Perma¬
220 1155 1904 1220 net igitur horum amicitia quaediu sunt boni: at virtus permanens est. hoc est dictu amicitia quae est ob virtu¬
213 1204 1890 1270 tem est permansiua: quia cuius causa inesse & conseruari est permansiua, illud est permansiuum: at amicitia
217 1252 1892 1311 ob virtutem est huiusmodi: igitur. Minor patet. Virtus illius amicitiae est causa quae est permansiua, cum
218 1302 1903 1360 sit habitus, & per consequens difficulter dimobilis. Licet enim & actui virtus conueniat, tamen ob diutur¬
214 1347 1897 1405 nitatem communius habitui attribuitur. Vides quod studiosi & macti virtute sincere se amant in domino.
220 1393 1901 1459 Sequitur in litera. Atque horum vterque bonus est simpliciter & amicus. boni enim ipsi & absolute & sibi
219 1434 1903 1503 mutuo boni sunt & vtiles & iucundi. Simili modo declarat quod amicitia ob virtutem est perfecta. Et sic ar
224 1488 1903 1554 gumentatur. Illa amicitia cui nihil deest quod pertinet ad rationem amicitiae est perfecta in genere amici¬
224 1534 1895 1600 tiae (proculdubio perfectum est cui nihil deest, quinto metaphysicae) at amicitiae quae est propter bonum
221 1589 1902 1640 virtutis nihil deest, quod ad rationem amicitiae attinet: sane haec amicitia omnia complectitur
225 1629 1906 1697 per quae aliae amicitiae fiunt. Porro in hac amicitiae specie vterque amicus est bonus non solum sim¬
223 1670 1905 1743 pliciter secundum seipsum sed etiam est bonus comparatiuc ad suum amicum. Nempe probus est. & ami¬
216 1720 1902 1779 co vtilis & delectabilis. Quod sic colligitur. Siquidem studiosae operationes a virtute emanantes sunt delecta¬
210 1771 1893 1836 biles ex secundo huius. Et hoc in nobis experimur: quia post laudabiles operationes oblectamentum & sua¬
215 1813 1907 1869 uitatem capimus, sicut post mala nostra, tristitia tanquam spina pungimur. Et sic in studioso operationes alterius
215 1861 1899 1920 studiosi sunt delectabiles, cum sint operationibus propriis similes, & eum ad virtutem alliciant continuandam:
218 1917 1903 1975 ergo amicus est amico vtilis & delectabilis. Sequitur in litera. Talis autem amicitia non sine ratione perma
219 1960 1898 2019 nens est &c. Hoc est. Amicitia quae est ob bonum virtutis est optima. Quae conclusio sic probatur. Illa amici¬
218 2006 1894 2061 tia quae omnia copulat. quae ad amicos requiruntur, est optima: at amicitia quae est ob bonum uirtutis est
222 2058 1910 2113 huiusmodi: igitur. Minor patet, quia amicitia ob bonum virtutis, bonum vtile & delectabile coniungit &
227 2092 1896 2157 implicat. Sequitur octaua conclusio. Quod est absolute bonum est bonum simpliciter atque absolute iucun
217 2156 1913 2211 dum: sunt igitur absolute bona maxime amabilia, hoc est virtutes: amicitia ergo erit in hiis maxima atque opti¬
221 2190 1910 2256 ma. Sunt autem merito tales amicitiae rarae. Sequitur nona conclusio & nouissima huius capitis. Pauci
226 2242 1905 2302 enim sunt tales. Hanc conclusionem in litera bifariam probat. primo sic. Amicitia quae est ob bonum
233 2291 1901 2346 virtutis, est solum studiosorum: sed pauci sunt studiosi ob difficultatem medii attingendi. ex secundo hu¬
233 2334 1900 2399 ius, & stultorum infinitus est numerus secundum ecclesiastem, & homines vt in pluribus sunt mali primo
219 2381 1901 2449 topicorum. & poeta. Rari quippe boni, numero vix sunt totidem quot Thebarum portae vel diuitis ostia
226 2429 1903 2487 nili. Non tamen est intelligendum quod non plures quam satyricus ponit, sint boni. Helias existimabat se solum
224 2484 1912 2548 in cultu diuino permansisle. Audiuit tamen a domino septem milia in Israele relicta quae non curuauerunt
233 2530 503 2592 genua ante Baal.
234 2557 1913 2634 ⁋ Secundo probat eandem conclusionem sic. Sane virtus illa quae magno tempore & consuetudine eget
229 2623 1912 2683 adhoc vt cognoscatur est rara: sed amicitia haec est huiusmodi: igitur. Consequentia tenet cum maiore. Mi¬
229 2667 1903 2728 norem per vetus deuerbium declarat quod dicit. Ante dictam salis mensuram comestam. i, simul estam ab
231 2710 1915 2767 eis qui volunt esse amici, non cognoscitur amicus: sic dicit Argyropilus. Leonardus vero sic dicit. Prius sal
226 2765 1912 2820 illud de quo dicitur comedendum est quam se cognoscere possint. Ista maior etiam patet ecclesiast. ix. Ne dere¬
227 2813 1919 2872 linquas amicum antiquum: nouus enim non erit similis illi. Vinum nouum amicus nouus. Hoc est non confidas illi a prin
229 2858 1918 2915 cipio donec probatus fueris: sicut nescitur quale vinum nouum sit futurum. ⁋ Qui vero celeri¬
232 2904 1915 2969 ter &c. Obiectionem excludit de his qui cito videntur fieri amici. Dicit enim philosopus tales velle esse amicos &
228 2951 1924 3012 amicitiam inter se coire, non tamen esse amicos. Voluntas amicitiae hoc est volitio amicitiae in vsitatiore mo loquendi
237 2998 1918 3061 apud theologos, citofit, non autem amicitia: & patet per dicta. Amicitia enim tempore & caeteris ad veram amicitiam requi
237 3045 1913 3110 sitis de quibus ante meminimus coalescit. Fit enim similis amicitia vtrique ab vtroque, quod quidem amicis insit opor
237 3091 1925 3148 tet vt insit amicis vtriusque aliquid vt opinio virtutis & fidei & amoris gratia cuius vterque alterum amat & colit.
233 3142 1912 3206 ⁋ Circa hoc caput quaeritur primo: an sit dabile quartum membrum amicitiae, quod amare possum aliquem
239 3189 1914 3258 ob bonum vtile & virtutis, aut propter bonum delectabile & bonum virtutis, & videtur quod non autorita
235 3239 1527 3288 te philosophi in litera solum tres species ponentis, in hoc capite & in praecedenti.
242 3276 1942 3355 ⁋ In oppositum argumentor primo sic. Possum amare Socratem ob tria bona, scilicet honestum delecta¬?
