2299 3605
488 276 2165 366 Amicorum virtus atque perfectio videtur esse amare, quippe amicitia magis in hoc quod amentur connsi¬
482 355 2161 412 stit, magisque landantur amantes amicos. Amicorum igitur quatenus ipsi amici sunt, virtus & perfe¬
482 399 2152 453 ctio in amare est. ⁋ Sequitur in litera. Quare in quibus &c. Secundum corollarium. Vnde fit vt qui pro
477 444 2154 500 dignitate faciunt stabiles sint amici: talium nanque amicitia est stabilita. Profecto illo modo qui sunt
479 495 2164 554 inaequales maxime solent fieri amici, inferior tunc plus amabit & sic erunt aequales, at amicitia aequa
481 540 2095 592 litas & similitudo quaedam est, hoc est in aequalitate consistit, secundum quod superius est expositum.
481 586 2162 638 ⁋ Sequitur. Et maxime quidem &c. Dicit quod amicitia maxime eorum est similitudo qui virtute sunt
478 639 2153 698 similes, nam in seipsis in virtute permansiui sunt, & in virtute similes permanent, neque indigent pra
478 685 2161 735 uis hoc est non egent illo vt alter eorum praue operetur: neque talia subministrant quin etiam prohibent
481 731 2160 779 tam inter se quam inter alios. Sane bonos homines dicit litera, neque ipsos delinqumre neque amicos permittere pra
476 776 2155 831 ua agere. Et in hoc lonathas erat amicus ipsi Saulo patri suo prohibendo quantum poterat necem inuocantis
477 825 2158 881 dauidis. ⁋ Sequitur. Praui stabilitatem in amicitia non habent. Nam neque sibiipsis similes perseuerant, sed breui mo¬
486 867 2152 917 mento manent amici, sua gaudentes mutuo prauitate. Praui enim nihil stabile, fixum, & amabile in se ha¬
480 913 2152 965 bent, sed prauitatem, quae ab omni sapiente est odibilis. Et demum immo sepius poenitudine ducuntur.
493 958 2155 1012 Et licet ad vomitum redeant sunt instabiles, quia nihil inueniunt in quo ipsorum voluntas quiescere po¬
482 1011 2152 1059 test. Operationes autem probi ei suauitatem ministrant, & sic perseuerat: oppositumque in prauo con¬
487 1054 2162 1116 tingit. ⁋ Sequitur. Vtiles & delectabiles diutius in amicitia permanent quam praui, siquidem eousque durant quo¬
490 1101 2150 1161 usque emolumenta aut oblectamina sibi mutuo praestant. Ex contrariis amicitia ob vtile coalescit. Ob
481 1150 2153 1211 vtilitatem locupleti inops, & scienti ignorans fit amicus, cuius enim quisque indiget id affectat, pro
488 1198 2158 1251 quo aliud affert & rependit. Ad hanc enim vtilitatem quis trahere potest amatorem & amatum in
493 1242 2155 1297 venereis. Si formosum mulier turpis diligat, quapropter & amatores ridiculi videntur, dignum esse
482 1291 2144 1343 censentes perinde amari vti ipsi amant. Nulla ratio est vt formosa mulier virum foedum sic diligat
484 1333 2144 1392 sicut ab illo diligitur, nisi aequipollentia & recompensatio suae formae fiat, cum non sint similiter ama¬
475 1376 2152 1433 biles. Et forte in hac amicitia contrarium non per se contrarium appetit, sed per accidens. Contrari¬
474 1433 2149 1490 um enim non appetit contrarium secundum se, sed est appetitus medii secundum se, quod quidem me¬
472 1469 2155 1535 dium est bonum subiecto quod afficitur per vnum contrarium in excessu. Vt si corpus Socratis sit
480 1517 2152 1571 siccum, non est appetibile Socrati vt suum corpus sit humidum, sed appetibile est venire ad medi¬
478 1571 2148 1625 um ad quem perueniret superueniente humido, quoniam appetitus est medii secundum se & contra¬
480 1619 2142 1679 rii per accidens, & ita in calido & similibus. Sed haec missa faciamus, non enim ad hunc locum ac¬
475 1653 753 1713 commodantur.
485 1705 2141 1775 ⁋ Dubitatur an melius sit amare quam amari. Et argumentor ad partem negatiuam. Amans melius
478 1752 2148 1817 facit amato quam amatus amanti. Proinde melius est amari quam amare. Nam amari a deo est praestabilius
488 1796 2140 1861 quam deum amare. Insuper illud est nobilius quod superioribus damus, sed eos plus amamus quam con¬
484 1843 661 1902 tra igitur.
484 1875 2138 1949 ⁋ Respondetur quod vtilius saltem temporaliter est amari praesertim a locuplete quam amare, actus tamen
476 1948 2128 2004 non est melior. Amare enim est bonum intrinsecum amantis: amari ab extrinseco dependet, sa¬
475 1988 2139 2053 tius est tamen habere causam quare ametur & quare sit dignus amatu. Deus enim & virtutibus
491 2026 923 2089 praediti sunt amatu digni.
477 2086 2137 2147 ⁋ Dubitatur secundo an amicitia inter prauos duret. Respondetur quod proprie loquendo inter pra¬
487 2136 2131 2190 los non est amicitia, sed latius capiendo vocabulum. Et dico quod amicitia inter tales giros mini¬
478 2175 2134 2247 mae est durationis, vt perbelle Aristoteles in litera docet. Et patet alia ratione. Nunquam enim durat
472 2221 2140 2284 amicitia inter aliquos nisi habeant inter se oblectamina, quae inter flagitiosos non contingunt, im¬
471 2267 2137 2329 mo peccata tristitia sequitur vt corpus opacum vmbra, secundum illud Augustinum. lussisti do¬
469 2311 2133 2372 mine, & ita est, vt poena sit sibi omnis inordinatus animus. Conscientiam mordentem in morem
469 2358 1935 2423 draconis habent praui, Esaiae tertio. Erit cubile draconum, scilicet conscientia peccatrix.
683 2433 1933 2530 Tractatus. II. Cap. III. Et Lib. VIII. Cap. IX.
736 2502 2138 2572 ldetur autem amicitia & iustum ( vt in pricipio diximus) circa eadem
806 2568 2130 2628 & in eisdem esse. In omni nanque societate iustum aliquod, & amicitia esse
812 2629 2131 2697 videtur. ltaque vt amicos appellant, simul nauigantes, & commilitones, &
800 2679 2140 2745 caeteros similiter socios: atque quatenus communicant, eatenus est amicitia
803 2736 2134 2808 & iustum enim eodem modo. Et prouerbium recte, ea quae sunt amicorum,
649 2755 2138 2855 fag communia dicit esse. Amicitia nanque in communicatione, societateque con
474 2845 2134 2909 sistit. Atque fratribus quidem sodalibusque cuncta communia sunt, caeteris autem definita: &
469 2896 2133 2969 aliis plura, aliis pauciora. Amicitiarum enim aliae magis, aliae minus amicitiae sunt. Diffe¬
462 2960 2124 3014 runt autem & iusta. Non enim eadem sunt parentibus ad filios & fratribus inter se: neque so¬
458 3021 2129 3084 dalibus, atque ciuibus, & in caeteris similiter amicitiis. Diuersa igitur sunt & iusta ad horum
473 3058 2131 3129 singulos. Et incrementa suscipiunt quod sunt ad magis amicos. Est enim grauius sodali, quam ciui
472 3125 2128 3187 pecuniam auferre, & fratri quam extraneo opem non ferre: & patrem quam quemuis alium pulsare.
462 3179 2130 3241 Crescit autem & iustum cum amicitia simul, quippe cum sint in eisdem, & aeque sese extendant.
460 3225 2122 3322 At vero societates omnes, similes sunt partibus societatis ciuilis. Nam ob vtilitatem aliquam
