2361 3591
261 255 1919 348 conueniunt homines: & aliquid eorum connsequuntur, quae ad vitam conferunt. Ciuilis quoque
256 336 1927 401 societas, conducentis ab initio constitui gratia, permanereque videtur. Hoc enim & latores
254 387 1927 461 legum coniectant & iustum id inquiunt esse, quod publice prodest. Caeterae igitur societa¬
252 447 1933 502 tes, per partes vtilitatem appetunt. Nautae quidem eam quae ex nauigatione prouenit, ac¬
261 510 1934 574 quisitionem inquam pecuniarum aut aliquid tale. Milites autem eam quae fit ex bello, siue pecu¬
256 554 1923 619 niam, siue victoriam, siue ciuitatem affectant, eodem modo contribulesque & populares. Non¬
261 613 1923 673 nullae autem societates gratia voluptatis constare videntur, vt eorum qui simul choros
255 664 1911 737 excercent, aliaque similia: & eorum qui pecunias conferunt ad conuiuia sibi paranda: hae namque
250 726 1915 804 sacrificii, conuictusque causa fiunt. Omnes autem hae sub ciuili societate esse videntur. Non
247 783 1917 853 enim praesens commodum ciuilis affectat: sed ad omnem vitam. Atque sacrificia & coetus
243 845 1906 906 circa haec faciunt, honorem diis tribuentes, & sibi ipsis requiem praestantes cum voluptate.
256 886 1908 957 Vetusta namque sacrificia, conuentusque post frugum fieri perceptionem (vt primitiae) viden¬
250 944 1906 1015 tur: hoc enim tempore maxime ocio indulgebant. Societates igitur vniuersae, partes ciui¬
253 1003 1469 1082 lis esse videntur: tales autem amicitiae, tales societates sequuntur.
319 1090 1905 1188 ldetur autem amicitia &c. Superius enodauit terminos amicitiae qui in excellentia consistunt,
370 1165 1897 1225 & quomodo amare & amari se habent ad amicitiam, & nonnullas obiectiones obiter occurrentes
376 1212 1897 1270 soluit, nunc vero in hoc tertio capite secundi tractatus explanat quonam pacto amicitia in socie¬
251 1260 1911 1314 tate permaneat, & hoc in capitis anteriori parte facit. In posteriori declarat omnes societates esse si¬
257 1306 1903 1366 miles societati ciuili, & ad illam redigi tamquam partes ad totum. Et primum dicit sic. Omnis amicitia in
252 1353 1912 1405 quadam communicatione consistit. Hoc trifatiam probat: Primo sic. Circa eadem est iustitia & amicitia:
248 1401 1908 1463 sed omnis iustitia consistit in quadam communicatione, igitur. Maior ex superius annotatis in principio
247 1447 1903 1503 huius octaui patuit, & minor patet ex quinto huius cum omnis iustitia sit ad alterum. Secundo¬
262 1496 1899 1542 probat hoc idem ex vsu loquendi inductiue. Qui simul nauigant appellant amicos & commilitones &
257 1536 1915 1592 caeteros simul socios. Atque quatenus communicant eatenus est amicitia, & pariter iustum. Eodem modo con¬
248 1583 1899 1639 militones qui simul militiam excercent. Miles proprie est ille qui pedes pugnat. Scholastici tyrocinium
247 1633 1907 1695 in literario ludo simul excercentes commilitones siue contyrones appellantur, vnde fit vt late differant
244 1679 1906 1733 milites & equites aurati. Et sic nos in hoc plurimum hallucinamur vnos pro alteris ponentes. Tertio,
247 1726 1895 1778 hoc per deuerbium vulgare probat Amicorum omnia sunt communia: ergo amicitia in communicatione
248 1773 1903 1832 & societate existit. ⁋ Atque fratribus &c. Hic ponitur secunda conclusio in qua praetendit philosophus quod
250 1818 1906 1866 communicantum amicitiae variantur quemadmodum & iusta. Hocque exemplariter detegit in litera inquiens:
254 1865 1891 1921 Atque fratribus quidem sodalibusque cuncta sunt communia. Sodales dicti sunt quasi simul edales. Caeteris
241 1907 1905 1965 autem sunt definita, hoc est bona determinata. Et sic sunt aliquae amicitiae maiores, aliae vero minores.
240 1959 1900 2007 ⁋ Sequitur tertia conclusio. Differunt autem & iusta. Vult dicere quod sicut amicitiae differunt secundum diuer¬
242 2007 1900 2058 sas communicationes, ita iustitia secundum diuersas communicationes diuersificatur. Hanc conclusionem exen¬
248 2051 1902 2116 plariter demonstrat. Litera autem est clara. ⁋ Sequitur quarta conclusio. Et incrementa suscipiunt. Di¬
249 2100 1900 2154 cit quod iustitia & iniustitia augmentantur & attenuantur per comparationem ad magis & minus amicos,
248 2146 1889 2201 & ita diuersificantur secundum diuersitatem amicitiae. Est enim grauius sodali quam ciui pecuniam auferre: &
244 2194 1902 2248 ita de similibus, ascendendo ad magis coniunctas. Et hoc intellige caeteris paribus. Crescit itaque iustum
246 2241 1889 2291 cum amicitia simul, quippe cum sint in eisdem & aequaliter ad eadem sese porrigant. ⁋ Sequitur quinta
245 2284 1889 2338 conclusio. At vero societates omnes. Haec est secunda pars principalis huius capitis in qua philosophus
246 2338 1894 2392 comparat omnes alias communicationes a communicatione politica, ad communicationem politicam, quia
241 2380 1895 2436 omnis alia communicatio est ob vtile particulare: communicatio vero politica ob commodum commune. Di¬
247 2430 1901 2490 cit ergo litera. At vero societates omnes similes sunt partibus societatis ciuilis, hoc est politicae. Nam
253 2474 1894 2524 ob vtilitatem aliquam homines societatis ineunt, quibusque aliqua consequuntur quae ad vitam coducunt.
238 2519 1907 2581 Propter enim aliquam vtilitatem communem videntur aues a principio simul convenisse: & propter vtili¬
244 2565 1898 2616 tatem perseuerare in communicatione. Et hoc legumlatores coniectant, & iustum id esse inquiunt quod publicum
238 2608 1890 2669 affert commodum. Sunt igitur caeterae communitates suis partibus similes. Caeterae enim societates per partes
250 2656 1892 2715 vtilitatem quaerunt vt de nautis & commilitonibus exemplificat. Et eodem modo se habent contribules
245 2706 1890 2762 & populares. Contribules sunt eiusdem tribus, & populares eiusdem populi. ⁋ Sequitur sexta conclusio
238 2754 1902 2810 siue solutio dubii. Nonnullae autem societatis gratia voluptatis constare videntur, vt eorum qui simul cho¬
243 2799 1891 2847 ros ducunt siue choreas: & sic cum saltu secundum illud Maronianum. Pars pedibus plaudunt, choreas & car¬
231 2846 1895 2897 mina dicunt. litera est intellectu facilis. Extendit vtile ad vtile proprie dictum & ad delectabile. ⁋ Se¬
238 2890 1906 2946 quitur vltima conclusio. Omnes autem hae sub ciuili societate esse videntur. Quae sic probatur. Omnis
239 2941 1895 2995 communicatio quae est ob conferens particulare est sub illa communicatione quae est ob conferens commune:
231 2986 1903 3042 sicut enim particulare est sub communi, ita communicatio ob bonum particulare est sub communicatione
238 3034 1902 3089 quae est propter bonum commune: sed omnis communicatio alia a communicatione politica est ptopter ali¬
238 3083 1904 3135 quod particulare bonum. & patet ex communicatione connauigantum, commilitonum, & caeterorum: & communi¬
238 3134 1910 3185 catio politica est propter bonum commune. igitur. Maior huius rationis cum priore parte minoris lucent.
231 3168 1895 3222 Propterea philosophus circa secundam partem minorum insistit, quae est quod communicatio politica est ob bonum
238 3219 1907 3294 commune. Vnde dicit quod communicatio politica non intendit aliquod bonum particulare & praesens, sed
