2336 3595
184 244 1859 335 ipso quo est seruus, non vtitur amicitia ad ipsum sed quo est homo. Cuiuslibet enim hominis ad quemlibet
188 317 1845 379 hominem ei occurrentem est iustum & amicitia. Hoc in primo capite huius octaui annotauit. In popularibus
189 363 1830 419 Potestatibus plurimum inter transgressiones amicitiae est: certe cum sunt pares plura sunt eis communia.
194 408 1855 476 ⁋ Dubitatur, an regen pater magnitudine beneficiorum excedit. Et argumentor quod non. Officium regis est
181 462 1848 506 magis arduum in tota republica & magis necessarium. Insuper Socrates tenetur regi succurrere patre ne¬
193 504 1840 570 glecto, quando vni soli succurrere potest casu quo ad regis internetium res publica labaret. ⁋ Respondetur,
187 557 1838 612 quod rex est vtilior toti reipublicae, sed pater suis natis vtilior. Obiectum regis est sublimius, quia tota res
193 605 1838 662 publica, quam conseruare pro virili debet. Pater autem ad solum suam familiam obtuitum flectit. Ad argumentum
193 647 1844 711 concedo antecedens, & nego consequentiam cum consequente. ⁋ Contra aliud dictum in fine capitis argumentor sic.
185 692 1834 745 Ad hunc hominem ea ratione qua hic homo est amicitia est: & hic homo est hic seruus: ergo ad hunc ser¬
191 740 1832 790 uum ea ratione qua seruus est amicitia est, expositorie. ⁋ Respondetur, consequentia nihil valet. Appellatio
184 783 1839 837 rationis id manifestat. Ingenue tamen fatebor vbi herus fidelem seruum inuenerit, eius est officii illum vnice
184 827 1845 883 diligere. Considera seruum illum Hispanum qui Hasdrubalem Poenorum ducem intrepidus interemit, eo quod ipsius
177 885 1843 948 dominum truciter mactauit. Et cum ad supplicium raperetur exultauit quod in tanta honestate supremum age¬
197 925 1462 991 ret diem. Quando heros a famulis diligitur firmissima est illorum custodia.
608 982 1617 1096 Tract. II. Cap. VI. quod est Lib. VIII. Cap. XII.
519 1075 1848 1156 Mnis igitur amicitia (vt dictum est) in societate consistit. Consanguineam
517 1147 1843 1223 autem quispiam seiunxit ac sodalitiam. Ciuium autem amicitiae & contribulium,
523 1198 1840 1264 & simul nauigantium, & quotquot sunt tales, magis in societate consistunt.
523 1253 1844 1316 Nam stipulatione quasi quadam constare videntur. Inter has quispiam &
525 1314 1830 1374 hospitalitiam collocauerit. Consanguinea vero multiplex esse videtur: pen¬
512 1363 1835 1427 det autem omnis ex paterna. Parentes enim diligunt natos, vt aliquid sui:
178 1419 1829 1483 nati vero parentes vt quid ex illis. Atque magis sciunt parentes eos qui sunt ex ipsis, quam nati, se esse
187 1478 1830 1551 ex illis. Magisque coniunctum est id ex quo natum est ipsi nato, quam factum ei quod fecit. Est enim ei
193 1534 1844 1601 ex quo est ortum proprium id quod ex ipso est ortum, vt dens, crinis, & quiduis habenti. Nullum
181 1592 1838 1658 autem illorum id ex quo orta sunt, aut minus. Accedit eodem & temporis longitudo. Parentes
188 1643 1843 1707 enim natos continuo diligunt. Illi vero parentes, incrementis tempore susceptis, & mentis compre¬
193 1698 1836 1768 hensione vel sensus. Ex his autem patet & cur magis diligant matres. Parentes igitur natos vt
187 1754 1839 1816 seipsos amant, qui namque ex ipsis sunt orti: sunt quasi ipsi, alii separatione. Nati vero parentes
184 1811 1843 1878 vt orti ex illis. ⁋ Fratres autem sese mutuo diligunt, quod ex eisdem sunt orti. ldentitas enim
180 1869 1831 1935 quae est ad illa, idem inter ipsos facit. Quapropter eundem sanguinem dicunt, & stirpen, & talia: sunt
199 1920 1837 1988 igitur quodammodo idem & in diuisis. Magnum autem ad amicitiam est & enutritos simul esse,
186 1976 1835 2036 & aetatis aequalis. Equalis enim aequalem delectat: & ipsi familiares sodales sunt, & idcirco
189 2031 1849 2090 fraterna amicitia sodalitiae similis est: patrueles vero, & caeteri propinqui. ex his sunt coniun¬
187 2091 1840 2162 cti: propterea quod sunt ex eisdem. Atque alii magis, alii minus fiunt ex eo coniuncti, quia prope
186 2148 1845 2210 est aut distat origo. Amicitia autem quae filiorum est ad parentes, & hominum ad deos, vt ad
188 2198 1851 2259 bonum est atque excellens. Nam maxima beneficia contulerunt: fuerunt enim essendi causa, & ali¬
186 2255 1832 2317 menti, ac educationis. Habet autem & voluptatem & vtilitatem talis amicitia magis quam extra¬
190 2308 1836 2376 neorum quanto & vita communior ipsis est. Sunt autem & in fraterna amicitia ea quae & in so¬
189 2366 1835 2426 dalitia sunt, & magis in bonis, & omnino in similibus quanto coniuncti sunt magis: itaque ab
187 2415 1846 2490 ortu sese mutuo diligunt. Et quanto sunt magis similium morum qui ex eisdem sunt orti, & simul
187 2476 1846 2550 nutriti, & similiter educati, ac eruditi. Probatio enim quae quidem fit tempore, plurima est atque
191 2533 1838 2601 firmissima. Sunt etiam & caeteris in consanguineis ea quae ad amicitiam attinent, vt rationum
187 2586 1840 2661 comparatio flagitat. Viro autem & vxori secundum naturam amicitia videtur inesse. Homo namque
186 2639 1844 2701 natura coniugale fmagis est, quam ciuile: quanto prius & necessarium magis est domus quam ciuitas:
189 2699 1827 2755 & procreatio communior animalibus. At caeterorum quidem animalium, hic societatis est termi¬
187 2748 1838 2821 nus. Homines autem coniugium subeunt non solum procreationis: sed eorum etiam gratia quae ad
185 2805 1846 2871 ipsam conferunt vitam: officia namque continuo sunt diuisa. Atque alia viri, alia sunt vxoris. Opem
184 2866 1841 2932 itaque sibi mutuo ferunt: res proprias in commune ponentes. Quapropter hac in amicitia vtili¬
194 2916 1845 2988 tas inesse videtur, atque voluptas. Fuerit autem & ob virtutem, etiam amicitia si boni sint. Est enim
187 2974 1836 3039 vtriusque virtus, atque hoc ipso esse gaudebunt. Filii autem eorum coniunctio esse videtur. Iccirco &
185 3032 1840 3096 citius ii qui carent liberis dissoluuntur. Filii namque bonum est vtrisque commune, ipsum autem con¬
196 3086 1831 3146 mune continet. Quaerere vero quonammodo viro viuendum est cum vxore, & omnino amico cum
181 3139 1844 3216 amico: nil aliud esse videtur quam quaerere quomodo iustum est. Non enim idem iustum videtur
189 3194 1471 3279 amico amicum nec ad extraneum & sodalem ac condiscipulum esse¬
