2313 3599
590 260 2186 347 Mnis igitur amicitia &c. Iam praemittit philosophus id quod saepenumero dixit, scilicet quod
568 316 2183 405 omnis amicitia in quadam societate consistit: & non ab re aliquis distingueret amicitiam con¬
641 372 2181 456 sanguineam & sodalitiam a reliquis amicitiis. Porro ciues contribules & similes vt sunt hospites,
529 404 2191 503 societates pactionibus constantes habere videntur: quocirca istae amicitiae sunt distinguendae. Amicitia
527 471 2181 547 consanguinea a societate naturali profluit: & amicitia sodalitia a mutua conuersatione a primis in¬
529 519 2184 590 cunabulis proficiscitur. Et rursus consanguinea est multiplex, verum omnis ex paterna stirpe pendet.
529 560 2189 643 Sane parentes filios vt aliquid illorum suapte natura diligunt. Ediuerso nati parentes vt aliquid ex illis
530 610 2183 689 emanans. Verumtamen parentes vehementius natos amant quam contra. lstius amoris glutinum ex variis
527 653 2179 737 proficiscitur. Primo quo quispiam magis causam dignoscit ob quam amat, eo feruentius amat: at ge¬
526 707 2184 786 nitores magis causam cognoscunt quare filios ament quam filii: quare genitores feruentius liberos quam edi¬
529 750 2176 821 uerso liberi parentes amant. Certe parentes liberos amant quis sunt ipsorum aliquid, filii enim ab ipsis
526 789 2181 872 fluunt. Secundo, quo aliquid est magis coniunctum alicui, eo magis illud amore prosequetur: sed filius est
523 836 2171 915 patri coniunctus vt pars eius, quia semen patris compositione filii ingreditur. pars autem genita a toto
520 890 2182 970 dependet velut dens, pilus, & manus. Tertio, qui prolixiore temporis curriculo amant plus amant quam illi
531 938 2170 1011 qui minore tempestate amant: at parentes productiore tempore natos amant quam ediuerso. Amicitiae
527 984 2168 1065 enim temporis successu incrementa suscipiunt. Modo literam quae tenebrosa est, vt poterimus aperire
526 1027 2177 1107 curabimus, quae est haec, Magisque coniunctum est id ex quo natum ipsi nato, quam factum ei quod fecit. Est enim
530 1068 2175 1159 ei ex quo ortum est vt dens, & crinis, & quiduis habenti. Nullum autem illorum id ex quo orta sunt. Ecce
520 1122 2166 1204 valor rationis in hoc iacet, quo aliquis est cuipiam coniunctior eo magis illum diligit, at pater est liberis
517 1170 2177 1246 coniunctior quam ediuerso: pater se habet vt totum cuius filius in prima productione est pars, pater autem
514 1212 2171 1287 non est aliquid filii. ⁋ Sequitur in litera. Ex his autem insinuat matres magis diligere natos quam patres:
514 1254 2178 1346 quia matribus est maior certitudo filiorum quam patribus, atque contractiore temporis tractu natos diligunt:
521 1305 2168 1382 & magis continue filios in sinu & super genu fouentes dulcia oscula genis paruulorum infigunt: fratres
511 1355 2176 1438 autem sese diligunt quia ex eadem stirpe immediata profluxerunt, nonnum quam ex patre tantum: nonnumquam ex
517 1400 2179 1475 materno latere tantum: interdum ex vtroque parente. Quaecumque autem sunt idem vni tertio eadem identitate
515 1442 2158 1527 sunt idem inter se: at fratres sunt idem parentibus: igitur. Non sunt omnino idem, sed pro modulo
515 1489 2173 1580 pro quanto ad tertium referuntur. Frater enim dicitur quasi fere alter. Mutua sodalitate aluntur &
505 1539 2165 1625 aetate fere pares solent esse, mutuo colludunt: atque magno amore sese complectuntur: nam aequalem
510 1576 2161 1669 aequalis delectat. Patrueles siue fratrueles magna charitate sese prosequuntur, & alii in omnibus con¬
508 1628 2170 1720 sanguinitatis gradibus conglutinati: propterea quod ex eadem stirpe mediate descenderunt. A communi sti¬
511 1679 2158 1767 pite sollicite suos nexus calculant secundum accessum ad truncum propinquum magis atque minus sese di¬
512 1723 2171 1810 ligunt: semper paritate data intellige. Cognomines quoque incredibili glutino in Britannia annectun¬
521 1772 2160 1857 tur. Ibi loci vnus cognominem sibi nullo sanguinis vinculo iunctum nepoti ex sorore praeponit. Aua¬
511 1811 2163 1902 ritia autem filiorum ad parentes, & hominum ad deos est excellens: loquendo vt plures, per deos vnitatem dei
502 1862 2162 1951 intelligit. Porro deus & genitores potissimum bona pueris tribuerunt: esse, alimentum pariter & educatio¬
508 1911 2156 1993 nem. Animam creat deus citra cuius influentiam creatura omnis protinus tabescat. Talis amicitia
496 1951 2156 2045 iucunditatem cum vtilitate magis quam extraneorum amplectitur. Mutuo conuiuunt, & seniores iunioribus
496 2010 2159 2090 prouident: & quando senescant & sunt decrepiti liberi illis prouident vt in pullis ciconiae contingit vbi
505 2058 2161 2138 pulli effoetas matres pascunt. ⁋ Post haec luculente declarat quare fraterna amicitia magna arctitu¬
502 2102 2149 2184 dine est connexa. Sunt enim sodales, moribus similes, colludunt & sua secreta mutuo communicant.
494 2144 2152 2232 ⁋ Sequitur. Viro autem & vxori &c. Haec amicitia non ob sanguinis nexum contrahitur: in gradibus
496 2190 2145 2277 propinquis a coniugio arcentur. Hoc Aristoteles in litera subindicat. Haec autem societas natura con¬
493 2239 2142 2326 stat. Hoc monstrans ait quod homo est animal magis coniugale quam ciuile: at est natura ciuilis homo, primo
499 2279 2159 2377 Politicorum: proinde magis natura coniugale. Qui sit magis natura coniugalis quam ciuilis, duplici ra¬
489 2328 2159 2419 tione fulcit: quarum prior est. ld est magis naturale homini quod est magis necessarium & prius natura:
492 2376 2148 2467 at esse coniugale est prius natura & magis necessarium quam esse ciuile: quamobrem est homini natutalius,
503 2421 2156 2514 quia domus prius est natura quam ciuitas atque magis necessaria. Secundo. Id quod totum animalium genus
495 2473 2146 2562 comitatur & est communius, est naturalius: at filiorum procreatio ad quam communiugalis societas ordinatur,
496 2514 2142 2608 est huiusmodi, igitur. Atque belluarum hic est societas scopus. Genita & alita prole alites & caetera ani¬
490 2559 2144 2651 malia segregantur: homines autem connubium subeunt, non solum prolis gratia generandae, sed etiam
489 2617 2140 2700 causa illorum quae ad vitam conducunt. Officiaque diuersa habent, viri munus est curare illa quae foris
485 2656 2149 2745 sunt, & opes procurare: mulieris tractare illa quae domi sunt, sibique mutuo suppetias ferunt parta in con¬
487 2699 2147 2791 muni ponentes vt in oeconomicis atque politicis abunde dicitur. Quocirca in hac amicitia est vtili¬
497 2753 2134 2835 tas atque iucunditas. Vtilitas quidem, quia communi vtilitati consulunt: voluptas autem ob generationem &
490 2793 2138 2883 in bonis liberis, & se mutuo vir & vxor diligunt. Nec virtus illis defuerit modo probi sint, & (vt de
486 2846 2131 2923 caeteris taceam) castitatem coniugalem seruabunt. Et huius amicitiae filii sunt nodus & firmamentum.
481 2887 2145 2984 In cuius argumentum cum infoecunda muliere citius matrimonium dissoluitur. Filiisunt parentibus con¬
483 2937 2134 3029 mune bonum, non possunt illos separare vt mater filias capiat & pater masculos: ipsum autem commune
483 2978 2134 3075 bonum hanc amicitiam conglutinat. ⁋ Sequitur. Quaerere autem &c. Tacitae quaestioni obiter occurrenti
483 3034 2129 3123 respondet. Diceret enim quispiam, domine, multa de amicitia ciuili, coniugali atque consanguineorum
484 3075 2131 3160 dixisti: attamen non tradidisti normam viuendi in eis. Respondens, inquit, hoc nihil aliud est percontari
479 3126 2130 3215 ac quonam pacto, hoc est iustum. Procul dubio quale est iustum: talis est viuendi modus. Conside¬
478 3174 2133 3252 randus est personarum sexus, discretio, & caetera id genus quae iustum contingunt: & omnia sunt aperta.
479 3213 2121 3314 Non enim idem videtur iustum amico ad animum & ad extraneum nec ad sodalem ac condiscipulum esse.
