2345 3598
189 258 1889 361 mo: Omnia quaecumque vultis vt faciant vobis homines, haec eadem & vos facite illis. Secunda lex est. Impares au¬
199 338 1892 405 tem id reddent quod excellentiae ratio flagitat. Secundum illud Roma. xiii. Reddite omnibus debita. cui tri¬
199 388 1888 451 butum tributum, cui vectigal vectigal: cui timorem timorem, cui honorem honorem. In epilogo haec omnia di¬
202 433 1872 508 cta sunt. Post sequitur prima huius capitis conclusio. Fiunt in amicitia quae vtilitatis est gratia, non sine ra
211 481 1873 552 tione incusationes & querimoniae. Quam probat per duas conclusiones praeuias, quarum prior est. Qui namque sunt ob
213 535 1879 594 virtutem amici proni sunt ad beneficia sibi conferenda. Beneficium est munus & benefactum: non vt vulgo capitur
208 578 1888 646 dignitas presbytero addicta quemadmodum est sacerdotium. Hanc sic probat. In illa amicitia in qua vterque ami¬
208 617 1876 686 cus habet illud quod exoptat, non fiunt incusationes & querelae, sed talis est amicitia ob virtutem: igitur. Conse
209 670 1881 745 quentia tenet cum maiore. Minorem in litera probat. Nam illi qui sunt amici ob virtutem, propensi sunt ad sibi
203 717 1886 780 mutuo benefaciendum. Ad hoc enim certatim properant & contendunt. Amanti enim& benefacienti quis suc¬
211 763 1885 828 censet vnquam certe nullus, praesertim si gratus beneficiis respondit secundum vires suas: alioqui non est amicus, de
200 810 1876 883 quo sermo habitus est. Quod si nonnunquam contingat vt in beneficiis quis exuperet, cum assequatur quod cu
202 857 1880 931 pit non incusabit amicum. Vterque enim alteri bonum optat. Secunda conclusio. In amicitiis quae ob voluptatem consi¬
201 901 1882 969 stunt, non multum incusationes & querelae fiunt. Nam si simul degere gaudent, fit simul vtrisque quod vtrique ap¬
199 947 1882 1028 petunt. Non igitur tunc fiunt incusationes & querimoniae. Qui si alterius consuetudo iucunda non extiterit, ri¬
208 996 1882 1068 diculus videbitur qui tunc alium accusabit: cum illi liceat cum illo non conuiuere. Ecce ergo exponentem negatiuam illius
209 1055 1881 1112 exclusiuae per duas conclusiones probatam: quia per contradictoriam secundae exponentis illius exclusiuae sequere¬
202 1100 1878 1166 tur quod in amicitia ob honestum aut ob vtile fierent incusationes, cum non ponantur aliae purae amicitiae. Postea
204 1139 1887 1204 exponentem affirmatiuam probat quae est tertia conclusio inquiens. At in ea quae vtilitatis gratia constat locum
201 1186 1885 1263 habent incusationes & querimoniae, cum se mutuo pro emolumento vtantur, semper pluris indigent & sese mi¬
202 1228 1883 1300 nus quam par sit, habere putant, suntque queruli ob idipsum quod non tanta reportent quantis ipsi egent, quibus viden¬
209 1280 1883 1347 tur iudicio suo digni: & qui beneficia conferunt tot conferre nequeunt quot ii egent in quos beneficia confe¬
203 1331 1881 1395 runtur, quare non ab re in hac amicitia incusationes fiunt & querimoniae. Tota causa ergo huius querelae est
202 1379 1886 1439 quia alter censet se minus a reliquo accepisse quam ipse dignus sit: contra alter non potest illi ad votum satiffacere:
207 1413 1884 1487 Et gratia illius plenius intelligendi distinguit amicitia vtilem secundum distinctionem iusti. Sicut enim duplex est
214 1459 1882 1531 iustum, vt patet quinti ethicorum septimo: scilicet iustum naturale quod hic morale dicitur: & ius legale siue
201 1516 1884 1585 legitimum hoc est ius positiuum de quo non ambigitur, & communi conscripto redigitur: dicit quod ita in amicitia est
208 1569 1899 1642 ob vtile. Nam quaedam est amicitia ob vtile morale, & quaedam est amicitia ob vtile legale. Amicitia propter vtile
213 1619 1893 1677 morale est quando vnus exhibet alteri vtilitatem secundum quod a lege statutum est, vt decem aureos pro modio triti¬
213 1659 1898 1724 ci quando tanti in foro venditur. Fiunt igitur incusationes tum maxime cum non per easdem amicitiam commutant &
202 1699 1887 1780 dissoluuntur tales amicitiae. Verbi causa, vnus dat aequum amico suo tanti quanti in foro venditur: alter eum acci
219 1745 1887 1828 pit secundum conuenientiam moralem, dicendo sum tibi amicus, ergo minus a me accipere debes quam aequus, va
212 1807 1882 1862 let secundum legem statutam fori. Hic autem ex vna parte exigitur commutatio secundum legem, & ex altera parte
214 1849 1882 1906 connotatio secundum mores & gratitudinem: & quia non concordant, fiunt quaestus & rixae. Et legitima quidem
218 1889 1892 1954 amicitia ea est quae in definitis consistit, hoc est quando valor rei secundum legem positus est: & quaedam est sordi¬
208 1935 1884 2002 da vt quae est de manu in manum & nihil gratificationis est iri ea: vt quando duo agricolae compares in foro ven¬
215 1985 1885 2055 dunt post euacuationem poculi & largam potationem dicunt sese amicos, sed omnia ad manum commutant.
222 2037 1888 2099 Quaedam autem amicitia est liberalior vt quae ad temporis vtilitatem praestat, sed per stipulationem quid pro quo.
208 2073 1884 2153 Et exemplo notum est quid in hac amicitia debetur, & in controuersiam non venit. Habet tamen dilationem gra¬
209 2123 1894 2196 tiosam: vt vendo tibi. Amensuram nunc, in foro valentem decem, pro decem: solutionem expectando. Nec termi
202 2167 1885 2244 num determinatum ponimus, nec illud scripto aut testimonio roboramus, quapropter apud nonnullos in ta¬
208 2215 1897 2290 li contractu non sunt iudicia, sed arbitrantur eos contentos esse oportere qui fide commutauerunt. Et moralis
209 2258 1887 2336 non in definitis determinatisque consistit: hoc est non fit in stipulatione expressa: sed ille qui dat recompensa¬
212 2315 1882 2390 tionem cupit, de qua tamen non fit mentio in traditione rei. Verbis vtitur ac si esset donatio libera: mentaliter
209 2353 1894 2436 tamen solum commutat. Tunc si dans non recipiat aequale aut maius, incusationes & rixae ab eo mouentur. Litera
213 2402 1883 2484 sic habet. Sed vt amico quidem largitur, aut vt alii cuicumque quisquis is tandem sit: hoc est qui largitur vt ami¬
206 2452 1884 2518 co aut vt alteri cuipiam: iste fidit: & hoc ideo accidit quia omnes volunt bona, hoc est apparere boni & hone¬
203 2503 1888 2569 sti& grati: ideo bona sua tradunt quia gratis absque stipulatione verbali solum: anteponunt autem ea quae prosunt.
219 2543 1881 2622 Sicut primo elenchorum philosophus dicit. Non enim eadem volunt homines & dicunt: dicunt enim decoratissi¬
216 2592 1894 2675 mas orationes, volunt autem ea quae videntur prodesse. Atque honestum est beneficia conferre, non vt vicissim susci
221 2639 1885 2723 piant, vtile vero suscipere. Sequitur quarta conclusio. Si potest igitur &c. Si potest amicus amico paria re¬
218 2685 1890 2769 pendere sua sponte id efficere debet, quia non debet amicus cogere amicum facere inuite: sic vt velit gratis reci
207 2741 1897 2816 pere ab eo qui non vult gratis elargiri. Si enim recipiens beneficium simile non rependit quia dantem eum suppo¬
220 2780 1896 2864 nit qui talis non est in rei veritate, tunc amicum vult inuitum habere, errore in principio facto. Hoc est errat in
219 2823 1906 2908 principio beneficii accepti accipiens beneficium ab illo a quo non debuit. Nam ille qui beneficium contulit, non con¬
212 2874 1896 2959 tulit illud ob illum cui datum est, sed ob lucrum inde speratum. Dissoluere ergo beneficium operaeprecium est: vt benefi¬
218 2930 1894 2990 cio pro defunctis suscepto. Eo modo solutio est in conventionibus quae in stipulatione fiunt. Atque polliceri sci¬
214 2965 1903 3045 licet oportet, cum posset reddere. Nam si reddere non posset nec dignum is qui dedit ipsum suo munere censuisset:
216 3015 1897 3084 hoc est ille qui dedit non putabat dignum aliquid ab eo exigere, vt si darem vestem valentem viginti Socrati non ha¬
223 3062 1889 3143 benti. iiii. indicium est quod nolo aliquid ab illo accipere. Vel sic, Oportet polliceri reddere cum posset: posse enim eum qui
225 3124 1903 3196 accepit putat is qui dedit: quia alioqui non dedisset. Sequitur in litera. A principio ergo considerandum est a
228 3162 1895 3231 quonam beneficium & pro quo confertur, vt pro his suscipiat an vt non suscipiat illud. Cum ergo tibi praesentatur
223 3206 1899 3290 beneficium, vide an gratis opinione tua bene ponderata qui illud offert det an non vtroque istorum dato tantum
225 3254 1900 3332 aut maius retribuat: si enim gratis, gratum saese ostendat, quia manus manum fricat, si det vt habeat vide vtrum
