2314 3605
469 229 2146 347 simile aut maius rependere potes an non: si potes repende libenter, ne vincaris in beneficio: si rependere nequeas
470 311 2159 391 hoc illi significa: & sic incusationes & questus euitabis. Sequitur in litera dubitatio. Existit dubitatio hoc est
471 355 2154 440 in dubium vertitur vtrum beneficium suscipientis vtilitate metiri oportet, quod repetendum est, aut potius merito eius
470 416 2145 484 qui beneficium contulit. Et id quidem non ab re dubitationem habet. Et vtrinque argumentatur, a parte ingrati re¬
471 463 2138 534 ceptoris & collatoris inflati. Primo sic. Nam qui beneficium acceperunt idipsum attenuantes dicunt ea se accepisse, quae
469 511 2147 586 exigua erant his qui contulerunt: & quae sibi ab aliis licet accipere. Contra qui contulerunt dicunt se ea contulisse quam
477 557 2134 623 maxima suarum rerum erant, quaeque ab aliis assequi non poterant recipientes, aut in periculis aut necessitatibus tali¬
469 592 2134 676 bus. Sicut vir quispiam plebeius recipiens mille ab Alexandro Macedone, dicit se parum a tali rege accipere, & quod
471 642 2143 714 licite tantum poterat a tam locuplete viro recipere. Contra autem collator suum beneficium auget, dicens se contulisse ma
453 705 2151 771 xima, & qualia non decet recipientem ab ipso recipere: aut qualia ipse non potest sibi inuenire: & quod ea contulerit
459 737 2148 817 in magnis periculis, & in magnis necessitatibus, eorum qui beneficia receperunt. ⁋ Dubitationem soluit quintam
460 791 2135 861 conclusionem ponendo & dicendo. An quia amicitia est ob vtilitatem &c. Hoc est vtilitas accipientis potius mensura
457 828 2131 900 esse debet vt quantum vtilitatis consequutus est tantum aut plus rependat. Nam haec amicitia ob vtilitatem est: vtilitas
463 889 2136 960 autem est eius qui beneficium suscipit. Indigus enim est beneficium suscipiens, cuius indigentiae collator succurrit, parem
451 930 2132 1004 gratiam accepturus. Tantum ergo auxilium fuit, quantum ipse vtilitatis accepit: tantumque dehet, si potest beneficium
460 983 2120 1047 rependere vel maius. ld enim honestius est. Sequitur in litera. Sexta conclusio. In amicitiis quae sunt ob virtutem
450 1020 2133 1097 incusationes non sunt. In his autem amicitiis mensura referendae gratiae ex parte electionis ponderanda est: hoc est
459 1073 2132 1147 ponderandus est affectus & non effectus. Quare mulier euangelica quae duo minuta in gazophylacium posuit
457 1121 2134 1179 plus omnibus aliis posuit, quia a sinceriori actu & difficiliori: hoc est praecipuum in virtute. Nam mensura in vno¬
460 1169 2135 1243 quoque genere est illud quod est maximum in illo, decimo metaphysicae. ⁋ Contra secundam conclusionem praeam¬
459 1210 2133 1282 bulam obiicitur: Vir non potest vxorem derelinquere, ergo potest licite non delectationem incusare cum non liceat vi
466 1258 2134 1326 ro cum coniuge non conuersari. Respondetur primo quod in lumine naturali difficile est ostendere diuortium esse con¬
456 1306 2135 1382 tra legemn naturae. Sed quia conformius est ad legen naturae quod vinculum matrimonii est indissolubile. Respondetur
458 1356 2122 1429 quod Aristoteles intelligit in pluribus: & hoc in conclusione innuit dicens. Nec in his quam ob voluptatem constant, querelae
440 1409 2125 1474 nimium sunt: acsi diceret nonnumquam sunt. Tertio dicitur quod licet vinculum matrimonii non dissoluatur, parum tamen potest quis
440 1449 2129 1522 cum coniuge rixosa conversari: & hoc non nisi tmpore necessitatis vt fecit Socrates cum rixosa & morosa Xantippe.
712 1510 1957 1624 Tract. III. Cap. II. EtLib. VIII. Cap. XIIII.
748 1598 2106 1674 Tvero dissentiunt & in amicitiis quae in excellentia consistunt. Nam vterque di
743 1662 2105 1737 gnum existimat plus se habere. atque cum hoc non fit, dissoluitur amicitia. Qui
744 1718 2110 1792 namque praestabilior est, plus habere oportere se putat, plus enim tribuendum
736 1765 2117 1841 est bono. Eadem censet, & qui magis vtilis est. Si nanque quispiam inutilis sit,
730 1819 2118 1898 non aequale inquiunt ipsum habere oportere, subministrationem enim & non
729 1887 2110 1943 amicitiam fieri dicunt, si non pro dignitate operum ea fuerint quae ab amicitia
442 1936 2093 2007 fiunt. Nam vt in pecuniarum societate plus ii capiunt qui plures pecunias contulerunt, sic ar
438 1995 2104 2065 bitrantur & in amicitia fieri oportere. Qui vero eget & qui est inferior contra. Ad amicum
439 2054 2113 2123 namque bonum spectare censet: egentibus open ferre. Quid enim prodest inquiunt amicum esse quen¬
451 2108 2107 2175 piam studioso viro aut potenti: si nihil consecuturus sit inde? Videtur autem vterque recte cense
444 2172 2122 2237 re. Atque plus quidem vtrisque est ex amicitia tribuendum, non tamen eiusdem, sed excellenti quidem
448 2217 2103 2280 honoris: egenti autem lucri. Virtutis enim & beneficentiae praemium, honos est, indigentiae vero
448 2276 2111 2351 auxilium, lucrum. Hoc ita se habere & in rebus publicis constat. Non enim is honoratur, qui
444 2331 2110 2409 nihil boni reipublicae praestat, id enim quod est publicum ei tribuitur qui beneficia in rempu
448 2387 2118 2459 blicam confert. At honor publicum est. Non enim fit, vt simul quispiam pecunias a repu¬
439 2446 2113 2501 blica atque honorem accipiat. Nemo namque fert in omnibus minus habere. Qui igitur in pe¬
448 2502 2116 2564 cuniis imminuitur, ei honorem tribuunt: qui vero munera suscipit: ei pecunias dant. Quod
438 2559 2106 2618 enim fit pro dignitate, id aequat & conseruat amicitiam vt est dictum. Sic igitur & iis est agen¬
441 2616 2101 2683 dum atque congrediendum, qui impares sunt. Et is qui in pecuniis aut virtute vtilitatem acci
453 2670 2111 2741 pit reddat honorem oportet, id reddendo quod potest. Amicitia nanque id exposcit quod fieri
454 2731 2114 2793 potest: non id quod est pro dignitate. Neque enim in omnibus est: vt in honoribus erga deos,
447 2781 2108 2852 atque parentes. Nemo enim vnquam dignum reddere potest. Sed qui quoad potest obsequitur,
444 2845 2099 2902 bonus & aequus esse videtur. Quapropter videbitur patrem quidem non licere filio abdica
440 2891 2096 2966 re, filium autem patri licere. Debentem enim reddere oportet, at quicquid egerit: nihil
445 2947 2094 3024 vnquam iis dignum fecerit quae a patre suscepit, quare semper debet. Quibus autem debetur
436 3019 2109 3082 potestas est dimittendi, igitur & patri, simul autem nemo forsitan vnquam sese mouere videtur.
430 3066 2102 3133 nisi ille exuperet prauitate. Nam absque amicitia naturali, humanum est, auxilium non nega
440 3118 2104 3190 gare. Illi autem fugiendum est aut non studendum, opem afferre, cum sit prauus, plerique
430 3172 2115 3258 enim suscipere quidem beneficia volunt, conferre autem nolunt, aut fugiunt vt inutile.
429 3228 1120 3316 Sed de his quidem eousque sit dictum.
