2356 3589
287 299 1885 387 T vero dissentiunt &c. hic philosophus determinat, quomodo sunt incusationes & murmuta in amicitiis
306 376 1881 435 personarum inaequalium. Et tres partes praecipuas hoc caput continet. In prima medium citat con
184 401 1881 484 Atrouersiae rationem assignando. In secunda controuersiam soluit. Et in tertia corollatium infert. Secunda pars
197 471 1885 522 illic, videtur autem: tertia pars illic, quapropter videbitur. Duabus conclusionibus principalibus, & vno corol¬
189 519 1877 573 lario caput est consummatum. Prior conclusio est. Inamicitiis quae in excellentia consistunt, dissensiones &
191 567 1869 619 questus sunt. Nam vterque amicorum se dignum existimat plus habere debere: at hoc non fit dispari amici¬
193 607 1876 667 tia. Primo rationes puer praestabiliori inducit. Si enim probo bonum tribui debet, probiori plus boni conferen
189 665 1869 716 dum est. Itidem in amicitia quae est ob bonum vtile: non enim videtur rationi consentaneum quod minus
190 707 1876 753 vtilis aequalia recipiat cum illum qui est magis vtilis, accidit quaedam subministratio, hoc est seruitus, &
192 749 1878 812 non amicitia si commoda quae ex amicitia proueniunt non distribuantur secundum dignitatem & secundum
192 806 1865 862 quod ratio efflagitat. Ho: explicat per eos qui inaequaliter in societatem pecuniam ponunt. Nempe qui plura
199 853 1873 906 erogarunt plura recipiunt, sicque in amicitia fieri debere arbitrantur. Qui vero eget &c. Ponit motiua ino¬
205 899 1866 954 pum literaque est clara, sic enim inquit, Qui vero eget & qui est inferior contra dicit. Nam ad amicum bonum
205 942 1870 1003 spectare censet egentibus opem ferre: quid enim conducit quempiam viro studioso aut potenti esse amicum,
205 986 1873 1042 si nihil emolumenti inde consequuturus sit? Sequitur. Videtur autem vterque recte censere. Haec est secun¬
205 1035 1875 1096 da pars principalis & conclusio huius capitis qua dicit quod vtraque opinio recte sentit: vtrique enim parti plus
202 1083 1876 1136 tribuendum est non autem de eadem re. Praestabiliori enim plus honoris, inferiori vero plus emolumenti
202 1129 1882 1183 dandum est. Virtutis enim & beneficientiae primum honor est: indigentiae vero auxilium, hoc est lucrum.
193 1176 1871 1233 Hoc probat exemplariter. Nam id ita sese habet in rebus publicis. Non enim is qui reipublicaenihil attulit
191 1224 1869 1283 honoratur, sed qui in rempublicam beneficia contulerit ei nonnihil tribuitur, quod publicum est, id autem
202 1267 1874 1328 honos est. Neque fit vnquam vt quispiam simul & lucrum & honorem a republica accipiat. Nemo enim fert in
201 1319 1881 1378 omnibus minus habere. Patet exemplariter in Londinensi apud Anglos praefecto quem maiorem vocant
201 1372 1877 1418 quotannis electo viro locupletissimo, honorem is in illo officio habet, pecuniarum vero nihil: cum multum
197 1411 1885 1472 de suo gratia honoris seruandi exponat. ldem patet in rectore vniuersitatis Pariensis: & in multis aliis ma¬
205 1463 1875 1522 gistratibus, quod enim pro dignitate fit id adaequat & amicitiam conseruat. Sic igitur & his est agendum
201 1499 1882 1562 atque congrediendum qui impares sunt: & iis qui in pecuniis aut in re alia vtilitatem accipit reddat honorem
208 1551 1877 1612 operaeprecium est, reddendo id quod potest: amicitia namque id efflagitat quod fieri potest: non vsquequaque illud
199 1600 1877 1659 quod est pro dignitate. Neque enim in omnibus id fieri potest: vt in honoribus erga superos atque parentes. Nemo enim
209 1646 1875 1701 deo atque parentibus vnquam dignum retribuere poest qui pro virili & quantum potest id facit bonus & aequus esse videtur.
202 1694 1882 1753 Sequitur tertia pars praecipua capitis, in qua ex praedictis philosophus corollarium infert dicens. Qua pro¬
204 1738 1885 1799 pter videbitur patrem &c. Hoc est hinc fit vt videatur non licere filio patrem abdicare, patri autem abdicare
210 1785 1888 1848 filium: quia semper reddere oportet & filius semper debet & quicquid erga patrem egerit nihil vnquam dignum
208 1831 1882 1887 facere potest iis quae a patre suscepit: non igitur ei patrem abdicare licebit quiasemper ei debet. Post haec pro¬
208 1873 1886 1934 bat quod patri licet filium abdicare. Nam quibus debetur potestas est dimittendi beneficiumque negandi: patri
214 1927 1888 1990 autem semper debetur: igitur patri potestas est filii dimittendi. Sic virtualiter ratiocinatur. Ille qui semper
213 1983 1898 2033 remanet debitor ad benefaciendum alicui non licet ipsum abdicare ei non benefaciendo, sed filius semper re¬
213 2019 1891 2087 manet debitor patri, igitur non licet filio patrem abdicare. Maior est manifesta: quoniam non licet debito¬
207 2065 1898 2130 rem nunquam reddere debitum. Minorem in litera probat, quia filius patri aequiualens rependere nequit. Secun
214 2119 1900 2176 da pars corollarii scilicet quod filium pater abnegare potest. Patet sic. Ille cui debetur habet potestatem dimit¬
209 2170 1879 2222 tendi eis qui ei debent patri autem debetur a filio & non contra: & ita habet potestatem abnegandi filium.
211 2207 1897 2275 Patrem creditori perpetuo: & filium debitori perhenni accommodabis. Et sequitur in litera. Simul autem
214 2258 1890 2317 nemo forsitan. Hoc est tametsi ita est quod pater possit filium abnegare: tamen abnegando & abdicando, nul¬
211 2306 1889 2362 lus videtur conferre filio beneficium sed totaliter subtraxisse, nec humane egisse nisi ille exuperet prauita¬
202 2350 1888 2403 te. Aliqui dicunt ille scilicet pater, satius est tamen dicere nisi ille, scilicet filius flagitiosus fuerit. Et sequitur
215 2397 1881 2456 in litera. Nam absque amicitia naturali, humanum est auxilium non negare, hoc sic intelligo, seclusa etiam
216 2442 1888 2504 amicitia naturali, id est licet inter patrem & filium non esset amicitia naturalis tamen humanum est ei non
211 2497 1877 2552 negare auxilium, humanum adhuc est non desistere a beneficio sed succurrere. illi etiam in quem multa be¬
223 2546 1882 2603 neficia contulimus. Hoc est etiam prauo filio cuius prauitas a principio erat ignota vel saltem minus patens.
221 2586 1882 2647 Patri tamen fugiendum est aut non studendum, opem filio oferre. Dum prauus manifeste est, Fortasse enim propter
214 2631 1890 2694 bonorum amplitudinem in ipsum collatorum & patris familiaritatem deterior efficietur. Sequitur in litera. Plerique enim
208 2679 1892 2742 suscipere quidam beneficia volunt: conferre autem nolunt, ac fugiunt, vt inutile. Vt malus filius vult suscipere benefi
218 2728 1892 2781 cia a patre: iamquea recepit nec simile pro virili rependit. Fugiunt inquit conferre vt inutile, dicunt enim conferre
217 2772 1900 2827 est inutile. Sequitur. Sed de his quidem eousque sit dictum. antiqua translatio habet, de his autem intantum
220 2822 1894 2884 sit dictum. Contra solutionem corollarii philosophi argumentor probando quod aliquis potest patri satisfacere. Potest
215 2868 1896 2934 enim conseruare vitam paternam in casu etiam difficillimo, cum periculo vitae suae: modo non minor est virtus quam quae¬
208 2916 1891 2967 rere parta tueri. Pater autem inf actu voluptuoso fuit causa essendi filio. Praeterea filius potest patrem alere in
215 2965 1898 3016 senecta tam in alimentis quod in moribus, ergo tunc patri aequiualens reddit: ergo etiam iste filius potest pa¬
213 3011 1901 3070 trem abdicare, sicut pater eum: cum ei satisfecit. Respondetur admisso illo casu qui rarus est inuentu, nonnumquam tamen
214 3061 1894 3121 contigit, vt de quodam Scipione legitur: iste filius tantam opem patri quantam ab eo accepit confert tamen inhumanum esset illi
214 3113 1907 3165 patrem abdicare: & a gratitudinis lege multum discedere. Nec eo beneficio tantum iuris in patrem quantum pater in ip¬
217 3158 1910 3215 sum habet acquisiuerit. Quinimmo nefarius est filius atque furca dignus qui patrem nil male merentem e do¬
216 3202 1911 3259 mo extrudit, quum ciconiarum mos sit defoetos progenitores fouere ac alere. Bellua est abiectior quae paren¬
214 3247 1907 3309 tum non miseretur, & viis in necessitudine, suppetias non fert. Vltra etiam legemn naturae diuino iussu sunt
210 3295 1456 3370 filii ad hoc ipsum obno cii, nulla rima aut ansa ab illo modo nexuque solubiles.
