2411 3606
278 246 1969 352 us adipiscemur. Licet hoc effugium quandam probabilitatem habere videatur, tamen a scientia discre¬
280 334 1967 405 par e videtur. ideo hoc confutat, inquiens, ldeae cognitio perparum conducit ad bonorum consequu¬
277 378 1958 447 tionem. Vniuersae enim artes bonum quoddam affectant, & quod deest ipsis necessarium perquirunt, &
281 419 1955 490 ideo cognitionem praetermittunt. Tantam autem opem & praesidium vniuersos artifices ignorare, &
278 469 1959 545 non perquirere, non est rationi consentaneum. Ambiguum autem est quid textori, fabro, aut medi¬
271 518 1958 607 co illud scire conducat. Medicus enim non per se sanitatem, sed hominis. Immo & huius hominis sa¬
274 557 1584 621 nitatem inquirit, cum singulis medeatur, hoc est circa singularia est medicina.
272 601 1868 684 ⁋ Dubitatur primo quare dicit, particulares voluptates quaeruntur per se, similiter & honores.
274 655 1942 724 ⁋ Secundo, quare Aristoteles hic se excusat de praeceptoris impugnatione, cum saepius id faciat nec
270 706 1945 779 veniam petat. ⁋ Tertio, bonum diuturnius est bono non diuturno nobilius secundm philosophum in
267 748 1390 805 topicis. ⁋ Quarto dubitatur, an vbique veritas est amico praeferenda.
261 800 1928 879 ⁋ Ad primum dubium respondetur, quod aliqua voluptas, sed non omnis est honesta: quandocumque cau¬
275 843 1728 907 sa effectrix voluptatis est honesta, ipsa voluptas emergens est licita. ldentidem de honore.
275 894 1943 971 ⁋ Ad secundm dicitur, quod more conditionatoris equi vitia in templo insectatur, Aristoteles hic loquitur.
280 938 1940 1010 Quia enim nonnulli dicerent eum procaciter in praeceptorem inuehi, & ideo bonos mores transilire:
271 988 1930 1058 propterea hic de moribus tractans se excusat. Et quia falsa opinatio potest multis esse causa male opi
267 1038 1130 1086 nandi, consulto praeceptoris positionem impugnat.
268 1078 1931 1163 ⁋ Ad tertium dicitur quod regula topica intelligitur in bonis diuersarum rationum. vt bona animae
269 1125 832 1188 sunt praestantiora bonis corporis.
266 1170 1930 1242 ⁋ Ad quartum dicitur quod ob nullum amicum, falsum notum, aut putatum talem (extra reflexiua) est as¬
273 1220 1914 1297 serendum, quia hoc est mendacium. vt patet quarto Ethicorum. Possumus tamen conniuere nonnunque
281 1266 1937 1347 ob amicum de veritate. Veritas enim odium parit, obsequium amicos: teste comico. Dicere verum, est
271 1314 1927 1387 praeceptum affirmatiuum non semper & pro quolibet tempore obligans, sed quando tempus & locus
272 1369 1923 1453 efflagitant. Attamen veritas vitae ob nullam amicitiam est postferenda. Sed opinionum veritates su¬
281 1409 1116 1469 spectas cribrare ne caeteri fallantur non est inutile.
271 1456 1925 1536 ⁋ Propter ineruditos qui iuuenes ab Aristotelica doctrina auocant, eo quod asserunt eum damnatum,
267 1506 1923 1582 alienum non fuerit inquirere an Aristoteles sit de numero saluandorum: quaerimus hic hanc quaestio¬
266 1554 1928 1628 nem tum ob eos qui Aristoteli plurimum afficiuntur, tum ob illos qui illum allatrant, eius succosam
261 1596 1936 1677 doctrinam ob eius damnationem reiicientes. Ioannes Buridanus ex variis passibus Aristotelis, niti¬
268 1644 1930 1716 tur ostendere ipsum potentiam supernaturalem agnouisse, & se plurimum ex hoc gaudere. Talsus & de
265 1692 1924 1767 ceptus Ioannes rebatur neminem nisi supernaturalia ponentem saluari posse. Paucis hanc quaestio¬
268 1740 1922 1813 nem absoluerimus. Ponamque propositionem hanc. Gentiles ante legemn euangelicam promulgatam non erant
265 1790 1921 1861 obnoxii ad Mosaicam legem seruandam. Ad Romanos. ii. Hoc sacer Paulus monstrat. Gentes quam legem non habent
269 1830 1922 1901 sibi sunt lex, si seruarunt legis naturae scita, hoc eis sufficiebat, & eis peccantibus sufficiebat perctorum detesta
269 1882 1931 1961 tio & non requirebatur ea tempestate perctorum denudatio sacerdoti. Hoc enim solum temporae euangelici discursus raequi¬
262 1926 1928 2007 ritur, satis erat Aristoteli ponere vnitatem Dei, curam rerum humanarum habentis. Hoc autem. xii. Metaphysicae non
265 1979 1933 2058 obscure ponit: & decimo Athicorum. & cum hoc, boni post interitum praemiabuntur: mali vero torquabuntur, nec
265 2020 1927 2097 deuinciebatur scire de particulari loco praemii, aut de elysiis campis, nec de ditis antro punitiuo circa cen¬
258 2073 1918 2132 trum terrae. deos autem cum vulgo nominat. Modus eius loquendi est loqui vt plures, extra materiam qua veritatem
263 2110 1918 2188 indagat. Etiam scriptura heroes deos appellat. In his autem libris Ethicorum diuinitus de moralibus virtu¬
256 2158 1930 2228 tibus loquitur, consone ad orthodoxam fidem, nulloque modo ab ea discrepat. Non ignoro quidnam lacobus a vora¬
265 2204 1911 2284 gine in quodam sermone de Aristotele dicat: quod videlicet cuidam discipulorum appuit dicens se nihil scire, pra
260 2259 1916 2329 ter poenam quam cogebatur cognoscere. Sed vide & ex qua officina id ille sumpsit: & an prima origo asserti¬
262 2303 1918 2372 est autentica, glosa super illos. Absorpti sunt iuncti Petrae iudices eorum Psalmo. exl. ait, Plato, Aristoteles,
268 2349 1916 2424 Pythagoras iuncti Petrae. i. Christo absorpti sunt, quaelibet enim creatura collata Christo modici est momen¬
257 2403 1914 2462 ti, aut nullius. Ab ipso suam bonitatem capiunt. Verum Plato, Aristoteles, Seneca, Tullius & plerique philosopho
256 2443 1909 2519 rum visi sunt mihi viri in vitae bonitate celebres, naturam ducem optime secuti: propterea imprudentis est il¬
253 2486 1756 2563 los vituperare, sed quicquid sit de illorum salute frugiferum illorum dogma discutientes colligamus,
256 2521 1906 2607 ⁋ Finaliter dubitatur an iuste Aristoteles Platonem in ideis oppugnauit. Sane a me ambigitur. Vterque enim
255 2583 1915 2656 scilicet & Plato & Aristoteles Minerua excellenti erat praeditus, vero simile est Platonem multa arcana ha¬
261 2626 1923 2695 buisse quam Aristoteli & reliquis auditoribus ad vnguem haud explanauit. Et Platone Egyptum & alias oras pe¬
253 2679 1921 2752 tente eius ingenium non quieuit: aliquam interea concepit & scripto reliquit in quibus Arist. ambigere poterat. Sile in
249 2727 1906 2793 Cuilelmo Oclam & in doctore subtili eius praeceptore offendis, quaere recte dicit Oclam interdum, haec est opinio
258 2765 1914 2849 Ioannis si banen capio, & quod Arist. dubitauerit hoc est argumentum, quod inquisitiue cum Platone hic disceptat vti
251 2812 1907 2895 bacchalaureius in sorbona contra respondentem. Seneca in epsis ad Lucilliu, Epla. S. & Aug. lib. &, quaestionum, Pla
253 2861 1915 2943 tonem in mon loquendi sunt imitati. Vide Augustinum, qud &o. illius libri. Et magtur sententiarum dist. in. secdi lib. ait
251 2910 1919 2970 Platonem tria posuisse ab aeterno Deum exemplar siue ideam, & materiam. Veroque sile est Platonem velle ideam vo
251 2955 1917 3032 care exemplar creaturarum in mente diuia theologorum more. Nam de idea nonnihil Theosophi. digladiantur, Vtrum
244 3001 1908 3072 ideo sit creatura cognita a deo. an diuia cognitio. Secdam viam imitor quia Augin praeallegato loco & ali¬
250 3057 1918 3111 ubi de ideis loquens, dicit eas stabiles & aeternas in mente diuina: sunt enim rationes atque exemplaria ad quae Deus
244 3101 1910 3177 respiciens omnia creata producit, omnemque creaturam praecedunt. Dico ergo quod mens diuina siue intellectus diuinus est eius
246 3147 1904 3220 cognitio, & est respectu omnim possibilium. Et quia producibilia sunt plura, & ordinate ac distincte dmns deus illa
249 3195 1915 3265 cognoscit, idcirco ideae plures dicuntur. ldea Socratis in deo est intellectus diuinus. Vocahulum au¬
236 3245 1905 3329 tem connotat Deum habere notitiam Socratis. quocirca idaem est idea Socratis & Platonis: sed alia &
