2322 3641
479 253 2177 336 numero, verumetiam specie & genere discernuntur, declaro. Nonnumquam in magistratu conveniunt, Socratem
488 335 2158 384 habiturum esse talem magistratum, ergo Socratem habere talem magistratum est obiectum concor¬
480 368 2163 431 diae: & si aliqui disconueniant respectu talium, illud est obiectum discordiae. Nec mirum quod idem sit
481 411 2155 481 obiectum vtriusque, cum concordia vnius sit discordia alterius & contra. Si canonici omnes ad Pla¬¬
491 460 2163 521 tonem eligendum in episcopum consenserint, Platonem esse episcopum illius concordiae erit obiectum.
484 513 1639 576 Et ita de praefecturis & aliis magistratibus caeterisque id genus dicatur.
969 562 1585 652 Lib. IX. Tract. I. Cap. VII.
769 625 2160 710 ldentur autem ii qui beneficia contulerunt magis eos amare in quos benen¬
796 693 2158 745 ficia sunt collata, quam ii qui acceperunt eos qui contulerunt. Atque vt praeter ra¬
801 741 2163 804 ationem eueniens quaeritur. Plurimis igitur videtur id ex eo fieri, quia hi quidem
821 799 2168 866 debent illis vero debetur. Vt igitur in mutuis debitores quidem volunt suos
812 856 2167 932 creditores non esse, hi vero de salute quoque debitorum diligentiam adhibent,
709 899 2163 985 a) sic & eos inquiunt qui beneficia contulerunt velle eos esse erga quos fuere
494 967 2170 1038 benefici, vt gratias accepturos. Illis vero non esse curam reddendi. Epicharmus igitur fortasse
506 1028 2161 1099 dixerit haec ipsos dicere aspicientes ad malum. Videtur autem hoc esse humanum. plerique enim
504 1078 2170 1147 immemores sunt: & suscipere potius, quam conferre beneficia appetunt. Videbitur autem causa na¬
499 1136 2164 1202 turalior esse: & non similis ei quae de creditoribus dicitur. Non est enim erga debitores ama¬
505 1199 2156 1266 tio. Sed voluntas salutis recipiendi causa. Sed qui beneficia contulerunt: diligunt atque amant eos
499 1248 2167 1319 qui beneficia acceperunt, & si nulla in re sunt vtiles: neque in posterum futuri. Quod quidem
505 1312 2162 1378 & artificibus accidit. Magis enim vnusquisque proprium amat opus quam ipse ab opere ama¬
509 1356 2169 1428 retur: si animae particeps esset. Maxime vero forsitan hoc circa poetas accidit. Hi namque sua
501 1417 2162 1491 diligunt poemata supra modum: & perinde atque filios amant. Tali igitur simile est & id quod
505 1477 2163 1545 faciunt ii qui beneficia contulerunt. Quod enim suscepit beneficium ipsorum est opus. Hoc igitur
513 1527 2166 1606 & amant magis quam opus eum qui fecit. Huius autem causa est, quod vniuersis est expetibile atque
511 1590 2160 1645 amabile esse: sumus autem actu. Nam viuendo surnus atque agendo. Qui igitur fecit, est actu suum
505 1643 2179 1718 quodammodo opus. Diligit itaque ipsum opus, quia amat & esse. Hoc autem est naturale. Quod
501 1699 2166 1770 enim est potentia, id opus ipsum actu declarat. Et insuper ei quidem qui contulit beneficium:
499 1748 2167 1829 honestum est id quod egit. Quare gaudet eo in quo est hoc. At ei qui accepit, nihil est honesti
509 1807 2177 1874 nisi in eo quod contulit conferens: quod quidem minus est iucundum atque amabile. Est enim praesentis
520 1863 2177 1943 quidem operatio: futuri autem spes, facti vero memoria iucunda. Sed iucundissimum est quod est
523 1917 2161 1993 actu, & amabile simili modo: ei igitur qui contulit beneficium permanet ipsum opus. Diutur¬
514 1966 2167 2041 num est enim ipsum honestum. Sed ei qui cepit: transacta est ipsa vtilitas. Memoriaque honestarum
518 2036 2177 2103 quidem rerum, est periucunda: vtilium autem non nimium aut minus. Expectatio vero contra sese ha¬
514 2081 2178 2154 bere videtur. Et amare quidem simile est actioni: amari autem passioni. Eos igitur qui circa
508 2139 2167 2210 actum excellunt, sequitur amare, & ea quae ad amicitiam attinent. Praeterea quae facta sunt cum labore
527 2201 2176 2266 ea magis diligunt omnes, & pecunias magis diligunt qui acquisiuerunt, quam qui ab aliis acceperunt.
523 2250 2174 2318 At beneficium quidem accipere sine labore esse videtur: Beneficium autem conferre difficile. Propter
514 2308 2184 2380 haec & matres filios magis amant. Ceneratio namque laboriosa est magis: & magis sciunt esse suos
537 2378 1939 2451 Videbitur autem hoc & iis accommodatum esse qui beneficia contulerunt.
600 2439 2184 2556 ldentur autem ii qui &c. In hoc capite philosophus de tertio actu amicitia scilicet beneficentia loquitur: in
647 2522 2172 2583 quo principaliter ostendit benefactorem plus diligere eum cui benefecit quam contra, licet primo obtutu
643 2566 2183 2634 hoc vix opinabile putaretur. Hoc per aliorum rationes ostendit & per exemplum, de creditoribus qui bene¬
518 2613 2179 2679 factoribus similes videntur, & debitoribus qui beneficiariis similes videntur. Et illa ratione & exemplo re¬
520 2667 2182 2721 citatis clarius quaestionem eluit. Et caput ipsum in geminas partes praecipuas secat. Nam in priore parte inten¬
527 2706 2183 2761 tionem suam cum aliorum colore praelibat. In secunda veras rationes super quaesito dat: & hanc conclusionem ponit.
527 2753 2167 2813 Videntur ii qui beneficia contulerunt magis eos amare in quos beneficia sunt collata quam ii qui acceperunt, eos qui
521 2799 2177 2861 contulerunt, atque vt praeter rationem eueniens quaeritur: illud enim contra rationem videtur, cuius beneficium accipiens sit be¬
518 2846 2180 2903 nefactori plus obnoxius quam contra. Tam philosophus quam veteres convenerunt in hoc quod quaestio supponit, dat
535 2887 2189 2951 veterem causam inquiens. plurimis igitur videtur id ex eo fieri quia hi quidem debent, puta qui beneficia acceperunt:
514 2942 2177 3004 illis vero debetur puta beneficia conferentibus, vt igitur in mutuis debitores quidem velint suos creditores non
527 2986 2178 3044 esse. i. postquam benefecerunt extinctos esse ne referre sint obnoxii: hi vero. i. creditores etiam de debitorum sa¬
521 3038 2174 3092 lute diligentiam adhibent, sic & eos inquiunt qui beneficia contulerunt, velle eos esse, erga quos fuere benefici, vt
526 3079 2173 3150 gratiam accepturos: illis vero non esse curam reddendi. Epicharmus fortasse dixerit haec ipsos dicere aspicien¬
527 3126 2182 3192 tes ad malum. Epicharmus is est philosophus qui primus ideas introduxit. Videtur autem hoc esse humanum:
536 3173 2185 3239 plerique enim immemores sunt & suscipere potius quam conferre beneficia appetunt, illudque est communis non tamen apud
523 3224 2180 3297 magnanimos & cordatos viros. ⁋ Sequitur secunda pars principalis. Videbitur autem causa naturalior esse quam
