2335 3583
205 234 1879 319 illa quae de creditoribus allata est, & non similis ei quae de creditoribus dicitur. Talis enim voluntas non est
217 318 1877 361 creditorum erga debitores amatio, sed voluntas salutis. i. qua velint creditores esse saluos, est causa reci¬
204 357 1867 421 piendi. i vt recipiant ab eis paria. Probat autem quod sit alia naturalior causa. Quia qui beneficia contulerunt
210 410 1876 470 diligunt atque amant eos qui beneficia acceperunt, etiam si illi in nulla re sint vtiles, nec in posterum futuri: quod
204 464 1866 513 per simile probat dicens. Quod scilicet amare opera sua, qui opera sua sunt accidit etiam artificibus. Omnis enim
206 503 1877 554 factor opus suum plus diligit quam ab illo opere diligatur, esto quod opus sit animatum. Patet de amore dei respe
215 548 1861 598 ctu creaturae animatae, parentis in liberos, praeceptoris in discipulos probos. Ita quoque est de artificibus
205 594 1871 646 & poetis & itidem inductiue patet: sed ille cui beneficium est collatum est tamquam opus. Benefici igitur suos foetus
211 640 1877 690 & praeter caeteros poetae admodum diligunt. De Terentio enim referunt quod dum plusculas comoedias graecas
199 691 1865 751 latinas fecisset quae casu in mare cecidere: suorum operum desiderio in mare desiliit. Doctus discipulus est
217 742 1865 792 opus praeceptoris, vt Aristoteles Platonis quantum est ad esse doctum: licet non ad esse simpliciter. Simili¬
215 785 1861 834 ter quantum ad esse locupletem uel huiusmodi plurimum huius faciunt qui aut opes aut alio huiusmodi confe¬
205 829 1875 896 runt: & huius dilectionis causa est, quoniam vniuersis expetibile atque amabile est esse. Sumus autem & actu
218 879 1861 934 primo, hoc est anima, & actu secundo, hoc est operatione. Nam viuendo sumus & agendo. Qui igitur fecit.
212 930 1863 982 est actu suum quodammodo opus: non quod homo sit suum opus in recto. propterea Aristoteles adiecit quodan¬
199 967 1876 1026 modo, dictionem alienantem. Homo enim per suum opus in hominum memoria viuit, vt Homerus viuit vt
205 1022 1874 1076 poeta. Diligit itaque quisque opus suum qui amat & esse, hocque est naturale. Nec alia de causa Alexander
205 1059 1867 1121 Magnus, & alii innumeri proceres res praeclaras suo ipsorum iudicio fecerunt, nisi vt non solum in vita vi¬
204 1109 1864 1165 uerent clari, sed vt post vitam etiam celebre consequerentur nomem, vtque amnalibus & aliis historiis commendarentur.
199 1154 1864 1208 Huius famae quantunuis iniquae & stolido desiderio captus Herostratus templum Dianae in Epheso nobilis¬
202 1202 1868 1258 simum incendit, vt eo facinore famam obtineret perpetuam. Quod quam stulte cupiebat, nemo nescit. Sed aliquid
198 1247 1858 1309 pereni laude dignum efficere non est paruae laudis, apud delirum vulgus solum. Alii efferuntur ergo in vno
199 1302 1864 1356 verbo, quod homo habet esse in suo opere, hoc est esse cognitum, & quod in hominum ore viuunt. Sicut Naso
201 1344 1861 1404 in fine Metamorphoseos canit. lamque opus exegi, quod nec louis ira &c. Et demum. Si quid habent veri vatum
199 1394 1857 1454 praesagia viuam. Insuper opus ipsum actu explicat potentiam artificis, sicut totus orbis dei potentiam. Et
204 1438 1858 1498 libri Ethicorum cum caeteris Aristotelis scriptis, eius potentiam in scribendo ostendunt. Nam magnum magna decent.
211 1485 1857 1541 Et hoc innuit litera quae dicit. Quod enim est potentia, id opus ipsum actu declarat. Alia ratio. Honestius
196 1530 1862 1582 est beneficium, ille qui beneficium contulit, quare illo gaudet, quam ille qui beneficium suscepit, qui nihil honeste
198 1575 1864 1626 fecit, nisi in capiendo, conformiter ad rationem. Propterea dicit litera. Et insuper ei quidem qui contulit
200 1623 1866 1677 beneficium, honestum est quod egit: quare gaudet eo, in quo est hoc. At ei qui accepit nihil est honeste nisi
195 1670 1857 1732 in eo quod contulit conferens, hoc est nisi vtile: quod quidem minus est iucundum atque amabile. Aut sic,
204 1713 1862 1779 nisi in eum qui contulit sit spe conferens: quod quidem &c. Modo honos est nobis a natura insitus. primo
207 1760 1853 1822 Rhetoricorum: & maior honos magis expetendus, potissimum si illo dignifuerimus nec minus. In Officiis,
192 1804 1861 1862 dicit Tullius. Honos alit artes. Et in Tusculanis Quaestionibus. Omnes ad studia incendimur gloria.
196 1856 1865 1913 Est autem praesentis quidem opinatio. Futuri autem spes, facti vero memoria iucunda: sed quod actu est horum
198 1906 1861 1964 iucundissimum est atque maxime amabile. Ei autem qui beneficium contulit actu permanet ipsum honestum:
201 1955 1849 2013 opus enim diuturnum atque permanens honestum est: sed ei qui beneficium suscepit transacta est. i. tam per¬
208 1993 1865 2061 transiit ipsa vtilitas: at rerum honestarum memoria manet periucunda, vtilius autem rerum memoria est
199 2045 1851 2102 suscipienti non plurimum aut minus iucunda: spes autem & expectatio contra sese habere videtur, quia
187 2087 1845 2145 spes expectantem affligit, vnde dubitatum est a priscis boni an mali plus haberet. Non mirum igitur
192 2138 1844 2190 est. Beneficos magis eos quibus benefaciunt amare quam, ab illis amentur. Pro cuius vberiori intelligentia
194 2188 1846 2242 scito, quod est praesens, est delectabilissimum, & propterea quae delectabilissimo propinquiora sunt delectabiliora
199 2229 1847 2288 sunt: & quia in praeteritis vtilia honesta antecedunt quia vtilia sunt media consequendi honesta, iccirco in
196 2282 1852 2335 praeteritis honesta sunt ipsi praesenti propinquiora & vtilia remotiora: propterea non sine causa con¬
202 2322 1852 2379 tingit vt honestorum memoria iucundior sit: vtilium vero minus. Insuper honesta plerumque manent
207 2367 1846 2424 vtilia vero non, stat enim quod ille cui ipse pecuniam contulit ipsam exposuit: datio tamen pecuniae in
198 2415 1852 2474 hominum existimatione manet. Cui alludit Seneca primo libro de beneficiis inquiens. Haec quae tene¬
194 2466 1856 2520 mus, quae aspicimus, in quibus cupiditas nostra haeret, caduca sunt, & ea nobis fortuna auferre potest
206 2511 1851 2565 & iniuria: beneficium vero etiam amisso eo quod datum est durat. Permansiuum autem cum maneat praesens
196 2565 1852 2615 est delectabile, secundum actum transitorium vero quia praeterit est delectabile secundum memoriam: sed dele¬
195 2606 1857 2659 ctabilissimum est quod est secundum actum: cum praeterita & futura non delectent nisi eo quod actum memo¬
187 2650 1855 2703 ramur. At speramus & in futuro. Vtilia autem anteeunt honesta, vt quae ad honestatem consequendam
192 2696 1848 2752 sunt media necessaria. Propterea in futuro vtilia, ipsi praesenti quod delectabilissimum est, sunt propin¬
201 2747 1846 2802 quiora & honesto remotiora. Ponitur & alia ratio ad responsionem. Amare simile est actioni: amari
195 2799 1847 2847 autem passioni: eos igitur qui erga actus excellunt vt beneficos rationabiliter sequitur amare, & quae
188 2839 1856 2893 ad amicitiam pertinent. Qui autem suscipiunt amari, rationabile est. Igitur eos qui beneficia conferunt,
188 2883 1852 2934 magis amare. Rursus quae cum labore facta sunt, magis diligere solent omnes: vt & magis pecunias
189 2930 1853 2980 diligunt, qui eas sibi suo labore & sua industria acquilierunt, quam qui ab aliis eas acceperunt, vt patet. &.
190 2976 1844 3032 Ethicorum primo, & experientia. At beneficium acciperre non est labor, nec est difficile, poenale benefi¬
194 3026 1844 3084 cium autem conficere, difficile: merito ergo qui beneficium conferunt eos quibus beneficia contulerunt
193 3072 1853 3130 magis diligunt quam contra. ⁋ Sequitur corollarium. Quocirca & matres, magis amant filios: nam ge¬
178 3116 1855 3174 neratio laboriosa illis est. ldeoque res maximae afflictiuae & summae animorum corporumque aegritudines,
184 3165 1848 3233 dolori, percuntientis comparari solent, & quia matres magis cognoscunt esse suos. Quod quidem & ma¬
178 3212 1424 3281 gis cognoscere, accommodari posse videtur ad eos qui beneficia contulerunt.
