2312 3603
509 209 2181 298 Perinde ac si dicerent beneficio dei homo iste claris natalibus & naturalibus pollet, cui abunde omnia
514 287 2175 348 bona conveniunt. Inane igitur est eum amicorum praesidio roborari, deinde ad partem affirmatiuam hoc pacto
515 337 2179 395 argumentatur. Absurdum est omnia bona beato dare, & amicos illi non tribuere. Procul dubio inter ex¬
525 376 2181 434 terna bona amicitia est maximum. Secundo sic. Magis consentaneum est felici bene facere quam bene pati. Per¬
529 426 2183 480 fecto virtute proprium est benefacere, at felicitas in operatione virtutis consistit, vt in primo libro retu¬
528 472 2182 533 limus, atque magis pertinet ad felicem beneficia impendere quam accipere, & honestius est amicis quam extra¬
530 530 2177 582 neis beneficia conferre: itaque eget eis qui sunt beneficiorum capaces Quas ob res amicis indiget beatus.
541 568 2172 626 Quapropter quaestionem mouere consueuerunt. Vtrum in rebus secundis, an in aduersis potius indigeamus
519 617 2180 669 amicis: quia in omni fortuna amici sunt necessarii, vt in praecedente libro diximus. Infortunati enim
522 662 2172 729 indigent amicis qui ipsorum defortunium releuent. In prospera autem fortuna constituti indigent amicis.
528 705 2176 768 quibus benefaciant. Tertio sic. Absurdum est & rationi dissentaneum beatum solitarium atque soliuagum fa¬
535 755 2172 809 cere. Profecto nemo expeteret solitarie vniuersa possidere bona: quandoquidem homo est animal ciuile.
523 810 2179 860 & cum aliis aptum natum viuere, vt primo Politicorum traditur. ltaque felici congruit cum aliis vitam agere.
522 848 2172 909 Possidet enim omnia quae suapte natura sunt bona, & perspicuum est melius esse ipsi beato cum amicis
523 899 2179 952 vitae candore bonis conuersari quam cum incognitis & quibusuis hominibus. Propterea concludendum
527 942 2178 1004 est, felici opus esse amicis. reliquum est videre quantum veritatis rationes aduersariorum habeant. Ignobile vul¬
523 989 2175 1049 gus eos amicos putat qui commodum afferunt, verum vtilitatis beatus non est indigus. Ipse enim est sufficien¬
532 1036 2176 1091 ter locuples. Neque indiget amicis qui ob voluptatem amantur, aut perparum illis indiget & additur ra¬
524 1081 2176 1140 tio: quia ipsius vita est iucunda, proinde aduentitia non indiget voluptate. Quas ob res aduersarii con¬
529 1128 2173 1186 cludunt beatum non indigere amicis. At hoc non est vsquequaque verum. Siquidem in primo libro dictum est,
530 1173 2164 1233 felicitatem esse quandam operationem: perspicuum autem est ipsam operationem fieri & dependere continuo ab
528 1220 2173 1278 ipso operante. Et non assimilatur rei quae possidetur. Aurei enim nummi in arca: & holoserica vestis a
526 1263 2176 1318 domino non agente possidentur. Nempe felix viuendo aut operando consistit. Boni quoque operatio est stu¬
526 1314 2170 1364 diosa atque iucunda per seipsam. Hoc in primo libro probauimus. Siquidem studiosa operatione inter de¬
528 1359 2175 1411 lectabilia potissimum delectari, propria res est. Quod quia ita est alios nobiscum conversantes cum eorum actibus
528 1407 2165 1459 serenius citra fucum contemplamur quam nos & nostros. Insitum est nobis a natura nos ipsos diligere, & ple¬
523 1455 2177 1509 rique mortalium in hoc plurimum exorbitant, sua magnipendentes, de culice gigantem efficiunt. Propter hunc
524 1500 2167 1557 ergo affectum nobis a primisc unabulis congenitum dexterius de aliis quam de nobis ipsis iudicamus. Inge¬
530 1554 2176 1602 nue tamen fatebor abditos nostrae mentis recessus certius cognoscimus quam caeterorum. Complusculi sunt
525 1592 2171 1652 qui sub velamento sanctitatis hypocriseos labem contegunt. Nihilo tamen minus dum amicitia diutino
530 1639 2167 1692 tempore est parta, amicum intus & in cute noscimus, vt prouerbialiter traditur. Quam ob rem absolute
529 1683 2163 1743 aliorum opera splendidius quam nostra rimamur. Studiosorumque hominum actus si sint amici, iucundi sunt
521 1733 2160 1794 ipsis bonis: quia omnia bona bonis sunt delectabilia, atque iucunda. Profecto habent ambo ea quae suapte
517 1780 2163 1830 natura iucunda sunt, vtpote virtutes cum earum operibus. ltaque beatus talibus eget amicis, si proprios actus
523 1826 2175 1884 contemplari expetat, quia amicorum actus erunt ei analogia atque scala intelligendi proprios. Alios per lineam
528 1877 2166 1928 rectam, nos ipsos vero per lineam reflexam intelligimus. Sed aliorum vultus recte cernimus, nostros vero
518 1926 2162 1980 reflexe in speculo. Et aliorum erratula in mantica anteriori gestamus: nostra vero commissa atergo. No¬
519 1966 2171 2030 stra praeconia si quae sunt directe ante oculos ferimus. Sane non est quaerendus amicus in hac lachrymarum
524 2013 2176 2070 valle qui sit omnium noxarum expers, diuina eloquia & experientia rerum magistra veritatem in hoc nos do¬
517 2070 2161 2117 cent, Philosophantium turba ad occultos pectoris recessus oculum mentis non dirigebat: sed ad exteriora
523 2107 2171 2161 quae in lucem prodeunt. Ita erat apud plerosque Mosaica lege imbutos, Lex enim cohibet manum non ani¬
517 2156 2173 2214 mum ait diuiniloquus Paulus. ⁋ Sequitur litera. Arbitratur autem homines felicem iucunde viuere opor¬
536 2195 2167 2255 tere: at solitario difficilis est vita: siquidem non est facile soliuagum continue bene operari, cum aliis vero belle
520 2244 2162 2298 operari facile est. Istud roboratur quia in principio nascentis ecclesiae nullos eremicolas ad speluncas
524 2294 2165 2347 deserti miserunt, nisi prius in schola morum excellenter instructos. Eremicolas modernos vix floecifa¬
532 2343 2166 2401 cio qui in biuiis triuiisve sedent inexplebilibus vocibus stipem quaerentes. Ad loca publica conueniunt
522 2386 2166 2442 turmatim quaestus gratia. Si operibus manuum incumberent hoc emaculatae vitae splendore florerent,
518 2432 2174 2494 deuotae matronae necessaria vitae si quid eis deesset affatim suppeditarent. Verum maiorum vmbra suum ocium
520 2480 2160 2535 suamque segnitiem tueri satagunt: cum tamen illi proprio sudore victum atque amictum parcissimi quaesiuerunt, vt
517 2527 2167 2583 de Paulo primo eremita, Antonio, Hilarione, & similibus caelo dignis meminimus. Nec tamen assertio
521 2572 2165 2623 Aristotelica solitudini Carthusiensium derogat. Crebro enim in templum conveniunt, antelucanos hymnos si¬
511 2622 2169 2680 mul domino canunt: antemeridiana luce precaminibus iugiter insistunt. Sole meridianum circulum superan¬
514 2666 2166 2722 te minime torpent, nunc in angulo domunculi orantes cum deo susurrant: nunc in hortulo fodientes vrticas
517 2713 2155 2778 & alias noxias haerbas conculcant, salutares inserunt, nunc diuina volumina cum ardore percurrunt. Semperque
523 2759 2169 2813 extra somnum occupantur, ne Sathan eos ociosos inueniant. Non ignorant ocium multa mala docuisse: pro¬
527 2806 2159 2866 pterea ab eo tamquam ab aspide inopinato calcata aufugiunt. ltaque fecere coelicolae illi eremitae quos iampridem
515 2852 2161 2904 citauimus. Ac inclytus Sachariae filius cuius vita frugalis & sanctitudo est super aethera nota, ocium vir¬
511 2902 2159 2960 tutum nouercam abominabatur. Nocturno sopore sacrum caput cauti supposuit, trihorio somno contentus,
523 2940 2166 3001 eius esui atque potui ille sufficiebat. Reliquo tempore superueniente populo concionabatur, caperataque fronte
513 2993 2169 3049 & stentoria voce, in lapsus & hominum mendas tonitruabat, placido vero gestu virtutum rosas atque
512 3047 2162 3094 candida lilia ad coelum tollebat, ita vt deuotus & foemininus sexus eum audiens diceret. Quis mihi
516 3085 2164 3135 dabit pennas vt columbae & volabo & requiescam? Insimularet ne Aristoteles hosce deicolas? Absit.
513 3132 2161 3207 Diceret enim. Nonne primo Politicorum asserui istos heroas ac homine maiores? Sed de hominum
512 3178 1575 3254 multitudine hic loquor. Bella eius responsio, cui subscribimus.
