2328 3606
441 208 2147 291 sophus quod musicus modulata cantione delectatur, perstrepente autem offenditur. ⁋ Respondctur quod
462 278 2144 335 eleganti melodia assuetus est propterea absona offenditur. Delicatae enim sunt iam ei aures consuetu
469 322 2132 391 dine factae. Propterea si vnus a cantus orbita deuiet reliqui canere desinunt. Memoriae proditum est quod
470 373 2131 431 cum cantoris Parisiensis domus esset incensa, plus illi displicuit obstrepentum vocum dissonantia quai
460 414 2123 466 incendium, quod ex eo probatum est quod relicto rogo & aedibus, ad vociferantes egressus perrexit vt
470 462 2137 517 vocum diaphoniam ad euphoniam reducerent. Musica etiam deuotionem excitat propterea Dauid
459 509 2131 562 regum religiosissimus percutiebat organa & saltabat, totis viribus ante dominum, vt patet ex secundo Regumn,
464 556 2131 613 & Heliseus propheta prophetiae donum non habens ad manus, misit pro psalte vt pietatem in eo dul
464 603 2131 665 ci fidium pulsatione erigeret, vt quarti Regum tertio capite videre est. Sic Dauid citharae suaui sono
474 646 2123 697 angorem Saul regis mitigauit. citharizante enim Dauide refocillabatur Saul spiritu maligno vexa
466 694 2125 740 tus. Primus liber Regum id explanat. Propterea antiquitus musica sacrificiis atque funeribus adhibe¬
470 737 2135 790 batur, vt fietum citaret. Quaedam enim modulatio curas abigit atque moerores & hilares hilariores red
474 787 2131 850 dit. Tradunt quod Xenocrates organicis modulis limphaticos liberauit, & quod Asclepiades tubarum can
481 832 2119 885 tu surdis medebatur. Timotheus scriptorum calamo celebratus Alexandrum magnum ad bellum
470 878 2120 935 inflammatum leniuit. Nec solum hominum affectus melodia demulcet. Cerui enim cantu fistularum
479 928 2131 986 vt ferunt illaqueantur, & delphines capiuntur. Alites fistulae modulatione falluntur. Quaedam instru
475 977 2119 1034 menta musicalia, ad arma prouocant vt tibiae litui, tubae, cornua, ita aliqua prouocant ad planctum atque
478 1017 2116 1071 deuotionem & ad alias hominum affectiones, quare Aristoteles octauo Politicorum scribit oportere
475 1064 2134 1129 iuuenes in musica & gymnustica instituere, quare organa & cantus fractus non sunt ab ecclesia tollen
477 1111 2121 1159 da vt neoterici haeretici somniant, vetusti patrum ritus multitudini proficientes ob aliquorum men¬
466 1156 2131 1224 das minime sunt antiquandi. Alioqui panem & vinum obliterare necessum, sit & ob lapsum gulonum
464 1204 1130 1258 & ebriorum in eis quo nihil absurdius.
475 1239 2114 1313 ⁋ Secundo dubi es forsan, Cur dicit operationem quae est felicitas in fieri consistere & non esse quan
479 1302 2116 1351 dam rem. ⁋ Tertio, quare dicit esse hominis ex parte sentire, cum esse hominis sit homo existens, &
466 1344 1408 1393 sensatio sit accidens longo interuallo substantia inferius.
480 1386 1945 1450 ⁋ Quarto an videns continuo sentit se videre. Et an aliqui felicitatem a natura habeant.
467 1445 2130 1504 ⁋ Ad secundam dubitatiunculam responsatur. Res in geminos ramos distrahitur. Nempe aliqua est
473 1490 2111 1551 res pure successiua, vt dies & agon, haec enim sunt quando fiunt, quando vero facta sunt esse desierunt,
464 1531 2116 1594 alia successiue fiunt, quando vero facta sunt persistunt. Ista a physicis suecessiua quo ad productionem
467 1580 2123 1647 permanentia quo ad esse nominitantur. Rursus aliqua res a sua causa particulari haud quaquam dependet,
463 1630 2115 1679 vt calor, Bucephalus, quando de causa particulari loquutus fuerim non est obscurum. Siquidem ni¬
470 1672 2120 1730 hil est vspiam creatum quod a deo non manuteneatur. Aliquid autem a causa secunda & particulari
472 1724 2086 1781 nusquam non dependet, vt lux, lumen, operatio. Isto modo philosophum impraesentiarum intelliges.
481 1762 2123 1826 ⁋ Tertia ambiguitas non est difficilis enodatu. Substantia non est propter accidens tanquam scopum,
474 1815 2118 1864 verum homo in potentia sentiendi atque intelligendi est propter seipsum sentientem atque intelligen¬
467 1857 2126 1909 tem. Homo intelligens perfectiori modo sese habet quam dormiens, veterno marcessens, asinus bipes, bene
468 1901 2123 1967 intelligens rationalis & homo ⁋ Ad quartum respondetur quod non est necessarium actu directo prae¬
468 1950 2110 2004 ditum in actum exire reflexum, potest enim facile super huiusmodi actus fe reflectere, & hoc est illi ma¬
469 1994 2115 2046 ximopere iucundum si omnia dextre ei contingunt, proinde citra caudam & additum, esse atque viue¬
467 2043 2132 2106 re est delectabile, praecipue quando cernit alios ipsi syncronos atque minores ipso defunctos. Nihilotamen
471 2092 2118 2162 minus viuere in magna poenuria atque moerore non est homini vulgo iucundum. Sane quaedam sunt
462 2130 2115 2188 irrestricte capta vera, quae cum addito desinunt esse talia. Sic sensatio vitae studioso est pergrata, vt sit
471 2180 2125 2248 in potentia propinqua bene operandi, sed habere vitam cum morbo neopolitano perpetuo non est
469 2225 2116 2292 delectabile, immo hominem pungit atque ringit, signanter quando ex tetra libidine habetur. Tunc
469 2275 2113 2333 enim homo duplici poena affligitur, infamia non delebili opinione vulgi, & atrocitate morbi ossa cum
461 2327 2118 2376 carne rodentis. Haec praecordia lancinant & erit officina moeroris. Dixi opinione vulgi. Potest enim
464 2366 2115 2431 ipse prudens poenam suapte prudentia leuare, culpam in deum commissam detestando, & punitionem
456 2412 2121 2473 annexam gratanter sumendo, cum dicat aliis, mea scelerata vita hanc acerbitatem atque maiorum me¬
463 2461 2120 2521 ruit & tunc non parum merebitur, poenam naturaliter inflictam voluntarie tolerando. Isti actus ha¬
457 2502 2004 2566 bitum ipsum ad bonum promptificantem in eo generabit. & sic de necessitate virtutem effieit.
473 2547 2119 2628 ⁋ Quaerebatur etiam an aliqui felicitatem a natura habeant. Vetus transsator ait, cum daemon bona det quid opus
463 2606 2107 2663 est amicis? Leonardus hoc ipsum interpretatur rectius hoc pacto. Cum deus abunde sibi dederit, Argyropilus
468 2642 2123 2715 claram sententiam cepit, vt inter exponendum enucieauimus. Dicamus quod ab horoscopo & caeli influentia ali¬
469 2699 2118 2759 qui sunt aliis ad probitatem propensiores. Parentum etiam mores in liberos deriuantur, deus tamen nonnullis singularem
467 2747 2119 2802 gratiam in tenella aetate elargitur, vt Nicolao glorioso confessori qui quarta vel sexta feria, semel sugebat vbe
462 2794 2113 2847 ra: post quam refectionem os a maternis vberibus auertebat: nullisque blanditiis pia mater poterat tenellum fili¬
453 2840 2112 2901 um brachiis pendentem allicere vt iterato mamillas sugeret. Examen apum bti Ambrosii adhuc in cunis
460 2882 2115 2948 lacentis os ingrediens declarauit quisnam futurus esset puer. Sic de Bernardo, in quo matris somnium de cane
457 2922 2114 3000 latrante est verificatum. lsti & siles diuino iuuamine foelicitatis praesagium in teneris annis acceperunt. Cmnis
466 2977 2118 3042 via huius est in schola virtutum feruenter educari. Dum virtutis seminaria sunt concinne iacta, & fulcra diu¬
457 3023 2116 3092 tino tempore accepeint, non parum momenti habent vt virum beatum efficiant. ⁋ Fortasse optas seudae conclusionis de¬
473 3063 2115 3127 ductionem clarius notari. ⁋ Respondetur quod illic sunt duo pusilli fyllogismi, quorum prior est iste. Sicut homo stu¬
456 3109 2102 3168 diosus se habet ad seipsum, ita quoque sese ad animum habet, sed sic est quod ad seipsum quod est ei eligibile esse &
468 3158 2119 3225 viuere propter sentire & percipere seipsum esse bonum, quia talis sensus est ei oppido delectabilis, proinde haud¬
