2381 3593
249 215 1941 294 bitur: si sit ipsius aliquod opus. Eabri ne igitur & sutoris opera sunt quaedam actionesve:
243 290 1943 351 hominis autem nullum est opus sed est ociosus? An vt oculi, manus, pedis, & cuiusque omni¬
251 349 1933 418 no partis aliquod opus esse videtur: sic & hominis praeter haec omnia quispiam aliquod po¬
253 398 1943 467 suerit opus? Quid igitur id fuerit tandem? Viuere enim homini commune videtur esse cum
259 456 1943 530 plantis. Opus autem proprium quaeritur. Segreganda est ergo nutriendi augendique vita. hanc
244 511 1934 573 sentiendi sequitur vita. At ipsam etiam homini cum equo, ac boue, omnique animali constat
244 571 1932 636 esse communem. Restat igitur actiua quaedam rationem habentis. Huius autem aliud est vt
256 623 1942 690 obediens rationi, aliud vt eam habens atque intelligens. Sed cum haec etiam bifariam dica¬
256 678 1927 752 tur: ea ponenda est quae est actu: haec enim magis proprie dici videtur. Est igitur opus homi
253 735 1930 805 nis, operatio animae per rationem: aut non sine ratione. At vero opus huius, ac studiosi hu¬
258 789 1934 861 ius, idem esse genere dicimus vt citharoedi: studiosique citharoedi. Et hoc in omnibus absolute.
255 847 1936 918 excessu qui est a virtute ad ipsum opus adiuncto. Citharoedi namque opus est citharam pulsa¬
254 905 1919 962 re, studiosi vero bene pulsare. Eodem modo cum hominis opus vitam quandam esse pona¬
258 958 1942 1026 mus & hanc ipsam operationem animae, atque actus cum ratione: studiosi profecto viri haec ip
255 1016 1943 1078 sa sunt: cum bene, recteque fiunt. Singula autem bene, per propriam virtutem efficiuntur. Quae
258 1071 1942 1142 cum ita sint: fit vt bonum humanum animae sit operatio per virtutem: & si plures sint virtutes,
249 1131 1958 1205 per optimam nimirum & perfectissimam: Et insuper in vita perfecta, Ver enim nec vna fa¬
255 1193 1945 1248 cithirundo, nec vnus dies. Et beatum eodem modo, foelicemve, nec vnus dies, nec breue effi¬
254 1241 1948 1306 cit tempus, summum igitur bonum hoc circunscriptum sit modo. primum nanque forsitam vt
256 1295 1953 1369 figuram quandam describere, postea depingere ipsum oportet. Videtur autem cuiuslibet
260 1348 1948 1424 esse ea quae bene sunt circumscripta producere & explicare atque exponere. Tempusque talium in¬
257 1409 1949 1472 uentor esse atque adiutor bonus: vnde & artium facta sunt incrementa. Est enim cuiuslibet
262 1462 1954 1527 id quod deest supplere ac addere. Oportet autem & ea quae supradiximus in memoria habe¬
257 1522 1953 1587 re: & ipsum exactum non in omnibus eodem modo, sed in singulis vt patitur subiecta mate¬
245 1576 1954 1652 ries: & eousque quousque ad doctrinam attinet, flagitare. Nam faber & geometra diuerso modo
247 1632 1950 1704 angulum rectum inquitunt. Alter enim quantum vtilis est ad opus? Alter quidnam sit, & qua¬
251 1689 1942 1757 le quidem ipsum inquirit. Contemplator enim est veritatis. ldem modus & in caeteris est ser¬
257 1754 1955 1811 uandus: ne iisce quae instituimus agere plura fiant ea quae fines illorum egrediuntur. Nec in
256 1801 1927 1858 omnibus simili modo causa postulanda est. Sed sat est in quibusdam si bene demonstrata fue
249 1855 1924 1929 rint esse: quod quidem & in ipsis principiis fit. Atque hic modus primus est & principium
256 1910 1935 1975 Principiorum autem alia inductione, alia sensu, alia assuetudine quadam, alia alio modo per¬
252 1966 1933 2040 spiciuntur. Enitendum est autem singula pertractare vt suapte natura percipi possunt: & ad¬
257 2024 1945 2085 hibenda est diligentia vt bene diffiniantur. Nam magnam ad ea quae sequuntur afferunt
254 2084 1948 2162 opem. Principium enim plusquam dimidium totius esse videtur: & eorum quae quaeruntur con¬
249 2140 968 2218 plura per ipsum manifesta fieri solent.
328 2225 1950 2295 Vnc rursus. In hoc capite continuat Aristoteles dicta dicendis, quia per Platonis opinionem ab insti¬
363 2292 1946 2349 tuto parum digressus est, dicit: redeamus iterato ad quaesitum bonum, scilicet ad felicitatem: & videa¬
256 2304 1937 2390 Lmus quidnam secundum veritatem sit. Hoc caput trifatiam tractat. In prima parte felicitatem depin¬
256 2389 1935 2450 git per quasdam proprietates competentes ei, non exacte quaerendo eius propriam diffinitionem, verum
262 2435 1948 2490 monstrando eam esse summum bonum humanum. Secundo illud esse perfectissimum bonum ostendit
253 2482 1945 2539 & tandem quod est sufficiensissimum: quibus infertur quod felicitas est supremum bonum humanum omnium
262 2531 1948 2577 perfectissimum & sufficientissimum. Quantum ad primum sic argumentatur: finis omnium rerum agen¬
247 2578 1947 2630 darum est supremum bonum humanum: at felicitas est scopus & finis rerum agendarum: igitur. Porro ple¬
256 2625 1935 2684 rique sunt fines atque diuersi in variis operationibus atque artibus, & vnus est propter alium quousque ad su¬
256 2670 1936 2723 premum peruentum est qui non est ob alium, sed alii fines sunt propter ipsum: & ille erit excellentissimum
249 2720 1944 2777 bonum humanum, quod potissimum expetitur: sin vero sunt multi fines huiusmodi, pleraque erunt summa
255 2766 1943 2828 bona. Quia nondum explicuit an sit vnum summum bonum, & vnus nouissimus finis & scopus an plu¬
256 2815 1933 2864 res, ideo sub disiunctione praecedens in effectu ratiocinatur. In vnaquaque arte supremum bonum gratia cu
244 2863 1934 2920 ius alia fiunt est finis vltimus omnium quae sunt in ea: hoc exemplariter ostendit in medicina, et in re mili¬
247 2905 1931 2963 tari: Ita in operationibus humanis illa operatio gratia cuius alia fiunt est finis: & si sint plures subordinatae
254 2954 1930 3011 optima, cuiusmodi est felicitas, erit finis. Porro aliquid propter se tantum expetitur, vt felicitas: aliquid pro
259 3007 1931 3060 pter se, & aliud tertium propter aliud tantum: vt potio absynthii aut amarae pilulae sumptio, post primum
256 3050 1921 3100 noctis soporem. Exemplum secundi. vt virtutes quas propter ipsas expetimus: licet nihil aliud ex eis se¬
255 3097 1924 3156 queretur, virtutum enim possessio est honesta, vt magister in prima distinctione primi sententiarum ex san¬
247 3146 1930 3192 ctis colligit: qui aristotelicam philosophiam imbiberant. & tamen ad alia bona conducunt, vt ad felicitatem.
255 3191 1922 3244 Insultas, felicitas propter nos expetitur: vt felicitate felices euadamus, sicut albedine albi. Respondetur, feli¬
253 3241 1930 3311 citas est nouissimus finis quem exquirimus. nam illo fine habito alium vlteriorem minime venamur: verun¬
