2316 3606
475 239 2161 332 ⁋ Sequitur igitur quartum documentum quod est tale. Econtrario autem fortasse congruum est ad calamitosos quidem ire non
469 324 2157 374 vocatum. Et in promptu est, probatio. Est enim amici, beneficia conferre praesertim in eos qui indigent etiam antea
471 365 2155 423 quam illi requirant. Vtrisque namque honestius est & iucundius, de dante constat, de recipiente etiam patet. Honestius enim est il¬
472 408 2154 478 lam gratificationem ab amico suscipee eum non vocando. ⁋ Quintum documentum. Ad fortunas autem propte quidem
478 472 2128 517 accedere scilicet ops: ad operandum vna cum illis. Hoc est amicos aiare ad benmen operandum. Est eim opus ad haec amicis.
472 513 2158 569 ⁋ Sequitur sextum documentum. Lente puer beneficiis consequendis ire decet, alioqui amico esset onerosus. Nam non satis
481 557 2158 610 est vtilitatis suae cam ad amicos properare, cauenda est etiam hac in re opinio iniucunditatis. Pro cuius vberiori
486 600 2157 660 intelligentia scito quod quis poest amico bene fortunato opinionem indelectationis bifariam dare. Vno mon si nullum
480 647 2152 705 congratulationis signum ostendit super eius secda fortuna. ⁋ Altero si id ostendit tantum ex cupiditatis suae mo, quod
486 702 2149 752 non ob amicum delectatur, sed ob se ipsum, dicendo placet mihi tua prospera fortuna, hac enim via beneficium abs te
484 747 2157 796 consequar. Plerique namque in hoc regno & in aliis praesertim laicorum erga benficiatos amicos in hoc delinquunt,
481 787 2162 841 de illorum promotione ipsorum gratiam minime curant: sed vt ipsi de crucifixi bonis reficiantur, sicut ancillae sunt
485 830 2158 891 in manibus dmae suae, ita sunt istorum manus semper aptae vt recipiant: & numquam sunt in sacerdotis vita contenti
484 881 2149 943 antequam ille anima, exhalat. tunc autem quando est in mortis periculo, omnia praedonum more asportant. ⁋ Dubitatur an virilis
499 936 2150 984 hominis est nonnunquam fiere. ⁋ Renondetur quod sic, pietatis causa. Nam veritas ipsa & perfectissimus hominim domns noster le¬
489 975 2158 1034 sus Christus, videns ciuitatem Hierusalem excidendam fleuit super illam, & in lazari resnscitatione, & vt hymnus
497 1012 2158 1078 attestatur vitam ab lachrymis, vt reliqui homines auspicatus est, vnde canitur. Vagit infans inter arcta positus praesae¬
495 1077 2152 1130 pia. Etiam magnanimus tristatur recordatione peccatorum a se commissorum & tam profunda tristitia absorbe¬
480 1112 2148 1168 ri potest, & talis habitudinis esse vt in lachrymas prorumpere cogatur quod perfectionis esse indicat illud, Laua¬
484 1159 2149 1214 bo persing. noct. lectum meum, & lachrymis meis stra, meum rigabo. Quin etiam audita re lugubri, aut recita¬
481 1212 2148 1266 ta passione domini viriles etiam animi soluuntur in lachrymas, nam vt ledere in laetis est proprium hominis, ita flere in
494 1250 2152 1311 tristibus. Futili tamen & leui de causa flere, non est virilis animi. ⁋ Secundo dubitatur, an amici praesentia ami¬
494 1302 2155 1359 ci tristitiam diminuit & quomodo. ⁋ Tertio, quia de vtraque fortuna loquuti sumus quid est prospera fortuna,
497 1347 2147 1407 & quid aduersa & quid ipsa deinde fortuna. ⁋ Ad secundum dicitur quod experimento cognoscitur amici praesen
486 1399 2134 1453 tia cam esse leuaminis, quia amicus partem tristitiae amici tristantis capit, sicut pondus lenius fertur a duobus
479 1438 2147 1502 quam ab vno vt dicit Aristoteles in litera, & Marcus Tullius in libro de amicitia. Vbi sic ait. Quis esset tam
485 1495 2140 1546 tus fructus in prosperis rebus nisi haberes, qui illis aeque ac tu ipse gauderes. Aduersas vero ferre diffici¬
485 1534 2153 1594 le esset, sine eo qui eas grauius etiam quam tu ferret. Secundas res splendidiores facit amicitia, & aduersas partiens
486 1586 2140 1640 ommunicansque facit leuiores. Sicut in analogia ponderis non dicit omnimodam silitudinem, quondm dum idem pondus a duobus
486 1627 2141 1684 fertur, priori rata alleuatur, accidens autem quod est tristitia, non sic diminuitur, ice praesentia amici onus tristitiae alleuat.
484 1682 2147 1740 & nouam tristitiam capit, ergo sic diuiditur tristitia in fortunati & pers ab amico suscipitur. Mirum etiam est quod Burida
482 1732 2137 1780 nus non sic Tullium intellexit & Aristotelem quem Tullius in libro illo totalr imitatur. In hac sane intelligentia
484 1768 2149 1823 nulla est difficultas. Dico ergo quod plerique sunt qui magis amari quam amare volunt, quibus placet dolor amici
486 1817 2149 1870 superuenientis, de per accidens, eo quod se ab amicis dilectos sentiunt, & eorum tristitia, propria remittitur. Sedo amicus
479 1867 2148 1925 superueniens est ab amico plurimum dilectus, & in illa apprehensione intuitiua plurimum gaudet. Videmus enim quod cum de
481 1910 2151 1975 amico plurimum dilecto absente sermo icidit plurimum delectamur, & sermonem vltro protrahimus, nonnumquam
487 1956 2150 2017 vsque ad aliorum fastidium. Quid ergo erit in amici praesentia? id igitur gaudium cumtristitia ipetinente non aduersatur,
481 2007 2150 2062 tristitiam mitigat, cui non formatr, set, virtualitet contrariatur. Est etiam ob minorem aiaduersionem ad obiectum tri¬
481 2055 2155 2115 stitiae & consolationem ab amico, tamquam qui sanitatem corperis ab infirmo expectat. Insuper affabilis amicus tristitiae
479 2108 2148 2156 causa, mitigat: nam si bona fortunae amissa fuerint ob eorum instabilitatem docet non esse dolendum. Etiam de suis
488 2141 2155 2205 rebus si operaeprecium sit, illi succurrit. ⁋ Contra haec tamen obiicitur sic. Manente causa manet effectus, mors liberorum e
490 2189 2153 2251 causam tristitiae quae manet & tristitia let amicus superueniat, manebit. Insuper virilis per amici accessum amicum tri¬
487 2234 2138 2293 stari setiens tristatur, ergo nouam tristitiam acquirit, & sic eius tristitia augetur. ⁋ Ad primum rempendetur quod notitia mor
481 2284 2152 2341 tis, & nolitio eam euenisse est causa propinquam tristitiae quae & tolli & remitti potest. Mors reipsa. ⁋ Ad hoc nihil
487 2336 2140 2391 facit, cum putata mors quae re ipsa est vita idem faceret, vt parta in Solone ad luctum filii falso mortui concitato
481 2378 2144 2437 Mvtilene per Thaletem. ⁋ Ad secunm, transeat quod infortunatus virilis super tristitia amici tristatur, se, quia solamen
493 2428 2150 2479 aliunde acquisitum est maius realtur, prior tristitia & tota remittitur. ⁋ At tertiam dubitationem dicitur quod fortuna
488 2476 2147 2530 secundm communiter loquentes nihil aliud est nisi accidentium rerum subitus ac iopinatus euentus. Et cui res sedae succedunt
493 2524 2146 2574 dicitur hare prosperam fortunam, cui vero infaustae, aduersam & duram fortunam habe dicitur. Et sic puer affectu fortuito ca
495 2566 2137 2626 pitur. Hinc vulgus dicit hoc tale concessum a Fortuna, quam ethnici vulgares deam finxerunt seudm illud lu
488 2611 2134 2670 uenalis. Te facimus fortuna deam caeloque locamus. Teste diuo Augusti. lib. iiii. de ciuit. dei. Romani deam
496 2658 2144 2712 Fortunam posuerunt. Sed quia fortuna apud omnes dicitur quandoque bona quandoque vero mala, eorum dea mala esset, hoc
487 2707 2150 2764 autem est absurdissimum. Fortuna puer effectu fortuito nihil aliud est quam effectus ab agente secudm propositum produ¬
483 2749 2148 2814 ctus ab eo non intentus ab eo, extra semper & frequaenter, qui est notabilis boni vel mali. Vt fractio tibiae praeter i¬
491 2807 2147 2857 tentionem, hoc mono dicitur fortuna, vel inuentio thesauri in muro dimolito, & sic vulgariter capitur. Ab Ari¬
486 2852 2143 2906 stotele sedo Physicorum capitur puero illo quod est causa per accidens, hoc est non intendens effectum, qui est notabilis bo¬
487 2895 2147 2951 ni vel mali. Agens secunm propositum & illum effectum non saepius producens, vt creatura rationalis quae est agens a pro¬
478 2937 2143 2998 posito est fortuna respectu effectus cui connotatio termini per diffinitionem explicati convenit. Sed de
483 2988 2150 3044 fato non solum ethnici verum etiam vulgares christiani plurimum aberrant. Putant enim ipsum rebus necess
490 3031 2147 3086 sitatem imponere, vt poeta de paride loquens ait. Te tua fata trahunt ne fata relinquere possis. Et si forte
487 3078 2150 3134 equus moritur, dicit vulgus hoc esse illi fatale, cum a casu & fortuna vel malo equi regimen id euenit.
486 3126 2151 3182 Nullum enim est fatum tale, teste Augustino quinto de ciuitate dei. Non tamen negandum est quin
487 3171 2144 3234 posset esse hominis inclinatio ad hoc vel ad illud a sideribus, tamen necessitas vel prouidentia dei circa
474 3220 2114 3289 creaturas est contingenter, sed neque hoc neque illud apud nos est fatum dicendum more gentilium aut vulgarium.
