2368 3599
213 271 1890 360 De sensuali voluptate potissimum in septimo ethicorum loquutus est. In septimo enim de incontinen¬
202 345 1876 400 tia & eius opposito signanter loquutus est quibus voluptas corporalis communicatur: proinde aliter de
201 396 1868 454 voluptate in septimo & aliter in hoc decimo loquitur. Quidam astruunt voluptatem esse summum bo¬
205 440 1880 493 num vt epicurus & eudoxus. Quidam contra (vt stoici) grande admodum ducunt esse malum. Et hi sunt
195 488 1884 531 duplices: quidam eorum ita reuera censent esse, scilicet omnem voluptatem esse vehementer prauam: se¬
207 535 1877 594 cundi putant ad nostram vitam satius esse monstrare voluptatem esse prauam tametsi mala non sit: quod
205 580 1873 645 multi ad ipsam procliuiores feruntur, voluptatibus inseruientes: & propterea ad oppositum ipsos allicere
196 628 1870 677 salubre ducunt. Hoc enim calle ad medium peruenient: vt in calce secundi libri diximus, de incuruato mu
208 676 1882 735 crone exemplificantes. Postea arguit eos qui astruunt voluptatem esse bona, & eam verbis insectantur. Et
195 725 1874 782 ponit vnam bellam conclusionem orthodoxaeque fidei consentaneam, quae est haec. Fortasse autem hoc non
197 771 1873 821 bene dicitur: hoc est incircunspecte facit is, qui scit voluptatem esse bonam & eam malam asseuerat. Con¬
199 818 1884 878 ciones enim quae de affectibus & operationibus fiunt minus creduntur quam opera. In valore sic discurrit cre
208 862 1874 914 dentes voluptates esse bonas nonnunquam eas verbis persequuntur: sed minus sermonibus quam operibus fidei tri¬
208 906 1880 967 buitur: Dum sermones actibus humanis qui sensu percipiuntur discrepant, tunc spernuntur dicentes, &
212 958 1881 1021 veritatem ipsam infirmant. Cuius enim vita despicitur (teste Gregorio,) restat vt eius praedicatio contemna
207 1006 1872 1065 tur. Et ideo Actuum primo. Incepit lesus facere & docere: praeponitur facere tanquam difficilius. Propterea
199 1054 1888 1108 quidam data opera ad populum concionando penultimam de facere elongauit & penultimam de docere
202 1096 1876 1161 abbreuiauit: quia hoc est facile: istud vero difficile. Et aiax thelomonius improperans vlyssi dicebat: tibi con¬
205 1150 1886 1206 cessum est eloqui non autem decore facere: mihi autem facere. ltaque sibi ipse priores partes laudis assumpsit.
204 1187 1887 1252 Qui voluptatem vituperat verbis, si visus fuerit eam interdum anxie quaerere: ad ipsam illam volupta¬
204 1231 1882 1284 tem & immo ad omnem inclinari videbitur. Et quia aliquis diceret non ad omnem sed ad eam quam in¬
206 1283 1876 1342 sequitur, dicit quod distinguere quae voluptas est studiosa, quae vero praua, non est imperitae multitudinis: &
206 1331 1891 1384 ita siquis talis ad vnam inclinatur, ad omnem inclinari posse videtur. Postea obiter occurrentem conclusio¬
203 1376 1876 1429 nem ponit: quae est haec. Sermones veri non solum ad sciendum, sed etiam ad viuendum sunt maiorem imi
209 1424 1887 1480 modum vtiles. Hoc est veritas duo bona vendicat. Probatur haec tertia conclusio sic. Sermones illi sunt
202 1474 1887 1536 perutiles qui verum stipant solidantque: at quando actibus humanis sunt consentanei sunt huiusmodi: igi
204 1517 1885 1567 tur. Minor patet. Quia tunc illos hortantur qui sermocinantes intelligunt, viuere vt ipsi verbis definiunt
202 1560 1888 1637 Ex litera patet, mendacio neminem trahendum ad bonum: secundum deiloquum apostolum ad Roma¬
211 1605 1026 1659 nos. Non sunt facienda mala vt inde eueniant bona
199 1636 1887 1716 ⁋ Contra, dicis mentiri possum aut saltem illudere vt hominem ad bonum inducam. Si carnifex quae¬
205 1703 1886 1755 rat hominem in mea domo ad mortem: licite dico non est in domo mea, id est non comedit in domo mea.
213 1752 1875 1812 vt sit tertia persona de edo. Et lacob a diuo Augustino & aliis bene sentientibus excusatur a peccato qui di
217 1797 1873 1855 cebat se esse Esau: de his fusius in sententiis loquutus sum & non nihil super hoc opus: quocirca nunc pertranseo.
207 1841 1873 1892 ⁋ Dubitatur contra has duas conclusiones. Nam videntur esse veritatis suspectae. Si egregius concionator
203 1886 1879 1937 insectetur intemperantiam, & fractionem ieiunii: nemo per hoc arbitratur frangere ieiunium non esse pec
213 1937 1885 1995 catum. Cui consonat Christus domns in euangelio Matth. xxiii. dicens. Super cathedram Moysi sedent Scri¬
209 1981 1875 2041 be & Pharisaei quae dicunt vobis facere facite: & quae faciunt nolite facere. ac si dicat. Suscipite eorum salu¬
204 2029 1876 2096 brem doctrinam, eorum perditos mores detestantes. Respondetur quod hoc est verum quando constat de ve
211 2076 1879 2136 ritate veri, & de operis malitia, non autem in verbo ambiguo: vt est in exemplo philosophi. Talis concio¬
212 2120 1888 2174 nator reuera non est egregius sed seminiuerbius: qui quod dixerat verbo, opere infirmat. Perinde acsi me¬
215 2172 1879 2224 dicus praedicans alas perdicum esse malas, & tamen ipse auidius illas mandit, quis illi crediderit? Quilibet id
220 2219 1892 2286 agit quod arbitratur sibi esse bonum actualiter & in particulari, septimo ethicorum: circa particularia sunt
221 2273 1889 2325 operationes, & affectus. At non oportet quemlibet dicere illud quod ei videtur bonum, primo elencho¬
214 2319 1894 2373 rum. Non eadem volunt & dicunt homines: dicunt enim decoratissimas orationes, volunt autem ea quae
210 2357 1897 2407 videntur prodesse. Et patet de concionante contra pluralitatem sacerdotiorum & plura tenente siue in ti¬
224 2412 1899 2467 tulum siue in vt dicunt commendam. Immo concionator supradictus ieiunium facto interimit signanter
220 2455 1896 2512 apud vulgus ad intemperantiam procliue: sic enim ratiocinatur. Quicquid dixerit iste in concione, nunc
213 2497 1891 2552 in coena commedere non est peccatum: quia iste legem nouit & suam animam diligit: si esset delictum non
218 2546 1892 2599 manducaret. Ad terrorem ergo haec verba dixit: & propterea scandalum actiuum apud sapientes est gran
216 2590 1888 2645 de nephas: & in occulto ieiunium infringere est minus detestabile. Verum haec sunt separabilia apud sapien¬
220 2642 1882 2700 tes. Licet enim verbi diuini declamator tetra libidine sit famosus, non oportet eum in libidine imitari:
233 2688 1882 2743 propterea Christus praecepit relinquere eorum scelestam vitam & amplecti eorum sermones. Actus arctius
226 2739 1888 2799 mouent quam verba: & in operibus aliud superne carpi solet. quod vnico exemplo rursum detegitur. In conci¬
211 2781 1890 2842 lio Niceno erat philosophantium quidam qui a gentilitio delirio nullis argumentationum inuolucris ad
217 2827 1883 2885 fidem trahi poterat. Prosiliit in medium quidam annis grauis illibatae vitae nexuum dialecticorum igna
220 2876 1881 2928 rus, prudenter cum philosopho captionibus imbuto disserens. Vitae nitorem philosophus intelligens mox
208 2919 1897 2976 baptismum suscepit inquiens. donec meandris scholasticis mecum ageretur, verbis verba opposui: vbi pro
214 2969 1895 3022 verbis vitae candor processit: reluctari nequiui. Vt autem paucis agam si vita concionantis verbis sit con¬
215 3017 1888 3065 cors sermo eius est efficax, & verificatur maxime de illo dictum apostoli ad hebraeos quarto. Viuus est sermo
207 3059 1892 3117 dei efficax & penetrabilior omni gladio ancipiti: & pertingens vsque ad diuisionem animae ac spiritus. Et hoc
223 3113 1885 3178 videmus ad oculum in hominibus excellentis vitae, qui rudioribus verbis plebem ad aethera trahunt.
214 3157 1765 3217 Non enim in sublimitate sermonis venit apostolus ad Corinthios vt ipse. i. Corinth. secundo ait.
