2294 3608
721 275 2163 368 eV Vdoxus itaque voluptatem ex eo summum bonum esse putabat, quia cer¬
806 352 2156 434 nebat vniuersa ipsam affectare: & quae rationem habent, & quae expertia
799 400 2155 483 sunt eiusdem. Atque in cunctis quod est expetibile, bonum esse, & quod ma
802 461 2147 535 xime est expetibile, optimum esse. Vniuersa vero ad idem ferri decla¬
770 504 2147 593 rat, omnibus illud optimum esse. Vnumquodque enim id quod est sibi bo¬
758 547 2143 635 num inuenire dicebat, quemadmodum & alimentum. Quod igitur vni¬
482 632 2155 697 uersis est bonum, quodque cuncta affectant, id esse summum bonum aiebat. Huius autem vi
488 676 2159 770 ri rationes ob moris magis virtutem, quam propter seipsas credebantur, valde enim videbatur
483 742 2158 816 esse modestus, non igitur vt voluptatis amicus haec dicere videbatur, sed quia vere res ita
488 787 2158 859 se habent. Non minus autem hoc manifestum esse censebat, & ex contratio. Dolorem enim
490 847 2153 921 etiam dicebat fugiendum per se omnibus esse. ltaque contrarium expetibile esse simili modo.
487 901 2155 972 Maxime autem id expetibile esse, quod non ob aliud, neque cuiusquam expetimus gratia, atque tale
491 963 2147 1028 ipsam esse sine controuersia voluptatem, neminem enim interrogas, cuiusnam gratia capiat
479 1021 2143 1096 voluptatem, propterea quod per seipsam expetibilis est ipsa voluptas: facereque ipsam quoduis
472 1067 2153 1144 bonum expetibile magis si illi addatur, vt iustas operationes temperatasve: & incrementa
469 1124 2156 1208 suscipere bonum ipsum seipso. Videtur autem haec ratio voluptatem ostendere bonum esse,
468 1181 2143 1258 & non magis quam aliud bonum. Omne enim bonum expetibilius est cum alio bono, quam solum.
484 1238 2152 1314 Tali itaque ratione & Plato tollit voluptatem summum esse bonum. Vitam enim iucundam
478 1298 2146 1380 cum prudentia dicit expetibiliorem esse quam si sit sola. Qua si mixtum est praestabilius voluptatem
476 1350 2140 1425 summum bonum non esse, nullo enim addito summum bonum se expetibilius fieri. Con¬
469 1408 2150 1476 stat autem nec aliud quicquam summum esse bonum, quod cum eorum aliquo quae sunt per se
476 1464 2153 1534 bona, expetibilius fit. Quid igitur est tale, cuius & nos participes sumus? Nam tale quaeri¬
481 1523 2134 1588 tur bonum. Qui vero negant bonum id esse quod omnia appetunt, ii nihil omnino dicunt.
480 1581 2138 1649 Quod enim vniuersis videtur, id esse dicimus. Qui autem fidem hanc tollit, non multo cre
479 1636 2136 1709 dibiliora dicet. Nam si ea solum quae mente carent, ipsam appeterent, esset aliquid quod di¬
481 1690 2139 1750 citur, sin vero & ea quae prudentiam habent ipsam affectant, qui fit, vt aliquid dicant? For¬
470 1748 2129 1820 tasse autem & in prauis est aliquod naturale bonum praestabilius quam ipsa per se sunt, quod
470 1806 2145 1876 proprium appetit bonum. Non videtur etiam & de contrario recte dici. Inquiunt enim, non
478 1863 2143 1938 si dolor sit malum, voluptatem continuo bonum esse. Aduersatur enim & malum malo, &
469 1914 2129 1973 ambo ei quod neutrum est. Atque haec non male dicunt, non tamen vere in iis quae sunt di¬
469 1971 2141 2041 cta. Si enim ambo essent mala, oporteret & fugienda vtraque esse, sin neutra, neutrum, aut si¬
481 2030 2139 2089 militer: nunc vero illum quidem fugere vt malum, hanc autem expetere tanquam bonum vi¬
477 2083 1099 2160 dentur: sic igitur & opponuntur.
523 2173 2144 2246 Vdoxus intaque voluptatem &c. Hic recitat opinionem quam Eudoxi voluptatem summum bonum arbitrabatur,
590 2237 2136 2303 primo hac ratione persuasus quod vniuersa cernebat voluptatem affectare: tam ea quae rationis sunt capacia quae
573 2282 2137 2337 ea quae rationis sunt expertia. In omnibus autem quod est expetibile illud est bonum, & illa quod est maxime expe
481 2324 2150 2387 tibile illud est optimum. Qa igitur vniuersa ad voluptatem ferantur illud ostendit eam esse summum bonum. Aiebat etiam
481 2374 2139 2432 Eudoxus vnumquodque inuenire id quod est ipsi bonum: quemadmodum quodli bet animal quaerit & in¬
479 2428 2133 2480 uenit quod sibi bonum est alimentum, vt carduos & tribulos asini, lacertos ciconiae, vermiculos & herbas
481 2478 2131 2536 pisciculi. Panem homines & fere animalia domestica: vnde sunt qui putant sic dictum quod pan est totum,
475 2523 2136 2578 quia toti animantium generi expetitur: Omnia autem voluptatem quaerunt. Quod igitur est cunctis bo
472 2572 2134 2624 num & quod cuncta desiderant id aiebat esse summum bonum. Vis rationis iacet in hoc: Illud est summum
478 2609 2144 2669 bonum quod ab omnibus appetitur: si ab omnibus appetitur sua bonitate omnes ad se trahit. At volu¬
474 2662 2147 2721 ptas est huiusmodi: igitur. Eudoxi rationi morum elegantia plus momenti tribuit quam ratio ipsa valeret, ne
473 2711 2141 2760 mo credebat Sardanapalo in alimento & venereis summum bonum ponenti: quia helluo & lubricus erat.
480 2750 2135 2813 Lurchones & intemperantes contemnimus cum eorum dictis. Valde enim modestus Eudoxus videbatur
474 2796 2146 2867 hoc est erat. Licet exteriora (vt in hypocritis) vix hominis probitatem concludant, in euidentibus tamen
480 2844 2140 2912 vtimur illo modo loquendi vt dicamus videtur. Non enim dicebat voluptatem esse summum bonum
470 2898 2153 2944 quia afficiebatur voluptatibus immo sua temperantia eas contempsit propterea plus ei credebatur. Deins
472 2937 2134 3009 de ponitur ratio secunda Eudoxi quae ex parte contrarietatis accipitur & est haec. Dolorem constat omni¬
481 2985 2133 3058 bus per se fugiendum esse: igitur doloris contrarium scilicet ipsam voluptatem ab omnibus expetendam.
476 3033 2140 3094 Momentum rationis in hoc stat. Cuius contrarium est malum & fugiendum, ipsum est bonum: at contra¬
476 3085 2140 3139 rium voluptatis scilicet dolor, est malum: igitur. Deinde ponit rationes Eudoxi quibus probare elaborat
486 3127 2152 3192 voluptatem esse summum bonum. Illud est summum bonum quod non ob aliud neque cuiusque alterius
484 3182 2134 3244 gratia expetimus: at voluptas est huiusmodi: igitur. Maior patet, quia per hoc vltimum finem in rebus
480 3227 2135 3277 humanis ostendimus. Minor patet, quia sine controuersia talis est voluptas. Neminem enim interrogas cu
465 3266 2137 3360 iusnam gratia indaget voluptatem: & id causae est, quia ipsa voluptas est per se ipsam, expetibilis. Si enim vo
