2358 3604
205 299 1889 397 luptas ordinaretur ad finem altiorem, recte inquireres quare voluptatem optas: sicut recte quaeritur quare
199 375 1876 435 comedis, & rite respondetur vt viuam. Scholasticus petit campos vt ludat: ludit vt recreetur, recreatur vt
199 423 1882 473 melius agat ac studeat & illic est status. Ratio secunda Eudoxi ad probandam voluptatem esse summum bo¬
200 471 1882 529 num siue quarta in ordine est haec. Illud quod cuicunque bono appositum facit illud eligibilius, est summum
194 513 1875 570 bonum: at voluptas est huiusmodi: igitur. Minor patet ex litera: vt iustas operationes temperatas ve ma¬
194 565 1876 629 gis expetibiles & incrementa suscipere: vt bonum ipsum seipso bono splendescit, dulcis enim est mixtura
202 608 1875 665 bonorum vt produnt. Sequitur prima conclusio huius capitis ex mente philosophi, qui hactenus aliorum
195 662 1869 715 dicta recitauit. Verum haec ratio Eudoxi est flaccida, solum monstrans voluptatem esse bonum: sed non ma¬
193 704 1879 762 gis quam aliud bonum: cum omne bonum cum alio est expetibilius quam ipsum solum. Sed eadem ratione cui inni
200 755 1867 803 titur Eudoxus subtrahit Plato voluptatem summum bonum esse. Dicebat enim. Ad assumptum Eudo¬
199 799 1866 855 xi sequitur voluptatem non esse summum bonum. Ad antecedens Eudoxi sequebatur oppositum conse¬
196 848 1867 901 quentis vt Platonici dixerunt: quoniam si voluptas alteri bono addita vtpote prudentiae congeriem bo
200 899 1869 957 norum meliorem facit quia vita iucunda cum prudentia, vitae iucundae soli praestat: sequitur voluptatem
199 950 1877 1005 non esse optimum quia illa congeries voluptati praestat, dicebat enim Plato summum bonum nullo addi¬
210 989 1879 1037 to meliorari posse. Subsequenter monstrat philosophus Platonem insufficienter respondere obiectui Eu¬
193 1035 1870 1085 doxi dicens si nihil alteri additum totum melius facit & est per se bonum: nullum bonum quo nos commu¬
192 1080 1867 1140 nicamus est per se bonum: & haec est secunda conclusio quam hic intendit. Si haec Platonis ratio vera esset
199 1128 1880 1190 & eius maior vera, clarum istud quoque esset: neque vllum quidem aliud esset summum bonum, quia nullum
196 1176 1873 1239 vnum est eligibilius per seipsum solum quam cum aliquo illorum bonorum quae sunt bona secundum seipsa.
201 1222 1878 1283 Nulla enim est virtutis bonitas quae sit eligibilior sine sapientia quam cum sapientia. Nec aliquod aliud bonum
190 1274 1884 1334 quo nos communicare possumus. Tale autem bonum inter morales philosophos indagatur: de bono sepa
196 1319 1867 1376 rato & diuino inter sapientes non contenditur. Neque solutio Platonicorum ad primam rationem Eudoxi
192 1364 1875 1412 valet. Haec est secunda conclusio huius capitis. Qui negant illud bonum esse quod omnia appetunt ii ni¬
189 1411 1875 1474 hil omnino dicunt: & sic in valore argumentatur. Omne illud est bonum quod vniuersi bonum esse cen¬
190 1458 1878 1521 sent: & quod omnes morales expetunt illud esse bonum censent: ergo illud est bonum quod vniuersi expetunt.
203 1506 1870 1562 Secundo si solum ea animalia quae mentis & rationis expertia sunt vt belluae & amentes, voluptatem appete¬
195 1554 1876 1602 rent tunc cum colore platonici loquerentur: ad cum ea animalia quae prudentia praedita sunt voluptatem cu¬
190 1600 1876 1656 piant, qui fit vt aliquid apparenter dicant? Et si praui voluptatem appetant non sequitur voluptatem esse
189 1651 1879 1708 malam, quia in prauis naturale bonum valentius quam ipsa per se sunt bona: puta bonum diuinum quod pro¬
200 1691 1876 1763 prium appetit bonum vt in septimo diximus capite penultimo, omnia nanque diuinum quid habent na¬
190 1740 1867 1803 tura. Nec etiam Platonici eluunt rationem quae de contrario assumebatur. Hic ponitur quarta conclusio.
200 1782 1861 1840 Inquiunt non statim fieri: si dolor malum est voluptas est bonum: quia contrariatur malum malo & am¬
184 1826 1869 1889 bo mala scilicet extrema ei quod neutrum est: scilicet medio. Neque haec quidem inerudite dicunt quia reue¬
194 1886 1874 1941 ra malum malo & medio aduersatur prodigalitas: illiberalitati & liberalitati aduersatur. Sed in proposito
187 1928 1867 1984 hic non soluit: quia ambo & dolor & voluptas mala non sunt. Si enim ambo essent mala oporteret ambo
193 1976 1864 2026 fugienda esse: quae enim in genere malo conueniunt ea ipsa in eius proprietate conuenient, fugiendum sal¬
193 2020 1868 2087 tem nominaliter est malum: sin neutra neutrum, hoc est si neutra sint mala sed bona aut neutra neutrum
187 2068 1866 2122 est fugiendum: aut similiter de vtroque censeas, si sint mala quantum ad fugiendum prosequendum aut hu¬
199 2116 1870 2178 iusmodi. At non est ita, nam constat eos dolorem vt malum fugere, voluptatem ceu bonum petere sic igi¬
186 2161 1867 2222 tur, & opponuntur, sicque aduersantur vt bonum malo: proinde Plato haud sufficienter rationes Eudoxi
186 2207 1853 2261 diluit. ⁋ Dubitatur de vno dicto probando: bonum bono superadditum non reddit totum praestabilius:
193 2258 1868 2311 deus & creatura non est praestabilior deo solo: opposito enim dato sequitur aliquid saltem congeriem esse
196 2303 1863 2365 deo perfectiorem quod est rationi dissentaneum. Respondetur quod dum vna pars totius est infinitae perfe¬
187 2349 1860 2407 ctionis a qua tota creaturae perfectio dependet, aggregatum non est illo infinito, si sit solo deo perfectius. vn¬
193 2399 1868 2464 de fit quod asinus ex ludaea in Agyptum fugiens non portauit nobilius pondus quam Christifera virgo Christum dum
181 2445 1864 2505 in vlnis portans: & licet binarius almae virginis & Christi specie differret a verbo incarnato, non est superior
193 2497 1864 2551 perfectio in toto quam in parte: cum aggregati nobilitas a partis perfectione proficiscatur: secus in omnibus
177 2542 1864 2601 creatis quare recte Aristoteles in Platonem ait: summum bonum cuicunque bono additum totum praesta¬
190 2587 1855 2641 bilius reddit. ⁋ Dubitatur secundo quisnam fuit iste Eudoxus. Respondetur quod erat schinis Demosthe¬
179 2627 1862 2688 nis aemuli filius auditorque Socratis, Platonis sodalis, patria. Gnidius: est enim Gnidus Ciliciaeciuitas fuit hic
181 2685 1869 2751 mathematicus summus & medicus: legesque scripsit. Fuit & alter Eudoxus Rhodius historicus. Fuit &
179 2729 1177 2800 tertius Siculus de genere Agathoclis tyranni, poeta Comicus.
601 2808 1444 2900 Tract. I. Et Lib. X. Cap. III.
470 2874 1859 2963 Tqui neque si voluptas non est qualitas propter hoc bonum non est. Neque
463 2964 1863 3031 lenim operationes virtutis sunt qualitates, neque foelicitas ipsa. Dicant etiam,
472 3011 1859 3086 bonum quidem ipsum definitum esse, voluptatem vero indefinitum: quia
442 3066 1856 3129 suscipit intentionem remissionem ve. Si igitur ex eo quia magis voluptas
459 3108 1859 3198 minusve capitur hoc iudicant, erit idem & circa iustitiam caeterasque omnis
473 3178 1868 3240 virtutes, quibus manifeste dicunt magis minusve tales eos esse qui ipsas ha
181 3228 1864 3304 bent, nam magis sunt iusti fortesve. Et fit, vt & iuste agatur ac temperate magis & minus.
181 3282 1873 3380 ⁋ Sin in voluptatibus hoc inquiunt esse, videant ne fortasse non dicant causam: si volupta
