<?xml version="1.0" encoding="UTF-8" standalone="yes"?>
<PcGts xmlns="http://schema.primaresearch.org/PAGE/gts/pagecontent/2013-07-15" xmlns:xsi="http://www.w3.org/2001/XMLSchema-instance" xsi:schemaLocation="http://schema.primaresearch.org/PAGE/gts/pagecontent/2013-07-15 http://schema.primaresearch.org/PAGE/gts/pagecontent/2013-07-15/pagecontent.xsd">
    <Metadata>
        <Creator>prov=University of Rostock/Institute of Mathematics/CITlab|PLANET AI GmbH/Gundram Leifert/gundram.leifert@planet-ai.de:name=cod-MaEth8-m2(htr_id=30545)::::v=2.6.7
prov=University of Rostock/Institute of Mathematics/CITlab|PLANET AI GmbH/Tobias Gruening/tobias.gruening@planet-ai.de:name=de.uros.citlab.module.baseline2polygon.B2PSeamMultiOriented:v=2.6.7
prov=University of Rostock/Institute of Mathematics/CITlab|PLANET AI GmbH/Tobias Gruening/tobias.gruening@planet-ai.de:name=/net_tf/LA73_249_0mod360.pb:de.uros.citlab.segmentation.CITlab_LA_ML:v=2.6.6
Transkribus</Creator>
        <Created>2021-01-31T23:15:17.590+01:00</Created>
        <LastChange>2021-02-26T19:21:31.797+01:00</LastChange>
        <TranskribusMetadata docId="597563" pageId="23819865" pageNr="331" tsid="53134377" status="IN_PROGRESS" userId="25065" imgUrl="https://files.transkribus.eu/Get?id=QUCGSWAARPIMHUKEVOWSGJJX&amp;fileType=view" xmlUrl="https://files.transkribus.eu/Get?id=WCLILZSJBVAXPSXOZELWHFUP" imageId="18280319"/>
    </Metadata>
    <Page imageFilename="330.jpg" imageWidth="2376" imageHeight="3612">
        <ReadingOrder>
            <OrderedGroup id="ro_1614432153017" caption="Regions reading order">
                <RegionRefIndexed index="0" regionRef="r1"/>
            </OrderedGroup>
        </ReadingOrder>
        <TextRegion orientation="0.0" id="r1" custom="readingOrder {index:0;}">
            <Coords points="224,243 224,3404 1905,3404 1905,243"/>
            <TextLine id="r1l4" custom="readingOrder {index:0;}">
                <Coords points="217,399 1894,391 1894,333 1454,308 217,321"/>
                <Baseline points="228,380 310,378 393,377 476,375 559,374 641,374 724,374 807,372 890,372 972,372 1055,372 1138,372 1221,374 1303,374 1386,374 1469,375 1552,375 1634,377 1717,377 1800,378 1883,380"/>
                <TextEquiv>
                    <Unicode>Omne bonum est definitum &amp; determinatum: at voluptas non definita, quia non consistit in aliquo vno certo,</Unicode>
                </TextEquiv>
            </TextLine>
            <TextLine id="r1l5" custom="readingOrder {index:1;}">
                <Coords points="217,444 1897,436 1867,386 217,398"/>
                <Baseline points="227,426 310,425 393,424 476,423 559,422 642,422 725,420 808,420 891,420 974,420 1057,420 1140,420 1223,420 1306,420 1389,420 1472,421 1555,422 1638,423 1721,423 1804,425 1887,426"/>
                <TextEquiv>
                    <Unicode>pinde non est bonum. In quarto mo secundo figurae. Accedo ad literam, si censent voluptatem quid indefinitum &amp; malum</Unicode>
                </TextEquiv>
            </TextLine>
            <TextLine id="r1l6" custom="readingOrder {index:2;}">
                <Coords points="223,480 1909,476 1775,430 223,440"/>
                <Baseline points="234,473 317,472 400,471 483,471 566,470 650,470 733,468 816,468 899,468 982,468 1066,468 1149,468 1232,468 1315,468 1398,468 1482,468 1565,470 1648,470 1731,471 1814,473 1898,474"/>
                <TextEquiv>
                    <Unicode>suscipit magis &amp; minus: vel intelligunt de subiecto virtutis aut delectationis &amp; tunc erit idem circa iusti¬</Unicode>
                </TextEquiv>
            </TextLine>
            <TextLine id="r1l7" custom="readingOrder {index:3;}">
                <Coords points="229,528 1813,542 1906,529 1906,479 229,484"/>
                <Baseline points="240,518 322,518 405,518 488,518 571,516 653,516 736,516 819,516 902,515 984,515 1067,515 1150,515 1233,515 1315,515 1398,515 1481,516 1564,516 1646,518 1729,519 1812,520 1895,522"/>
                <TextEquiv>
                    <Unicode>tiam &amp; reliquas virtutes, quibus aperte dicunt eas habentes magis vel minus esse: vt magis iustos minus</Unicode>
                </TextEquiv>
            </TextLine>
            <TextLine id="r1l8" custom="readingOrder {index:4;}">
                <Coords points="221,584 1892,582 1892,528 221,528"/>
                <Baseline points="231,566 313,566 396,566 478,564 561,564 643,563 726,563 808,563 891,562 973,561 1056,561 1138,561 1221,561 1303,561 1386,561 1468,563 1551,563 1633,564 1716,566 1798,567 1881,569"/>
                <TextEquiv>
                    <Unicode>ve, &amp; fortes. fit certe vt quid magis &amp; minus agatur &amp; iuste &amp; temperate. Ex hoc passu trahitur argumen¬</Unicode>
                </TextEquiv>
            </TextLine>
            <TextLine id="r1l9" custom="readingOrder {index:5;}">
                <Coords points="215,634 1896,635 1896,587 1827,577 215,586"/>
                <Baseline points="224,614 307,612 390,612 473,611 556,611 639,611 722,609 805,609 888,609 971,609 1055,609 1138,609 1221,609 1304,609 1387,609 1470,611 1553,611 1636,612 1719,612 1802,614 1886,615"/>
                <TextEquiv>
                    <Unicode>tum quod subiectum formae intenditur. Et coloratur ratione: forma intensa discrepat ab ea quae pauciores</Unicode>
                </TextEquiv>
            </TextLine>
            <TextLine id="r1l10" custom="readingOrder {index:6;}">
                <Coords points="213,684 1895,671 1661,617 213,634"/>
                <Baseline points="224,662 307,662 390,660 473,659 556,657 639,657 722,657 805,656 888,656 971,656 1054,656 1137,656 1220,656 1303,657 1386,657 1469,657 1552,659 1635,659 1718,659 1801,660 1884,660"/>
                <TextEquiv>
                    <Unicode>gradus habet, proinde haud est eadem forma intensa &amp; remissa, metaphysice loquendo: at subiectum for¬</Unicode>
                </TextEquiv>
            </TextLine>
            <TextLine id="r1l11" custom="readingOrder {index:7;}">
                <Coords points="220,714 1910,726 1893,666 220,676"/>
                <Baseline points="231,705 314,705 397,705 481,705 564,705 648,704 731,704 814,704 898,704 981,704 1065,704 1148,704 1231,704 1315,704 1398,704 1482,705 1565,705 1648,705 1732,707 1815,708 1899,710"/>
                <TextEquiv>
                    <Unicode>mae est idem numero. ldem etiam concedit de forma. Sed haec sunt physicae perscrutationis &amp; ab hoc insti¬</Unicode>
                </TextEquiv>
            </TextLine>
            <TextLine id="r1l12" custom="readingOrder {index:8;}">
                <Coords points="217,766 1785,777 1906,760 1906,717 217,722"/>
                <Baseline points="227,753 310,753 393,753 477,752 560,752 644,752 727,752 810,752 894,752 977,751 1061,750 1144,750 1227,750 1311,750 1394,752 1478,752 1561,752 1644,753 1728,753 1811,755 1895,756"/>
                <TextEquiv>
                    <Unicode>tuto aliena. Sequitur litera. Sin in voluptatibus hoc inquiunt esse. In abstracto &amp; non in subiecto quod volu¬</Unicode>
                </TextEquiv>
            </TextLine>
            <TextLine id="r1l13" custom="readingOrder {index:9;}">
                <Coords points="228,820 1897,820 1897,768 1833,762 228,762"/>
                <Baseline points="239,798 321,798 403,800 486,800 568,800 651,800 733,798 815,798 898,798 980,798 1063,798 1145,798 1227,798 1310,798 1392,798 1475,798 1557,800 1639,800 1722,801 1804,803 1887,804"/>
                <TextEquiv>
                    <Unicode>ptatis sunt: inde finitae quia suscipiunt magis &amp; minus, videant ipsi ne causam vniuersaliter dicant: quo¬</Unicode>
                </TextEquiv>
            </TextLine>
            <TextLine id="r1l14" custom="readingOrder {index:10;}">
                <Coords points="222,860 1897,868 1874,812 222,816"/>
                <Baseline points="233,846 315,846 398,846 481,846 563,846 646,846 729,846 811,846 894,846 977,846 1060,845 1142,845 1225,845 1308,845 1390,846 1473,846 1556,846 1638,848 1721,848 1804,849 1887,851"/>
                <TextEquiv>
                    <Unicode>niam voluptatum aliae sunt impurae &amp; mixtae: &amp; quaedam est puta in summo: &amp; ista non suscipit magis</Unicode>
                </TextEquiv>
            </TextLine>
            <TextLine id="r1l15" custom="readingOrder {index:11;}">
                <Coords points="223,904 1906,921 1906,867 1835,859 223,860"/>
                <Baseline points="234,893 317,894 400,894 483,894 566,894 649,893 732,893 815,893 898,893 981,893 1065,891 1148,891 1231,891 1314,891 1397,891 1480,893 1563,893 1646,894 1729,895 1812,897 1896,899"/>
                <TextEquiv>
                    <Unicode>&amp; minus. Caliditas est pura quae nihil contrarii habet: quae est in summo non amplius naturaliter inten¬</Unicode>
                </TextEquiv>
            </TextLine>
            <TextLine id="r1l16" custom="readingOrder {index:12;}">
                <Coords points="227,958 1900,959 1825,905 227,901"/>
                <Baseline points="237,939 319,941 402,941 484,941 567,941 650,941 732,941 815,940 898,939 980,939 1063,939 1146,939 1228,939 1311,939 1394,939 1476,939 1559,940 1642,941 1724,942 1807,944 1890,945"/>
                <TextEquiv>
                    <Unicode>sibilis. Item quid prohibet de sanitate quae definita bonitate existit quod suscipiat magis &amp; minus: non enim</Unicode>
                </TextEquiv>
            </TextLine>
            <TextLine id="r1l17" custom="readingOrder {index:13;}">
                <Coords points="231,1008 1895,1005 1895,959 1770,949 231,956"/>
                <Baseline points="240,986 322,987 404,987 486,987 568,987 651,987 733,987 815,987 897,987 979,986 1062,986 1144,986 1226,986 1308,986 1390,986 1473,987 1555,987 1637,987 1719,989 1801,990 1884,990"/>
                <TextEquiv>
                    <Unicode>est in omnibus eadem temperatio siue mensura humorum, nec vna semper in eodem animali: sed cum sa</Unicode>
                </TextEquiv>
            </TextLine>
            <TextLine id="r1l18" custom="readingOrder {index:14;}">
                <Coords points="220,1050 1900,1055 1900,1005 1589,992 220,1008"/>
                <Baseline points="231,1034 318,1034 405,1035 492,1035 580,1035 667,1035 754,1035 842,1035 929,1034 1016,1034 1104,1034 1191,1034 1278,1034 1366,1034 1453,1034 1540,1035 1628,1035 1715,1035 1802,1037 1890,1038"/>
                <TextEquiv>
                    <Unicode>nitas remittitur permanet ad aliquem limitem vsque sub quo erit aegritudo: quia sub illo limite erit humo</Unicode>
                </TextEquiv>
            </TextLine>
            <TextLine id="r1l19" custom="readingOrder {index:15;}">
                <Coords points="217,1089 1897,1101 1861,1045 217,1043"/>
                <Baseline points="228,1082 315,1082 402,1082 489,1082 577,1082 664,1082 751,1082 839,1082 926,1080 1013,1080 1101,1080 1188,1080 1275,1080 1363,1080 1450,1080 1537,1080 1625,1082 1712,1082 1799,1083 1887,1085"/>
                <TextEquiv>
                    <Unicode>rum disproportio: Et sic inter sanum aegrumque non est dare medium: &amp; per consequens sunt contraria im¬</Unicode>
                </TextEquiv>
            </TextLine>
            <TextLine id="r1l20" custom="readingOrder {index:16;}">
                <Coords points="217,1131 1890,1149 1828,1087 217,1089"/>
                <Baseline points="227,1128 309,1128 392,1129 474,1130 557,1130 640,1128 722,1128 805,1128 888,1128 970,1127 1053,1127 1136,1125 1218,1125 1301,1125 1384,1125 1466,1125 1549,1127 1632,1128 1714,1130 1797,1131 1880,1134"/>
                <TextEquiv>
                    <Unicode>mediata. Qui neutralitatem ponunt, vt Galenus ab hoc solum verbaliter differunt. Latitudo proinde sa¬</Unicode>
                </TextEquiv>
            </TextLine>
            <TextLine id="r1l21" custom="readingOrder {index:17;}">
                <Coords points="217,1195 1894,1198 1846,1135 217,1131"/>
                <Baseline points="228,1175 310,1175 393,1175 476,1175 559,1175 641,1175 724,1175 807,1175 890,1173 972,1173 1055,1173 1138,1172 1221,1172 1303,1172 1386,1172 1469,1173 1552,1173 1634,1175 1717,1176 1800,1178 1883,1179"/>
                <TextEquiv>
                    <Unicode>nitatis est partibilis &amp; vnus alio incolumior proinde &amp; aegrior: &amp; qui est in puncto sanitatis mathematico</Unicode>
                </TextEquiv>
            </TextLine>
            <TextLine id="r1l22" custom="readingOrder {index:18;}">
                <Coords points="229,1239 1904,1244 1904,1198 1813,1185 229,1191"/>
                <Baseline points="240,1221 322,1223 405,1223 488,1223 571,1223 653,1223 736,1223 819,1222 902,1221 984,1221 1067,1220 1150,1220 1233,1220 1315,1220 1398,1220 1481,1220 1564,1221 1646,1221 1729,1224 1812,1226 1895,1229"/>
                <TextEquiv>
                    <Unicode>est sanissimus. Tale quid erit in ipsa voluptate. Carptim dicere intendit: no sequitur. Voluptas suscipit ma</Unicode>
                </TextEquiv>
            </TextLine>
            <TextLine id="r1l23" custom="readingOrder {index:19;}">
                <Coords points="226,1287 1897,1293 1851,1233 226,1242"/>
                <Baseline points="236,1271 318,1271 401,1269 483,1269 566,1269 648,1269 731,1268 813,1268 896,1268 978,1268 1061,1268 1144,1268 1226,1268 1309,1268 1391,1269 1474,1269 1556,1269 1639,1271 1721,1271 1804,1272 1887,1274"/>
                <TextEquiv>
                    <Unicode>gis &amp; minus: proinde non est quid determinatum &amp; bonum sicut iam ostensum est de sanitate quae est de¬</Unicode>
                </TextEquiv>
            </TextLine>
            <TextLine id="r1l24" custom="readingOrder {index:20;}">
                <Coords points="235,1329 988,1332 988,1276 235,1287"/>
                <Baseline points="245,1316 281,1316 318,1316 354,1317 391,1317 428,1317 464,1317 501,1317 537,1317 574,1317 611,1317 647,1316 684,1316 720,1316 757,1316 794,1316 830,1316 867,1316 903,1316 940,1316 977,1316"/>
                <TextEquiv>
                    <Unicode>terminate bona, licet remittatur intendatur ve.</Unicode>
                </TextEquiv>
            </TextLine>
            <TextLine id="r1l25" custom="readingOrder {index:21;}">
                <Coords points="229,1373 1794,1387 1906,1370 1906,1299 229,1331"/>
                <Baseline points="239,1367 321,1365 404,1364 487,1364 570,1362 653,1362 736,1362 818,1362 901,1364 984,1364 1067,1364 1150,1365 1233,1365 1316,1366 1398,1367 1481,1367 1564,1367 1647,1367 1730,1365 1813,1365 1896,1364"/>
                <TextEquiv>
                    <Unicode>⁋ Sequitur in litera. Praeterea summum quidam bonum. Aliqui dixerunt voluptatem non esse bonum: quia est motio</Unicode>
                </TextEquiv>
            </TextLine>
            <TextLine id="r1l26" custom="readingOrder {index:22;}">
                <Coords points="228,1417 1899,1425 1872,1367 228,1373"/>
                <Baseline points="239,1412 321,1410 404,1410 486,1410 569,1409 651,1409 734,1410 816,1410 899,1410 981,1412 1064,1412 1146,1412 1229,1413 1311,1413 1394,1413 1476,1413 1559,1413 1641,1413 1724,1413 1806,1412 1889,1412"/>
                <TextEquiv>
                    <Unicode>vel generatio contrariorum: neutrum autem est per se bonum. Probat autem voluptatem non esse motum. vnde</Unicode>
                </TextEquiv>
            </TextLine>
            <TextLine id="r1l27" custom="readingOrder {index:23;}">
                <Coords points="229,1475 1913,1472 1913,1422 1852,1418 229,1419"/>
                <Baseline points="240,1458 323,1458 406,1458 489,1457 572,1457 655,1457 738,1457 821,1457 904,1458 987,1458 1071,1458 1154,1458 1237,1458 1320,1460 1403,1460 1486,1460 1569,1460 1652,1460 1735,1460 1818,1458 1902,1458"/>
                <TextEquiv>
                    <Unicode>est tertia conclusio. Voluptas non est motus. quod sic ostenditur. Omnis motio est celeris pigrave: At volu¬</Unicode>
                </TextEquiv>
            </TextLine>
            <TextLine id="r1l28" custom="readingOrder {index:24;}">
                <Coords points="235,1517 1910,1518 1806,1461 235,1477"/>
                <Baseline points="246,1506 328,1506 411,1505 493,1505 576,1503 659,1503 741,1503 824,1503 907,1503 989,1503 1072,1503 1155,1505 1237,1505 1320,1505 1403,1505 1485,1505 1568,1505 1651,1505 1733,1505 1816,1505 1899,1505"/>
                <TextEquiv>
                    <Unicode>ptas non est huiusmodi igitur. Maiorem explanat sic, Celeritas &amp; tarditas non conueniunt motui secun¬</Unicode>
                </TextEquiv>
            </TextLine>
            <TextLine id="r1l29" custom="readingOrder {index:25;}">
                <Coords points="222,1561 1858,1572 1900,1522 222,1527"/>
                <Baseline points="233,1551 315,1551 398,1550 481,1550 564,1550 647,1550 729,1550 812,1550 895,1550 978,1550 1061,1551 1143,1551 1226,1551 1309,1551 1392,1551 1475,1551 1557,1551 1640,1551 1723,1551 1806,1551 1889,1551"/>
                <TextEquiv>
                    <Unicode>dum seipsum hoc est absolute sed per respectum ad aliud: sicut motus diurnus quo totum coelum torque¬</Unicode>
                </TextEquiv>
            </TextLine>
            <TextLine id="r1l30" custom="readingOrder {index:26;}">
                <Coords points="226,1617 1868,1618 1909,1554 226,1560"/>
                <Baseline points="237,1599 320,1599 403,1598 486,1598 569,1598 652,1598 735,1598 818,1598 901,1598 984,1598 1068,1598 1151,1598 1234,1598 1317,1598 1400,1598 1483,1598 1566,1598 1649,1598 1732,1598 1815,1598 1899,1598"/>
                <TextEquiv>
                    <Unicode>tur dicitur per relationem ad alias motiones, impiger quia paruo tempore multum intercapedinis confi¬</Unicode>
                </TextEquiv>
            </TextLine>
            <TextLine id="r1l31" custom="readingOrder {index:27;}">
                <Coords points="229,1656 1625,1667 1882,1659 1902,1611 229,1612"/>
                <Baseline points="239,1647 321,1646 404,1646 486,1646 569,1644 652,1644 734,1644 817,1644 900,1644 982,1644 1065,1644 1148,1644 1230,1644 1313,1644 1396,1644 1478,1644 1561,1644 1644,1644 1726,1644 1809,1644 1892,1644"/>
                <TextEquiv>
                    <Unicode>cit, sexto physicorum: Pigrum vero tali temporis fluxu paruum interstitium metitur, vt punctus in mi¬</Unicode>
                </TextEquiv>
            </TextLine>
            <TextLine id="r1l32" custom="readingOrder {index:28;}">
                <Coords points="228,1709 1910,1703 1839,1651 228,1654"/>
                <Baseline points="239,1694 322,1692 405,1692 488,1691 571,1691 654,1691 737,1689 820,1689 903,1689 986,1689 1069,1689 1152,1689 1235,1689 1318,1689 1401,1689 1484,1691 1567,1691 1650,1691 1733,1691 1816,1691 1899,1691"/>
                <TextEquiv>
                    <Unicode>nore vrsa tardius quam alter in aequatore mouetur licet aequaliter secum circumgiratur. At multum &amp; pau¬</Unicode>
                </TextEquiv>
            </TextLine>
            <TextLine id="r1l33" custom="readingOrder {index:29;}">
                <Coords points="220,1748 1876,1758 1897,1699 220,1710"/>
                <Baseline points="231,1740 313,1740 396,1739 479,1739 562,1737 645,1737 727,1737 810,1736 893,1736 976,1736 1059,1736 1141,1736 1224,1736 1307,1736 1390,1736 1473,1736 1555,1736 1638,1737 1721,1737 1804,1737 1887,1737"/>
                <TextEquiv>
                    <Unicode>cum dicuntur ad aliquid, vt ex praedicamentis liquet. Verum neutrum horum competit voluptati hoc est.</Unicode>
                </TextEquiv>
            </TextLine>
            <TextLine id="r1l34" custom="readingOrder {index:30;}">
                <Coords points="229,1792 1900,1801 1900,1753 1779,1743 229,1744"/>
                <Baseline points="239,1785 321,1785 404,1784 486,1784 569,1784 651,1784 734,1784 816,1782 899,1782 981,1782 1064,1784 1146,1784 1229,1784 1311,1784 1394,1784 1476,1784 1559,1784 1641,1785 1724,1785 1806,1785 1889,1785"/>
                <TextEquiv>
                    <Unicode>Neque celeritas neque tarditas voluptati conuenit: nec eius duratio breui tempestate aut longo mensuratur:</Unicode>
                </TextEquiv>
            </TextLine>
            <TextLine id="r1l35" custom="readingOrder {index:31;}">
                <Coords points="223,1838 1910,1839 1875,1793 223,1794"/>
                <Baseline points="234,1832 317,1832 400,1832 483,1832 567,1832 650,1832 733,1832 816,1830 900,1830 983,1830 1066,1830 1149,1830 1233,1830 1316,1830 1399,1830 1482,1830 1566,1830 1649,1830 1732,1832 1815,1832 1899,1832"/>
                <TextEquiv>
                    <Unicode>fieri tamen potest vt quispiam subito voluptate sit constitutus: sicut &amp; ita, non fit autem vt velociter delecte¬</Unicode>
                </TextEquiv>
            </TextLine>
            <TextLine id="r1l36" custom="readingOrder {index:32;}">
                <Coords points="225,1888 1732,1903 1896,1890 1896,1842 225,1848"/>
                <Baseline points="236,1878 318,1878 401,1878 483,1878 566,1878 648,1878 731,1878 813,1878 896,1878 978,1878 1061,1878 1143,1878 1226,1878 1308,1878 1391,1878 1473,1878 1556,1878 1638,1878 1721,1878 1803,1878 1886,1878"/>
                <TextEquiv>
                    <Unicode>tur neque ad se neque ad alium. Sed plane fit vt quis impigre ambulet atque adolescat: &amp; caetera id genus. Non</Unicode>
                </TextEquiv>
            </TextLine>
            <TextLine id="r1l37" custom="readingOrder {index:33;}">
                <Coords points="238,1936 1905,1946 1905,1896 1837,1883 238,1886"/>
                <Baseline points="248,1926 330,1926 412,1926 495,1926 577,1926 659,1926 742,1925 824,1925 906,1925 989,1925 1071,1925 1153,1925 1236,1925 1318,1925 1400,1925 1483,1925 1565,1925 1647,1925 1730,1926 1812,1926 1895,1926"/>
                <TextEquiv>
                    <Unicode>tamen inficiandum est quempiam posse disponi vt pigre impigre ve ad voluptatem perueniat. sed non fit</Unicode>
                </TextEquiv>
            </TextLine>
            <TextLine id="r1l38" custom="readingOrder {index:34;}">
                <Coords points="238,1982 1909,1982 1815,1932 238,1940"/>
                <Baseline points="248,1973 330,1973 413,1973 495,1973 578,1973 660,1973 743,1973 825,1971 908,1971 990,1971 1073,1971 1156,1971 1238,1971 1321,1971 1403,1971 1486,1973 1568,1973 1651,1973 1733,1973 1816,1974 1899,1974"/>
                <TextEquiv>
                    <Unicode>vt voluptate celeriter operetur hoc est vt subito delectetur. Vult dicere quod motus quo ad voluptatem per¬</Unicode>
                </TextEquiv>
            </TextLine>
            <TextLine id="r1l39" custom="readingOrder {index:35;}">
                <Coords points="238,2026 1903,2034 1857,1980 238,1990"/>
                <Baseline points="249,2019 331,2019 413,2019 495,2019 577,2019 660,2019 742,2019 824,2019 906,2019 988,2019 1071,2019 1153,2019 1235,2019 1317,2019 1399,2018 1482,2018 1564,2019 1646,2019 1728,2019 1810,2019 1893,2021"/>
                <TextEquiv>
                    <Unicode>uenitur potest esse volucer aut tardus, tamen non est dicendum aliquem velociter delectari quia delectari</Unicode>
                </TextEquiv>
            </TextLine>
            <TextLine id="r1l40" custom="readingOrder {index:36;}">
                <Coords points="229,2076 1906,2079 1906,2033 1752,2024 229,2028"/>
                <Baseline points="240,2067 322,2067 405,2066 488,2066 571,2066 653,2066 736,2066 819,2066 902,2066 984,2066 1067,2066 1150,2067 1233,2067 1315,2067 1398,2067 1481,2067 1564,2067 1646,2067 1729,2067 1812,2066 1895,2066"/>
                <TextEquiv>
                    <Unicode>non est in fieri sed in facto esse. deinde probat voluptatem non esse generationem. ⁋ Quarta conclusio volu</Unicode>
                </TextEquiv>
            </TextLine>
            <TextLine id="r1l41" custom="readingOrder {index:37;}">
                <Coords points="222,2132 1903,2123 1876,2075 222,2074"/>
                <Baseline points="233,2117 316,2115 399,2115 482,2114 565,2114 648,2114 731,2114 814,2112 897,2112 980,2112 1063,2112 1146,2112 1229,2112 1312,2114 1395,2114 1478,2114 1561,2114 1644,2114 1727,2114 1810,2115 1893,2115"/>
                <TextEquiv>
                    <Unicode>ptas non est generatio. Bifariam haec ostenditur, Primo sic. Non quodlibet generatur ex quolibet, sed de¬</Unicode>
                </TextEquiv>
            </TextLine>
            <TextLine id="r1l42" custom="readingOrder {index:38;}">
                <Coords points="229,2166 1915,2164 229,2130"/>
                <Baseline points="239,2162 322,2162 405,2162 488,2162 572,2162 655,2162 738,2162 822,2160 905,2160 988,2160 1072,2160 1155,2160 1238,2160 1321,2160 1405,2160 1488,2160 1571,2162 1655,2162 1738,2162 1821,2163 1905,2165"/>
                <TextEquiv>
                    <Unicode>terminatum ex determinato. primo physicorum: &amp; in illud resoluitur ex quo generatur, At hoc in volupta</Unicode>
                </TextEquiv>
            </TextLine>
            <TextLine id="r1l43" custom="readingOrder {index:39;}">
                <Coords points="233,2218 1904,2219 1879,2169 233,2170"/>
                <Baseline points="243,2208 325,2208 408,2208 490,2208 573,2208 655,2208 738,2208 820,2208 903,2208 985,2207 1068,2207 1150,2207 1233,2207 1315,2207 1398,2207 1480,2207 1563,2207 1645,2207 1728,2207 1810,2208 1893,2208"/>
                <TextEquiv>
                    <Unicode>te non contingit, non enim est ex definito in definitum: quia non est motus. Secundo sic. Si voluptas sit</Unicode>
                </TextEquiv>
            </TextLine>
            <TextLine id="r1l44" custom="readingOrder {index:40;}">
                <Coords points="240,2268 1897,2270 1897,2218 1705,2208 240,2217"/>
                <Baseline points="251,2255 332,2255 414,2256 496,2255 578,2255 660,2255 741,2255 823,2255 905,2255 987,2253 1069,2253 1150,2253 1232,2253 1314,2253 1396,2253 1478,2253 1559,2253 1641,2253 1723,2255 1805,2255 1887,2256"/>
                <TextEquiv>
                    <Unicode>generatio: dolor erit corruptio. VPer locum a contrariis) sed consequens est falsum: ergo &amp; antecedens. Si enim</Unicode>
                </TextEquiv>
            </TextLine>
            <TextLine id="r1l45" custom="readingOrder {index:41;}">
                <Coords points="235,2321 1899,2320 1899,2270 234,2259"/>
                <Baseline points="245,2301 327,2303 409,2303 491,2303 573,2303 656,2303 738,2303 820,2303 902,2301 984,2301 1067,2301 1149,2300 1231,2300 1313,2300 1395,2300 1478,2300 1560,2300 1642,2300 1724,2300 1806,2301 1889,2301"/>
                <TextEquiv>
                    <Unicode>dolor esset corruptio: quodcunque tristaretur corrumperetur. Sed quia Platonici hoc concesserunt dicentes</Unicode>
                </TextEquiv>
            </TextLine>
            <TextLine id="r1l46" custom="readingOrder {index:42;}">
                <Coords points="235,2370 1768,2368 1901,2363 1901,2320 234,2322"/>
                <Baseline points="245,2348 327,2349 409,2349 491,2349 574,2351 656,2349 738,2349 820,2349 903,2349 985,2348 1067,2348 1149,2348 1232,2348 1314,2346 1396,2346 1478,2346 1561,2346 1643,2348 1725,2348 1807,2349 1890,2351"/>
                <TextEquiv>
                    <Unicode>voluptatem esse repletionem, &amp; dolorem defectum. ⁋ Contra hoc ponit conclusionem &amp; est in ordine</Unicode>
                </TextEquiv>
            </TextLine>
            <TextLine id="r1l47" custom="readingOrder {index:43;}">
                <Coords points="241,2418 1890,2415 1844,2355 241,2370"/>
                <Baseline points="252,2396 333,2397 414,2397 496,2397 577,2397 659,2397 740,2396 821,2396 903,2396 984,2394 1066,2394 1147,2394 1228,2394 1310,2393 1391,2393 1473,2394 1554,2394 1635,2394 1717,2396 1798,2396 1880,2399"/>
                <TextEquiv>
                    <Unicode>quinta quae talis est. Dolor non est indigentia eius quod est secundum naturam. Neque voluptas est repletio</Unicode>
                </TextEquiv>
            </TextLine>
            <TextLine id="r1l48" custom="readingOrder {index:44;}">
                <Coords points="229,2464 1902,2461 1860,2406 229,2414"/>
                <Baseline points="240,2442 322,2442 405,2444 487,2444 570,2444 653,2444 735,2444 818,2444 900,2442 983,2442 1066,2441 1148,2441 1231,2441 1313,2441 1396,2441 1479,2441 1561,2441 1644,2442 1726,2442 1809,2445 1892,2447"/>
                <TextEquiv>
                    <Unicode>naturalis. Haec conclusio potest bifariam intelligi. Primo sic. Platonici dixerunt alimentum replens sto¬</Unicode>
                </TextEquiv>
            </TextLine>
            <TextLine id="r1l49" custom="readingOrder {index:45;}">
                <Coords points="229,2499 1916,2500 1916,2459 1706,2444 229,2453"/>
                <Baseline points="240,2489 323,2489 406,2490 489,2490 573,2490 656,2490 739,2490 822,2490 906,2490 989,2490 1072,2489 1155,2489 1239,2489 1322,2487 1405,2487 1488,2487 1572,2489 1655,2489 1738,2490 1821,2490 1905,2492"/>
                <TextEquiv>
                    <Unicode>machum &amp; venas esse voluptatem: &amp; dum corpus est exinanitum indigentia alimenti est dolor. Hoc re¬</Unicode>
                </TextEquiv>
            </TextLine>
            <TextLine id="r1l50" custom="readingOrder {index:46;}">
                <Coords points="227,2545 1904,2557 1904,2511 1733,2497 227,2499"/>
                <Baseline points="237,2537 319,2538 402,2538 485,2538 568,2538 651,2538 733,2538 816,2537 899,2537 982,2536 1065,2535 1147,2535 1230,2535 1313,2534 1396,2534 1479,2534 1561,2535 1644,2535 1727,2537 1810,2538 1893,2540"/>
                <TextEquiv>
                    <Unicode>fellit inquiens. Hi autem affectus corporis sunt: ergo corpus vel anima sensitiua seclusa capit voluptatem.</Unicode>
                </TextEquiv>
            </TextLine>
            <TextLine id="r1l51" custom="readingOrder {index:47;}">
                <Coords points="223,2597 1906,2599 1831,2543 223,2545"/>
                <Baseline points="233,2586 316,2586 399,2586 482,2586 565,2586 648,2585 731,2585 815,2585 898,2585 981,2583 1064,2583 1147,2583 1230,2582 1313,2582 1397,2582 1480,2582 1563,2582 1646,2583 1729,2583 1812,2585 1896,2585"/>
                <TextEquiv>
                    <Unicode>Repletio &amp; vacuitas animatis &amp; inanimatis mixta conuenit. Alimentum coniungitur arbori: ergo in ea</Unicode>
                </TextEquiv>
            </TextLine>
            <TextLine id="r1l52" custom="readingOrder {index:48;}">
                <Coords points="237,2641 1915,2645 1856,2589 237,2599"/>
                <Baseline points="248,2633 330,2633 413,2633 496,2631 579,2631 662,2631 744,2631 827,2630 910,2630 993,2630 1076,2630 1158,2630 1241,2630 1324,2630 1407,2630 1490,2630 1572,2630 1655,2630 1738,2630 1821,2631 1904,2631"/>
                <TextEquiv>
                    <Unicode>est repletio: &amp; per consequens voluptas: &amp; dolor per substractionem alimenti necessarii. Consequens est fal¬</Unicode>
                </TextEquiv>
            </TextLine>
            <TextLine id="r1l53" custom="readingOrder {index:49;}">
                <Coords points="220,2697 1907,2698 1907,2646 219,2635"/>
                <Baseline points="230,2678 313,2679 396,2679 479,2679 563,2679 646,2679 729,2678 813,2678 896,2678 979,2678 1063,2676 1146,2676 1229,2676 1312,2676 1396,2676 1479,2676 1562,2676 1646,2678 1729,2678 1812,2679 1896,2681"/>
                <TextEquiv>
                    <Unicode>sum, ac non videtur: puta non est ita. Secundo sic. Dixerunt Platonici quando alimenti conuenientis est</Unicode>
                </TextEquiv>
            </TextLine>
            <TextLine id="r1l54" custom="readingOrder {index:50;}">
                <Coords points="231,2741 1900,2741 1842,2687 231,2693"/>
                <Baseline points="242,2727 324,2727 406,2727 489,2727 571,2727 654,2726 736,2726 818,2726 901,2726 983,2724 1066,2724 1148,2724 1230,2724 1313,2724 1395,2724 1478,2724 1560,2724 1642,2724 1725,2726 1807,2727 1890,2727"/>
                <TextEquiv>
                    <Unicode>repletio efficitur voluptas corporea, &amp; aliter non habetur: &amp; quando corpus exhauritur generatur dolor:</Unicode>
                </TextEquiv>
            </TextLine>
            <TextLine id="r1l55" custom="readingOrder {index:51;}">
                <Coords points="225,2791 1858,2793 1900,2741 225,2745"/>
                <Baseline points="236,2775 318,2775 401,2774 483,2774 566,2774 649,2774 731,2772 814,2772 897,2772 979,2772 1062,2772 1145,2772 1227,2771 1310,2771 1393,2772 1475,2772 1558,2772 1641,2772 1723,2772 1806,2774 1889,2774"/>
                <TextEquiv>
                    <Unicode>quia subtractio obiecti conuenientis dolorem generat: &amp; eius applicatio voluptatem. Ordino literam. Di¬</Unicode>
                </TextEquiv>
            </TextLine>
            <TextLine id="r1l56" custom="readingOrder {index:52;}">
                <Coords points="237,2829 1910,2827 1816,2781 237,2789"/>
                <Baseline points="248,2820 330,2820 413,2820 495,2820 578,2820 660,2820 743,2820 825,2820 908,2819 990,2819 1073,2819 1156,2819 1238,2819 1321,2819 1403,2819 1486,2819 1568,2819 1651,2820 1733,2820 1816,2822 1899,2823"/>
                <TextEquiv>
                    <Unicode>cant ergo platonici esse indigentiam eius quod est secundum naturam. hoc est esculenti poculentique aut </Unicode>
                </TextEquiv>
            </TextLine>
            <TextLine id="r1l57" custom="readingOrder {index:53;}">
                <Coords points="229,2877 1900,2881 1888,2836 229,2831"/>
                <Baseline points="240,2867 322,2867 405,2868 487,2868 570,2868 652,2868 735,2868 817,2867 900,2867 982,2867 1065,2867 1147,2867 1230,2867 1312,2867 1395,2867 1477,2867 1560,2867 1642,2868 1725,2868 1807,2868 1890,2870"/>
                <TextEquiv>
                    <Unicode>alterius rei conuenientis: &amp; aiunt voluptatem esse repletionem, hoc est quod quando est repletio generatur</Unicode>
                </TextEquiv>
            </TextLine>
            <TextLine id="r1l58" custom="readingOrder {index:54;}">
                <Coords points="227,2925 1906,2921 1887,2880 227,2877"/>
                <Baseline points="236,2913 323,2913 410,2915 497,2915 585,2915 672,2915 759,2915 847,2915 934,2915 1021,2915 1109,2915 1196,2913 1283,2913 1371,2913 1458,2913 1545,2913 1633,2915 1720,2915 1807,2916 1895,2918"/>
                <TextEquiv>
                    <Unicode>voluptas solum in corpore hoc est in aggregato corporis &amp; animae. Insto, ex isto sequitur quod corpus ca¬</Unicode>
                </TextEquiv>
            </TextLine>
            <TextLine id="r1l59" custom="readingOrder {index:55;}">
                <Coords points="239,2973 1897,2977 1860,2922 239,2929"/>
                <Baseline points="249,2960 330,2961 412,2961 494,2961 576,2961 658,2963 740,2963 822,2963 904,2963 986,2961 1068,2961 1149,2961 1231,2961 1313,2961 1395,2961 1477,2961 1559,2961 1641,2961 1723,2961 1805,2961 1887,2963"/>
                <TextEquiv>
                    <Unicode>ptet voluptatem &amp; non erit voluptas sine corporis repletione: nec repletio nisi supplendo defectum exi¬</Unicode>
                </TextEquiv>
            </TextLine>
            <TextLine id="r1l60" custom="readingOrder {index:56;}">
                <Coords points="231,3023 1858,3028 1900,2978 231,2979"/>
                <Baseline points="242,3008 324,3008 406,3009 489,3009 571,3009 654,3009 736,3011 818,3010 901,3009 983,3009 1066,3009 1148,3009 1230,3009 1313,3009 1395,3009 1478,3009 1560,3009 1642,3009 1725,3009 1807,3009 1890,3011"/>
                <TextEquiv>
                    <Unicode>nanitionis. At non videtur, id est non est ita. Non est ergo voluptas repletio corporis. Verum dum fit re¬</Unicode>
                </TextEquiv>
            </TextLine>
            <TextLine id="r1l61" custom="readingOrder {index:57;}">
                <Coords points="229,3059 1788,3078 1898,3072 1899,3020 230,3015"/>
                <Baseline points="239,3054 321,3054 404,3056 486,3056 569,3056 651,3057 734,3057 816,3057 899,3057 981,3057 1064,3057 1146,3057 1229,3057 1311,3056 1394,3056 1476,3056 1559,3056 1641,3056 1724,3057 1806,3057 1889,3057"/>
                <TextEquiv>
                    <Unicode>pletio voluptate quispiam afficitur. Hoc est ille affectus procreatur: &amp; dum corpus secatur generatur dolor.</Unicode>
                </TextEquiv>
            </TextLine>
            <TextLine id="r1l62" custom="readingOrder {index:58;}">
                <Coords points="226,3119 1899,3112 1872,3064 226,3067"/>
                <Baseline points="237,3101 319,3102 402,3104 484,3104 567,3105 650,3105 732,3105 815,3105 897,3105 980,3105 1063,3105 1145,3105 1228,3105 1310,3105 1393,3104 1476,3104 1558,3104 1641,3104 1723,3104 1806,3105 1889,3105"/>
                <TextEquiv>
                    <Unicode>Ex hoc intelligitur quod generatur voluptas &amp; dolor in anima subiectiue: quia de voluptate &amp; dolore spiri¬</Unicode>
                </TextEquiv>
            </TextLine>
            <TextLine id="r1l63" custom="readingOrder {index:59;}">
                <Coords points="229,3159 1835,3171 1892,3112 229,3119"/>
                <Baseline points="240,3149 322,3150 404,3150 486,3152 568,3152 650,3152 732,3153 814,3153 896,3153 978,3153 1060,3153 1142,3153 1224,3153 1306,3153 1388,3153 1470,3152 1552,3152 1634,3152 1716,3152 1798,3152 1881,3152"/>
                <TextEquiv>
                    <Unicode>tuali hic loquitur. Non tamen est negandum quin voluptas corporalis &amp; extensa generatur quando cor¬</Unicode>
                </TextEquiv>
            </TextLine>
            <TextLine id="r1l64" custom="readingOrder {index:60;}">
                <Coords points="234,3213 1848,3219 1892,3161 234,3163"/>
                <Baseline points="245,3197 326,3197 408,3198 490,3198 572,3200 654,3200 735,3200 817,3200 899,3200 981,3200 1063,3200 1144,3200 1226,3200 1308,3200 1390,3200 1472,3200 1553,3200 1635,3200 1717,3200 1799,3200 1881,3200"/>
                <TextEquiv>
                    <Unicode>pus fame affectum reficitur. Et rursus ex inedia dolor generatur corporalis: ego habetur voluptas aliqua</Unicode>
                </TextEquiv>
            </TextLine>
            <TextLine id="r1l65" custom="readingOrder {index:61;}">
                <Coords points="228,3259 1894,3264 1895,3206 228,3215"/>
                <Baseline points="239,3243 321,3243 403,3245 485,3245 567,3246 650,3246 732,3246 814,3247 896,3248 978,3248 1061,3248 1143,3248 1225,3248 1307,3248 1389,3248 1472,3248 1554,3248 1636,3248 1718,3246 1800,3246 1883,3246"/>
                <TextEquiv>
                    <Unicode>non corporalis pariter &amp; dolor. Alii volunt dicere voluptatem doloremque sic vniuersaliter generari, quod </Unicode>
                </TextEquiv>
            </TextLine>
            <TextLine id="r1l66" custom="readingOrder {index:62;}">
                <Coords points="236,3301 1892,3301 1892,3261 1780,3251 236,3257"/>
                <Baseline points="246,3290 327,3291 409,3293 491,3293 573,3294 654,3294 736,3296 818,3296 900,3296 981,3296 1063,3296 1145,3296 1227,3296 1308,3296 1390,3296 1472,3296 1554,3296 1635,3294 1717,3294 1799,3293 1881,3293"/>
                <TextEquiv>
                    <Unicode>post hac lucide refellit. Deinde monstrat vnde haec opinio ortum duxit inquiens. Opinatio haec ex doloribus &amp; vo</Unicode>
                </TextEquiv>
            </TextLine>
            <TextLine id="r1l67" custom="readingOrder {index:63;}">
                <Coords points="230,3372 1884,3381 1901,3297 230,3303"/>
                <Baseline points="240,3338 322,3340 405,3342 487,3342 570,3344 652,3345 735,3345 817,3345 900,3345 982,3345 1065,3345 1147,3345 1230,3345 1312,3345 1395,3345 1477,3345 1560,3344 1642,3344 1725,3344 1807,3344 1890,3344"/>
                <TextEquiv>
                    <Unicode>luptatibus circa alimentum, originem traxit: quia inaniores statim &amp; antea dolore partenti ipsa repletione voluptatem</Unicode>
                </TextEquiv>
            </TextLine>
            <TextEquiv>
                <Unicode>Omne bonum est definitum &amp; determinatum: at voluptas non definita, quia non consistit in aliquo vno certo,
pinde non est bonum. In quarto mo secundo figurae. Accedo ad literam, si censent voluptatem quid indefinitum &amp; malum
suscipit magis &amp; minus: vel intelligunt de subiecto virtutis aut delectationis &amp; tunc erit idem circa iusti¬
tiam &amp; reliquas virtutes, quibus aperte dicunt eas habentes magis vel minus esse: vt magis iustos minus
ve, &amp; fortes. fit certe vt quid magis &amp; minus agatur &amp; iuste &amp; temperate. Ex hoc passu trahitur argumen¬
tum quod subiectum formae intenditur. Et coloratur ratione: forma intensa discrepat ab ea quae pauciores
gradus habet, proinde haud est eadem forma intensa &amp; remissa, metaphysice loquendo: at subiectum for¬
mae est idem numero. ldem etiam concedit de forma. Sed haec sunt physicae perscrutationis &amp; ab hoc insti¬
tuto aliena. Sequitur litera. Sin in voluptatibus hoc inquiunt esse. In abstracto &amp; non in subiecto quod volu¬
ptatis sunt: inde finitae quia suscipiunt magis &amp; minus, videant ipsi ne causam vniuersaliter dicant: quo¬
niam voluptatum aliae sunt impurae &amp; mixtae: &amp; quaedam est puta in summo: &amp; ista non suscipit magis
&amp; minus. Caliditas est pura quae nihil contrarii habet: quae est in summo non amplius naturaliter inten¬
sibilis. Item quid prohibet de sanitate quae definita bonitate existit quod suscipiat magis &amp; minus: non enim
est in omnibus eadem temperatio siue mensura humorum, nec vna semper in eodem animali: sed cum sa
nitas remittitur permanet ad aliquem limitem vsque sub quo erit aegritudo: quia sub illo limite erit humo
rum disproportio: Et sic inter sanum aegrumque non est dare medium: &amp; per consequens sunt contraria im¬
mediata. Qui neutralitatem ponunt, vt Galenus ab hoc solum verbaliter differunt. Latitudo proinde sa¬
nitatis est partibilis &amp; vnus alio incolumior proinde &amp; aegrior: &amp; qui est in puncto sanitatis mathematico
est sanissimus. Tale quid erit in ipsa voluptate. Carptim dicere intendit: no sequitur. Voluptas suscipit ma
gis &amp; minus: proinde non est quid determinatum &amp; bonum sicut iam ostensum est de sanitate quae est de¬
terminate bona, licet remittatur intendatur ve.
⁋ Sequitur in litera. Praeterea summum quidam bonum. Aliqui dixerunt voluptatem non esse bonum: quia est motio
vel generatio contrariorum: neutrum autem est per se bonum. Probat autem voluptatem non esse motum. vnde
est tertia conclusio. Voluptas non est motus. quod sic ostenditur. Omnis motio est celeris pigrave: At volu¬
ptas non est huiusmodi igitur. Maiorem explanat sic, Celeritas &amp; tarditas non conueniunt motui secun¬
dum seipsum hoc est absolute sed per respectum ad aliud: sicut motus diurnus quo totum coelum torque¬
tur dicitur per relationem ad alias motiones, impiger quia paruo tempore multum intercapedinis confi¬
cit, sexto physicorum: Pigrum vero tali temporis fluxu paruum interstitium metitur, vt punctus in mi¬
nore vrsa tardius quam alter in aequatore mouetur licet aequaliter secum circumgiratur. At multum &amp; pau¬
cum dicuntur ad aliquid, vt ex praedicamentis liquet. Verum neutrum horum competit voluptati hoc est.
Neque celeritas neque tarditas voluptati conuenit: nec eius duratio breui tempestate aut longo mensuratur:
fieri tamen potest vt quispiam subito voluptate sit constitutus: sicut &amp; ita, non fit autem vt velociter delecte¬
tur neque ad se neque ad alium. Sed plane fit vt quis impigre ambulet atque adolescat: &amp; caetera id genus. Non
tamen inficiandum est quempiam posse disponi vt pigre impigre ve ad voluptatem perueniat. sed non fit
vt voluptate celeriter operetur hoc est vt subito delectetur. Vult dicere quod motus quo ad voluptatem per¬
uenitur potest esse volucer aut tardus, tamen non est dicendum aliquem velociter delectari quia delectari
non est in fieri sed in facto esse. deinde probat voluptatem non esse generationem. ⁋ Quarta conclusio volu
ptas non est generatio. Bifariam haec ostenditur, Primo sic. Non quodlibet generatur ex quolibet, sed de¬
terminatum ex determinato. primo physicorum: &amp; in illud resoluitur ex quo generatur, At hoc in volupta
te non contingit, non enim est ex definito in definitum: quia non est motus. Secundo sic. Si voluptas sit
generatio: dolor erit corruptio. VPer locum a contrariis) sed consequens est falsum: ergo &amp; antecedens. Si enim
dolor esset corruptio: quodcunque tristaretur corrumperetur. Sed quia Platonici hoc concesserunt dicentes
voluptatem esse repletionem, &amp; dolorem defectum. ⁋ Contra hoc ponit conclusionem &amp; est in ordine
quinta quae talis est. Dolor non est indigentia eius quod est secundum naturam. Neque voluptas est repletio
naturalis. Haec conclusio potest bifariam intelligi. Primo sic. Platonici dixerunt alimentum replens sto¬
machum &amp; venas esse voluptatem: &amp; dum corpus est exinanitum indigentia alimenti est dolor. Hoc re¬
fellit inquiens. Hi autem affectus corporis sunt: ergo corpus vel anima sensitiua seclusa capit voluptatem.
Repletio &amp; vacuitas animatis &amp; inanimatis mixta conuenit. Alimentum coniungitur arbori: ergo in ea
est repletio: &amp; per consequens voluptas: &amp; dolor per substractionem alimenti necessarii. Consequens est fal¬
sum, ac non videtur: puta non est ita. Secundo sic. Dixerunt Platonici quando alimenti conuenientis est
repletio efficitur voluptas corporea, &amp; aliter non habetur: &amp; quando corpus exhauritur generatur dolor:
quia subtractio obiecti conuenientis dolorem generat: &amp; eius applicatio voluptatem. Ordino literam. Di¬
cant ergo platonici esse indigentiam eius quod est secundum naturam. hoc est esculenti poculentique aut 
alterius rei conuenientis: &amp; aiunt voluptatem esse repletionem, hoc est quod quando est repletio generatur
voluptas solum in corpore hoc est in aggregato corporis &amp; animae. Insto, ex isto sequitur quod corpus ca¬
ptet voluptatem &amp; non erit voluptas sine corporis repletione: nec repletio nisi supplendo defectum exi¬
nanitionis. At non videtur, id est non est ita. Non est ergo voluptas repletio corporis. Verum dum fit re¬
pletio voluptate quispiam afficitur. Hoc est ille affectus procreatur: &amp; dum corpus secatur generatur dolor.
Ex hoc intelligitur quod generatur voluptas &amp; dolor in anima subiectiue: quia de voluptate &amp; dolore spiri¬
tuali hic loquitur. Non tamen est negandum quin voluptas corporalis &amp; extensa generatur quando cor¬
pus fame affectum reficitur. Et rursus ex inedia dolor generatur corporalis: ego habetur voluptas aliqua
non corporalis pariter &amp; dolor. Alii volunt dicere voluptatem doloremque sic vniuersaliter generari, quod 
post hac lucide refellit. Deinde monstrat vnde haec opinio ortum duxit inquiens. Opinatio haec ex doloribus &amp; vo
luptatibus circa alimentum, originem traxit: quia inaniores statim &amp; antea dolore partenti ipsa repletione voluptatem</Unicode>
            </TextEquiv>
        </TextRegion>
    </Page>
</PcGts>
