2344 3603
201 307 1879 405 finis vltimus & sic est de genere qualitatis. Aliter dico res non multiplicando. Haec realium secta ab vrbe
195 392 1883 451 parisia exulat. Dico quod omnis res mundi est qualitas primae intentionaliter. De partibili patet: est enim suae
192 448 1870 501 partes, ergo paritas imparitas ve De impartibilibus ostenditur: deus est iustus & sua iustitia. Anima intelle
196 490 1874 548 ctiua & angelus est liberum & sua libertas: & sic qualitas. Item quaelibet res mundi est naturalis potentia aut
194 532 1874 583 impotentia: ergo & qualitas. Verum qualitas secundae intentionaliter solum supponit pro dicibilibus in prae¬
196 578 1872 641 dicamento qualitatis ponibilibus. Capiatur loco vocabuli voluptas delectatio sicut vetus tralatio: aut acti¬
203 623 1878 684 ua passiua ve vocabula modo illa sunt de praedicamento actionis aut passionis sicut alia verbalia in iotermi
198 674 1872 736 nata, vt calefactio est in praedicamento actionis vel passionis: calidum vel caliditas in praedicamento quali¬
196 722 1879 770 tatis: & sic operationes virtutum vt iustifico temperanter ago, & foelicitas in actione & non in habitu con¬
198 766 1873 828 sistit: & si vocabula delectationem, consequenter ad graecum caperetur, ita foret: voluptas a voluo dicitur quae
206 814 1873 870 animum demulcet & actionem importat. Aliter dicitur quod licet notio bonum ponatur in praedicamen¬
196 858 1876 915 to qualitatis sicut species eius, tamen diuiditur in hos ramos, bonum vtile, bonum voluptabile, & bonum
198 911 1867 963 honestum: non tanquam genus in suas species, sed tanquam totum in modo in suas partes. Sicut homo in homi¬
203 953 1874 1014 nem album & nigrum: quod patet quia dictio vtile est in praedicamento ad aliquid, & relatiue ad aliud di¬
204 1001 1882 1050 citur: & sic non sequitur voluptas vel a non est qualitas, secundae intentionaliter capiendo vocabulum qua¬
202 1046 1882 1105 litas, ergo non est bonum capiendo bonum in toto suo ambitu. Vtile non est qualitas & tamen vtile est bo
208 1099 1875 1160 num. Et sic haec ratiocinatio est nulla in prima conclusione huius capitis Si loco notionis voluptas, voca¬
202 1140 1886 1196 bulum actionem passionem ve importans capiatur. Eius prior solutio est lucida, vt delectatio dictio lati¬
208 1190 1883 1247 na qua Cicero libro quarto Tuscu. vtitur. Illic dicit delectatio est voluptas suauitate auditus animum leniens.
204 1234 1869 1303 Et qualis est haec aurium tales sunt oculorum & tactuum & odorationum & saporum quae sunt omnes
204 1285 1353 1338 vnius generis ad perfundendum animum tanquam illiquefactae voluptates.
208 1308 1864 1389 ⁋ Secudo dubitatur an voluptas sit motus ⁋ Tertio an omnis voluptas obscoena ab honesta specie discer
207 1380 1865 1435 nitur. ⁋ Quarto an voluptas sit generatio. ⁋ Ad secundum dicitur quod motus proprie dictus vt qualitati
204 1428 1855 1481 intensibili conuenit, est forma imperfecta ad perfectionem continuo tendens, vt caliditas cuius vna pars
199 1477 1858 1528 est acquisita & reliqua in continua accessione. Motus pro tali supponit connotando vnam partem existe
198 1520 1867 1580 re & reliquas in continua productione esse. Conformiter ad philosophum tertio physicorum dicentem. Mo
201 1569 1864 1621 tus est actus entis in potentia secundum quod in potentia. hoc supposito dicitur si voluptas subito fiat ipsa
204 1620 1865 1674 non est motus. At de eius volucri product one capite sequenti futurus est sermo. ⁋ Ad tertium negatiue
195 1660 1858 1712 respondetur. Voluptas enim in venereis non distinguitur a voluptate tempore connubii, nec ipsae causae,
210 1707 1858 1787 vt volo cognoscere hanc demonstrando eam solutam & coniunctam: hic autem in causa non est distinctio
214 1754 1660 1815 in genere naturae est tamen distinctio in genere moris & vicii & hoc satis est pro philosopho.
210 1792 1855 1856 ⁋ Ad quartam dubitationem respondetur quod motus interdum est genus generationis vt patet in post
197 1853 1856 1915 praedicamentis: vbi generatio inter sex motionum species numeratur. Alio modo capitur motus vt est
198 1903 1876 1958 inter terminos positiuos. Generatio & corruptio sunt inter terminum positiuum & priuatiuum vt habe
208 1943 1873 2001 tur quinto physicorum. At dum voluptas potest fieri sine dolore praeuio, vt in literali expositione retuli
203 1999 1870 2057 mus: tunc voluptatis non est motus nec generatio: quia de ratione generationis proprie dictae est sicut
214 2035 1873 2089 philosophus saepe capit, idem cum motu quod successiue fiat vt calor partibiliter productus toto tempore pro¬
196 2088 1866 2149 ductionis est caliditatis generatio. Transmutatio instantanea non est generatio: illa enim nihil aliud est quam
207 2134 1876 2193 res ipsa quae subito procreatur vt visio, lumen, anima intellectiua partis immunis: & quia voluptas instan
206 2179 1034 2237 tanee producitur non est generatio sicut nec motus
202 2195 1863 2285 ⁋ Quintodubitatur. Ego musicam diligo qui cantionis sum expers, & latro iustitiam diligit. Responde¬
196 2276 1868 2339 tur quod nemo hasce artes vehementer & flagranter diligit qui earum est immunis vt de philosopho aiutem:
194 2310 1861 2380 amator sapientiae conuertitur cum philosopho, ergo philosophiae inops non amat philosophiam vel non
193 2367 1856 2424 omnis philosophiam amans est philosophus. ⁋ Dubitatur quare dicit nos expetere futura praeterita & cae
201 2414 1855 2472 tera. Aliqui de remotis oris hispaniae venerunt in Italiam videre Titum Liuium, vt Hieronymus ad Pau
190 2456 1867 2510 linum ex Plinio depromens dicit. Regem & monomachiam fortium videre expetimus vt meminerimus.
205 2508 1870 2563 Patet de peccatis nostris retroactis denudare confessatio & de laboribus a nobis exantlatis. Affectimus sci
195 2555 1879 2611 re futura vt mortem nostram & amicorum fortunam, licet nulla sequeretur voluptas, sed videtur quod volu
193 2608 1727 2666 ptates pueriles quaerimus, Socrates enim arundinem inter tibias ponens nter peruellos equitarat.
587 2663 1336 2756 Tract. I. Lib. X. Cap. IIII.
522 2715 1864 2805 Ed quidnam aut quale fit, magis patebit si sermonem paulo altius repete¬
525 2801 1861 2872 mus. Visio enim quouis in tempore perfecta esse videtur: nihil enim ipsi
520 2853 1873 2915 deest, quod postea factum species ipsius perficiet. Tali persimilis est & ipsa
528 2903 1864 2964 voluptas. Est enim quoddam totum, nulloque in tempore voluptatem quispiam ac
519 2957 1866 3032 cipiet, cuius species si maiore tempore fiat, perficietur, quocirca nec motus
514 3007 1866 3079 T est: in tempore enim est omnis motus. Et alicuius etiam finis, vt aedificatio, tunc
202 3066 1871 3146 erit perfecta, cum id fecerit quod affectat in toto tempore, aut in hoc. In partibus autem temporis
197 3126 1868 3189 omnes sunt imperfecte & a toto, & inter sese diuersae specie sunt, compositio namque lapidum diuer
186 3183 1874 3240 sa est ab erectione colunna, & haec rursus a templi effectione. Et templi quidem est perfecta, nul
197 3239 1867 3298 lius enim ad propositum indiget rei. Fundamentorum autem & laquearium imperfecta, est enim
195 3298 1873 3385 vtraque pars. Differunt igitur specie, & fieri non potest, vt quouis in tempore motus specie accipiatur
