2324 3589
421 279 2127 365 nobis sit curae an animal cuius est sensus, an ipse sensus operari dicatur: vtrunque tamen est verum: sensus
421 352 2125 407 actiue concurrit & animal ratione partis, audire aut videre dicitur. Quandocumque aliquid conuenit vni inm
415 404 2113 463 parti, licet perparum sit, illud tali toti conuenit, vt in exemplis datis. Secus est de albedine Athiopis in
415 444 2114 503 dente quae eum non denominat album cum toti corpori in cemmuni albedo conuenire posset. In vno¬
421 496 2111 552 quoque genere illius operatio est nobilissima quod optime disponitur ad id quod eorum quae ipsi subiiciun¬
421 539 2114 603 tur hoc est sub eius obiectum cadit principalissimum est. Et haec operatio non solum est optima sed & iucun
414 590 2110 652 dissima: & hoc modo in omni sensu voluptas est sic in contemplatione mentis. Vnde fit quod aliqua est voluptas
421 638 2114 687 extensa, aliqua vero spiritualis. Similiter & iucundissima est super ea quae est praestabilissima. At in mente
415 689 2112 745 illa perfectissima est quae est illius quod perfectissime se habet ad studiosissimum eorum quae menti subii¬
425 733 2115 790 ciuntur. Operatio perfectionem ab obiecto & potentia bene disposita capit: vt perfectissimum visibile cum
423 784 2110 839 perfectissimo lumine visionem perfectissimam producit: sit inter angelicam harmoniam & auditum opti
420 827 2113 886 me dispositum operatio perfectissima, hoc est auditio generatur & voluptas. Sic in intellectu perfectissimum
424 874 2113 928 cognoscibile ab intellectu est deus: ergo illius notitia est perfectissima quae est possibilis: & voluptas consequens
421 923 2123 973 est proportionabilis. Ponitur illa conclusio. Voluptas operationem perficit & auget etiam secundum quem¬
414 972 2114 1031 libet sensum: non vt sensibile & sensus qui actiue ad operationem concurrunt: & cum hoc sensus recemptiue
430 1013 2119 1070 operationem suscipiendo sensus sensationem partim efficit. Sed quia eam suscipit passiuum vocatur. A pas¬
425 1061 2120 1114 sione & non ab actione: sentire dicimus. Obiectum agit ad sensationem & non sentit, & voluptas sicut for¬
426 1110 2109 1167 ma perficit id cuius est forma, sicut medicus est sanitas sunt causae huius quod est sanari vel esse sanum: at diuerso
427 1156 2110 1213 modo, quia medicus est causa effectiua huius quod est sanare: & sanitas causa finalis eiusdem. Secundum
427 1205 2114 1268 vnumquenque sensum est voluptas: nam & visiones & auditiones & reliquae sensationes voluptate afficiunt,
422 1252 2112 1305 signanter si operationes sensuum ferantur in perfectissima sua obiecta & semper manebit voluptas in sen¬
421 1299 2127 1354 sus operatione dum sensibile & animal cuius est sensus in tali dispositione remanent. Quandiu enim manet
417 1346 2110 1406 dispositio facientis patientisque, eundem effectum permanere est necesse. Non enim voluptas perficit opera¬
436 1396 2130 1451 tionem, vt habitus qui inest tanquam causa effectiua operationis, sed sicut quaedam finis si perueniens opera¬
425 1440 2125 1489 tioni completae: vt pulchritudo iuuentutem viridemque aetatem perficit, cui est accidentaria. Et quia non ab
436 1486 2129 1545 re quispiam inquireret quamdiu manet voluptas: ponitur haec conclusio. delectatio ita diu manet quandiu ipsa co¬
435 1543 2119 1596 gnoscentis perfecta operatio manet. Probatur sic. Actiuo & passiuo naturalibus in eadem habitudine ma¬
431 1582 2113 1641 nentibus (vti retulimus) idem effectus manebit: at obiectum & idem quod discernunt. haec siue sensus siue
428 1628 2113 1687 intellectus sunt causae actiuae & receptiuae voluptatis: igitur. Alia conclusio. Quandoquidem nemo volu¬
429 1678 2109 1736 ptate aut dolore continuo perfunditur, solet quaeri qui fit vt homines non continuo voluptatem aut
433 1726 2116 1787 dolorem capiant. Responsio in promptu est. Primo quia nullae res humanae sine intermissione operari pos¬
425 1768 2117 1821 sunt: & voluptas non potest esse sine operatione: igitur. Secundo, quia aliquae res nouae delectant, sed postea
428 1818 2125 1871 non similiter, saepe fastidium praestant. Patet de noua coniuge, noua doctrina, & omnibus vulgaribus. omne
439 1866 2126 1925 enim rarum est carum. De quandam matrona referunt quae cupiebat quendam in agone victorem videre.
434 1907 2123 1977 quem tempore conflictus haud cognorat. Sed cum maritum suum esse didicit, strennuitatem perinde ac
440 1957 2123 2023 si nullius momenti esset paruipendit. In r ligionum & caeterorum statuum exordiis istud quotidie contem¬
435 2009 2131 2066 plamur. Est quoque cunct: rum nouitas gratissima rerum (vt Naso inquit? Primo ob rationem nouam mens
439 2060 2124 2113 inuitatur ad illud sicut ad epulum, vt visus ad videndum pulchrum visibile: deinde circa tale obiectum non
433 2103 2121 2170 est talis consideratio, quare voluptatem extenuari & obfuscari est necesse. Istud prouenit ex parte obiecti
432 2155 1343 2202 non aequaliter applicati potentiae in fine & in primordio.
445 2188 2128 2260 ⁋ Deinde quaerit cur omnes voluptatem rationabiliter appetunt. Responsio est in proptu. Viuere omnes ra
448 2246 2129 2302 tionabiliter affectant: vita ergo secunda est quaedam operatio & quilibet circa ea insudat quae maxime amat, vt
448 2298 2120 2349 musicus auditu circa concentus: licet omnibus hoc vitium cantoribus inter amicos, vt nunquam inducant ani
448 2339 2127 2400 mos cantare rogati: tamen non rogatus lubens canit: & discendi cupidus mente operatur: & fortis circa the
451 2384 2128 2443 oremata contemplanda & sic in aliis: at voluptas ipsas perfectiones perficit patet in calcifice, aratore, &
449 2435 2125 2490 omnibus artificibus qui cantando sua artificia optime complent. Hoc ipsum patet in literario ludo & omni¬
438 2478 2127 2542 bus. Vnde & Archimedes ille syracusanus ob Romanorum aduentum qui vrbem ceperunt contemplati¬
448 2526 2131 2587 onem haud deseruit: qui ei exitialis erat. Sed hoc per accidens & cessit ei ad gloriam cum in bono opere vi¬
446 2575 2129 2626 tam finierit: igitur & ipsum viuere, quod ipsi appetunt cuiuislibet viuere perficit illud quod est ei expeti¬
445 2621 2123 2676 bile. Verum an ob voluptatem viuere volumus an voluptatem ob vitam quaerimus, hic disquirerere omit
449 2671 2126 2740 tamus. Coniuncta enim sunt haec, nec separantur adinuicem vt paulo mox in materia faelicitatis in hoc
446 2715 710 2771 decimo dicetur.
456 2764 2130 2828 ⁋ CIRca hanc materiam quaestio non dissimulanda occurrit. An aliqua creatura suum affectum possit
436 2818 2131 2873 subito producere. Ad quam affrmatiue respondetur: patet auctoritate Aristotelis in litera. Et patet ratio¬
442 2860 2127 2912 ne. Si sol conscendens super orizontem successiue illuminaret medium non parum temporis laberetur in¬
452 2904 2122 2963 ter irradiationem orientis & occidentis, quod liquet esse falsum. Item ita cito vides sidus in octauo caelo si¬
439 2952 2128 3016 cut alitem sursum aspiciendo. At dicis species stellae sunt in medio, capio duas alites ardeant in aedi¬
448 3002 2137 3072 tissimo aere volantem & coruum super te, aeque cito vtrunque vides: ergo vtraque ales & species visibiles &
447 3047 814 3103 visionem efficit subito.
444 3086 2123 3149 ⁋ Insuper voluntas elicit suum actum subito, alioqui tenendo animam Christi concurrisse ad suam beati¬
446 3141 2131 3202 tudinem in primo instanti sui esse: non erat beata quod concedere nollem. Rursus intellectus assentiens
441 3191 1514 3248 praemissis & bonitati consequentiae protinus consequenti assentit.
452 3221 2122 3297 ⁋ Contra hanc conclusionem quam alias prolixe tractamus. hic carptim obiectamus. Calor producitur
445 3279 2132 3349 successiue ergo & voluptas. Secundo causa praecedit effectum: ergo voluptas non est illo instanti quo eius
