2276 3605
467 308 2167 391 est antea dictis & veritati videbitur esse, haec enim operatio praestabilissima est, quippen cum
465 380 2168 447 & mens sit eorum quae in nobis insunt praestabilissimum, & ea circa quae mens versatur co¬
456 431 2156 517 gnoscibilium praestabilissima sint. Est praeterea continua maxime. Nam contemplari magis
456 491 2164 565 continue, quam agere quoduis possumus. Arbitramur praeterea foelicitati voluptatem admixtam
463 550 2158 624 esse oportere. lucundissima autem operationum virtutum, est ea haud dubie quae per sapien
474 599 2161 674 tiam prodit. ltaque philosophia mirabiles tum puritate, tum firmitate, voluptates habere vi
465 657 2161 731 detur. Atque consentaneum est rationi, scientibus quam quaerentibus oblectamentum ipsum iu¬
460 722 2158 789 cundius esse. Ipsa quoque sufficientia maxime fuerit incontemplatiua. Nam & sapiens & iu¬
461 774 2148 839 stus & caeteris rebus iis indigent quae necessariae sunt ad vitam, sed si satis his talia adsunt:
472 835 2157 902 iustus quidem eorum indiget ad quos & cum quibus egerit iuste: & temperans item ac for
464 878 2154 961 tis, & singuli caeterorum. At sapiens si solus etiam sit contemplari potest, & quo sapientior
457 933 2149 1008 est eo magis potest, melius autem fortasse si habeat adiutores attamen sufficientissimus est
465 997 2161 1075 ipse. Praeterea propter seipsam amari sola videtur. Nihil enim ab ipsa fit praeter hoc, contem
471 1045 2161 1127 platum inquam esse, at cum agimus praeter ipsam actionem, aut plus aliquid aut minus as¬
470 1105 2159 1178 sequimur. Videtur etiam in ocio foelicitas ipsa consistere. Negocia nanque suscipimus vt oci¬
476 1169 2151 1235 um habeamus, & bellum gerimus, vt in pace degamus? Operationes igitur actiuarum
471 1213 2146 1296 virtutum, ciuilibus aut bellicis in rebus versantur, actiones autem quae in his versantur ne
475 1282 2145 1360 gociosa esse videntur, atque bellicae quidem & omnino. Nemo nanque bellum expetit gerere, ge
475 1343 2143 1412 rendi gratia belli, neque bellum ob bellum parat. Videbitur enim crudelis quidem atque san¬
472 1382 2147 1473 guinolentus penitus esse, si faciet amicos hostes vt pugnae caedesque fiant. At & ipsius ciuilis
468 1440 2143 1513 negociosa est, & praeter ipsam administrationem potestates comparantis atque honores, aut
463 1508 2144 1578 foelicitatem sibi ipsi & ciuibus, quae quidem diuersa est a ciuili & quam quaerimus vt diuer
471 1558 2146 1638 sam. Si igitur ciuiles quidem & bellicae actiones, caeteris actibus, qui a virtutibus proficiscum
471 1620 2141 1682 tur pulchritudine, magnitudineque praecellunt, hae vero negociosae sunt atque aliquem finem
465 1666 2136 1741 affectant, & non propter seipsas sunt expetibiles. Mentis autem operatio & studio antecelle¬
473 1722 2134 1800 re videtur, cum contemplatiua sit, & praeter se ipsam nullum affectare penitus finem, habe¬
466 1777 2143 1859 reque voluptatem propriam, quae quidem operationem ipsam exauget, sufficientia infuper,
473 1832 2148 1908 ocium, defatigationis vacuitas & humana, & quaecunque alia viro tribuuntur beato, per hanc
485 1900 2147 1975 operationem illi inesse videntur, perfecta foelicitas hominis fuerit haec profecto sumpta lon¬
487 1954 2136 2032 gitudine vitae perfecta. Nihil enim foelicitatis est imperfectum. Talis autem vita superat ho
474 2002 2151 2074 minis naturam. Non enim hocipso quo homo est, ita viuet, sed quo est quid in ipso diuinum.
485 2055 2147 2144 Quantum igitur hoc ab ipso composito differt, tantum & huius operatio distat ab ea quae
475 2111 2148 2196 a virtute alia proficiscitur. Qa si mens, diuinum ad ipsum hominem est, & vita quae ab hac
477 2171 2150 2247 manat, diuina est respectu ipsius vitae humanae. Oportet autem non quemadmodum mo¬
480 2227 2151 2306 nent quidam, humana nos sapere, cum simus homines, aut mortalia cum simus mortales, sed
489 2290 2143 2367 quoad fieri potest immortales nos ipsos facere. Cunctaque efficere vt ea vita viuamus quae ab
487 2333 2155 2424 eo manat quod est eorum quae in nobis insunt praestabilissimum. Nam tametsi parum est
479 2407 2149 2469 mole, vi tamen & precio multum omnibus antecellit. Videbitur autem & vnusquisque hoc
471 2451 2144 2526 esse, si quidem praecipuum est & melius. Absurdum igitur efset si non suam, sed alicuius al¬
481 2501 2149 2589 terius expeteret vitam. Id insuper quod dictum est antea, nunc etiam accommodabitur. Quod
478 2562 2155 2637 est enim natura vnicuique proprium, id optimum vnicuique & iucundissimum est. Et homini
487 2622 2154 2706 igitur ea vita quae ab ipsa proficiscitur mente, siquidem maxime, hoc est homo, haec ergo est
481 2689 838 2774 & foelicissima vita.
606 2728 2155 2837 vod si felicitas operatio est &c. Istud est septimum caput huius decimi libri & secundum tra¬
611 2822 2151 2885 ctatus secundi. Et duas partes praecipuas complectitur. Prior pars est enarratiua, & tria carptim
597 2861 2158 2930 Tenarrat. Primum quod felicitas est perfecta operatio secundum optimam virtutem optimae potem
472 2911 2143 2975 tiae quae est in homine. Secundum quod illa aliis hominis partibus dominatur & diuinarum humana¬
466 2967 2151 3030 rumque rerum cognitionem habet. Tertium quod talis operatio quae est felicitas est cognitio speculatiua.
468 3005 2151 3081 ⁋ Prima conclusio huius capitis est. Operatio partis contemplatiuae secundum propriam virtutem
470 3072 1206 3116 est felicitas. Hoc est contemplatio veritatis.
471 3086 2158 3169 ⁋ Probatur haec conclusio sic. Felicitas est operatio secundum virtutem, & vt in hoc decimo retuli¬
473 3155 2143 3211 mus, rationi consentaneum est vt sit secundum praestabilissimam virtutem & eius potentiae etiam
468 3194 2149 3268 fuerit quae in nobis est optima, siue ea potentia sit mens hoc est ipse intellectus, siue aliquid aliud vt
483 3235 2152 3308 voluntas, siue neotericorum more (volitio) quod suapte natura aliis imperat & animaduersionem de
469 3283 2154 3365 honestis diuinisque rebus habet. Non enim est ei curae de vtili delectabilique nisi per accidens, quando copulatur honesto¬
