2272 3609
424 227 2134 348 fectus, circa ipsum compositum fuerint, at compositi virtutes humanae sunt. Quare & ea vita
430 330 2123 400 quae ab ipsis proficiscitur, & foelicitas humana est. Mentis autem est separata. Atque tanquam de
432 390 2125 456 ipsa sit dictum, exacte nanque dicere proposito maius est. Videbitur autem & externa affluen¬
436 440 2129 520 tia perparum aut minus indigere quam moralis, opus est enim vtrisque necessariis rebus. Atque sit
430 507 2123 574 aeque, quamquam circa corpus & res tales, ciuilis homo magis elaborat, parua enim differentia fuerit
440 555 2125 628 in operationibus autem non mediocriter different. Etenim liberali quidem ad liberalitatis
436 626 2132 683 operationes exercendas, & iusto ad retributiones, pecuniis opus erit. Voluntates enim non
441 664 2137 731 sunt manifestae. Simulant autem & qui non sunt iusti, agere iuste velle. Forti autem opus est
429 725 2135 797 potentia, si agit aliquid eorum quae a virtute proficiscuntur, & potestate etiam temperanti.
453 781 2115 848 Quo nanque modo aut hic aut caeterorum quisquam manifestus erit? Quaeritur autem vtrum magis
436 837 2132 909 proprium sit virtutis electio, an ipsi actus, quippe cum vtrisque virtus consistat, atque constet
440 895 2136 954 in vtrisque perfectum ipsum consistere. At actus autem multis indiget, & quo maiores, pulchrio¬
430 954 2136 1020 resque sunt, eo pluribus indigent. At contemplanti nullis huiuscemodi rebus ad operationem
442 1005 2135 1073 est opus, quin & impedimento fere sunt ad contemplationem. Sed hoc ipso quo homo est,
430 1059 2134 1135 atque cum pluribus viuit, expetit ea agere quae a virtute proficiscuntur. Indigebit igitur talibus ad
446 1129 2133 1192 ea agenda quae ad hominem spectant. Atque foelicitatem perfectam contemplatiuam quandam
439 1178 2134 1250 operationem esse hinc quoque fuerit manifestum, deos enim maxime beatos esse putamus,
439 1232 2128 1304 atque foelices, at quosnam actus tribuere illis oportet, iustosne? An ridiculi videbuntur, si com
442 1287 2131 1361 mutent & deposita reddant, & huiusmodi caetera agant? Ac fortesne, propterea quod formidolo¬
431 1343 2135 1422 sas res sustinent, periculaque subeunt, honestatis ipsius causa? An liberales? At cuinam da¬
442 1404 2131 1462 bunt? Absurdum est insuper si nummos etiam habeant, aut aliquid tale. An temperantes?
435 1465 2122 1522 At quidnam fuerint? An laus sit importuna si prauas dii cupiditates non habere dicantur?
434 1517 2117 1589 Ita per omnia discurrenti, cuncta quae sunt circa actus, parua quaedam & non digna diis
442 1572 2119 1641 immortalibus sane videntur. At vero viuere ipsos vniuersi putant, quare & operari. Non
433 1628 2126 1697 enim oportet illos ( vt Endymionem aiunt) dormire. Viuenti igitur ei, cui actio & mul¬
445 1681 2119 1755 to magis effectio non tribuitur, quidnam aliud praeter contemplationem restat. Quare
447 1738 2126 1798 dei operatio praecellens beatitudine contemplatiua sine controuersia fuerit. Et humanarum
440 1798 2119 1855 igitur operationum ea homo est summe foelix, quae illi maxime est cognata. Signum est hu
448 1852 2120 1914 ius & animalia caetera foelicitatis expertia, esse tali penitus operatione priuata. Nam diis
456 1907 2116 1985 quidem tota est vita beata, talem habentibus operationem, hominibus autem, quoad
448 1964 2116 2034 ipsis talis operationis quaedam inest similitudo. At animalium caeterorum nullum pror¬
454 2020 2122 2084 sus est foelix, quippe cum nulla ex parte particeps sit contemplationis. Quousque igitur
443 2078 2126 2157 contemplatio sese extendit, eousque sese extendit & foelicitas ipsa. Et quibus contemplatio
448 2133 2130 2199 magis inest iis & foelicitas magis inest, non per accidens quidem, sed per ipsam vtique con¬
455 2187 2123 2265 templationem. Haec enim per se ipsam est preciosa. Quare foelicitas contemplatio fuerit quae
445 2249 2124 2306 dam. Est autem opus huic & prosperitate externa cum sit homo. Natura ipsa non est ad con
448 2301 2131 2367 templandum sufficiens, sed & corpus sanum esse oportet, & alimenta, reliquumque famulatum
434 2361 2134 2431 adesse. Non tamen putandum est multis ac magnis ei opus fore, qui suturus est foelix, si fieri
445 2417 2132 2479 non potest vt sit beatus sine bonis externis. Neque enim sufficientia neque iudicium, neque actus
445 2477 2130 2547 in exuperatione consistit, sed fieri potest vt & non principes terrae ac maris agant honesta,
450 2531 2128 2599 etenim a mediocribus facultatibus potest quispiam agere per virtutem. Atque id clare cernere li¬
444 2587 2129 2647 cet, priuati namque non minus agere videntur res bonas, quam qui sunt in potestatibus constitu¬
442 2644 2128 2722 ti, immo etiam magis. Satis autem est tot facultates habere, erit enim eius vita foelix qui per
443 2698 2128 2771 ipsam operatur virtutem. Solon etiam bene fortasse de foelicitatibus sensit, qui quidem eos
449 2765 2117 2831 esse foelices dixit, qui mediocriter res habuerunt externas, & pulcherrimas res (vt putabat)
455 2824 2127 2888 egere, modestaeque vixere. Fieri enim potest, vt mediocria possidentes agant ea quae agere opor
451 2877 2130 2942 tet. Videtur autem Anaxagoras, non locupletem, neque potentem foelicem ipsum existimasse
451 2928 2129 2994 cum dixit se non mirari si absurdus quidem multitudini videatur, haec enim sentiens res so
438 2979 2123 3057 lum externas is iudicare tantummodo solet. Consentaneae igitur nostris sententiis & sapi¬
451 3038 2119 3105 entum opiniones esse videntur. At enim habent quidem & talia quandam fidem. Veritas
448 3097 2133 3169 tamen in iis quae in actionem veniunt ex operibus iudicatur & vita. In his enim praecipue
448 3154 2112 3210 certitudo veritatis consistit. Considerare enim oportet ea quae antea dicta sunt ad opera
439 3207 2123 3268 referentes, & vitam & si consona sunt operibus, acceptanda sunt, sin vero discrepant, verba
444 3268 2131 3344 sunt tantum putanda. At vero qui mentae operatur, & eam colit, disponitur optime.
