2381 3603
216 304 1888 412 afferri oportere dicunt, qui maximem concupitis voluptatibus aduersantur. Quod si enim
222 380 1885 474 qui bonus futurus sit bene educatum (vt dictum est) ac moribus bonis assuefactum esse opor¬
223 442 1884 520 tet: deinde bonis in exercitiis viuere, & neque inuitum neque sponte res agere prauas. haec autem
219 493 1887 587 fuerint si mente aliqua, rectoque ordine vires habente viuatur. Igitur patris quidem praeceptio
219 550 1891 641 vires non habet, neque necessitudinem, neque vllius omnino vnius viri, nisi sit rex, aut aliquis
222 619 1911 687 talis. Lex autem vim habet cogentem, quae quidem est sermo ab aliqua prudentia atque mente pro¬ per
214 665 1880 743 fectus. Et hominum quidam eos odisse solent qui appetitionibus aduersantur, etsi recte idipsum
224 716 1882 799 faciunt: lex autem non est eis molesta, probitatem iubens. In sola autem Lacedaemoniorum ciui¬
215 772 1885 856 tate cum aliis paucis curam adhibuisse in liberorum educatione, atque officiis legistator videtur.
212 836 1882 921 In pluribus autem ciuitatibus tales res sunt neglectae. Et ita vnusquisque viuit vt sibi placet,
218 887 1884 969 ritu Cyclopum filios regens atque vxorem. Praestabilissimum igitur est diligentia rectamque
219 952 1890 1017 curam adhibere communem: idque ipsum facere posse. Quod si negligitut publice, ad vnumquemque
218 1000 1899 1075 attinere videbitur filios suos atque amicos ad virtutem dirigere, vel saltem velle dirigere.
225 1054 1893 1135 Atque maxime idipsum posse videbitur ex dictis idoneus ad leges ferendas factus. Publicas
219 1107 1896 1200 igitur diligentias atque curas per leges fieri constat, bonas autem, per studiosas. Nec interesse
225 1166 1895 1253 quicquam videtur: scriptae sint, an non scriptae: vnus an plures per illas instituatur, vt & in mu¬
229 1229 1888 1304 sica exercitandique facultate, & eruditionibus caeteris hoc nihil refert. Nam vt in ciuitati¬
224 1280 1875 1372 bus leges ac mores: sic & in domibus possunt paterni sermones ac mores, quinetiam magis
220 1335 1888 1417 ob cognitionem beneficiaque collata, sunt enim ipsi filii iampridem affectione deuincti, &
220 1385 1885 1480 facile obtemperantes natura. Differunt insuper & instituta priuata a publicis: perinde atque
219 1452 1898 1532 in medicina, vniuersaliter enim febricitanti confert inedia & quies, at alicui forsitan non
237 1507 1903 1586 conducit. Magister quoque ludi non omnibus fortasse pugilibus eandem pugnam impo¬
232 1561 1904 1640 nit. Singula autem magis exacte fieri videbuntur adhibita cura diligentiaque priuata. Ma¬
225 1617 1884 1709 gis enim id adipiscitur vnusquisque quod congruum est. Atque optime quidem in singulis
238 1670 1922 1766 curam ac diligentiam adhibuerit & medicus & ludimagister & quiuis alius, qui hoc vni¬ I
234 1720 1923 1815 uersale scit, omnibus inquam aut talibus hoc esse accommodatum. Scientiae enim commu¬ si
234 1780 1893 1866 nis ipsius esse dicuntur, & sunt. Nihil tamen forsitan obstat quin & is qui scientiae quidem
237 1847 1914 1920 est expers, exacte autem ea perspexit experientia quae in vnoquoque accidunt, rectam in vno
237 1894 1901 1983 aliquo diligentiam adhibeat atque curam. Quemadmodum & quidam optimi sibiipsis esse
248 1949 1899 2045 medici videntur: qui tamen nulli alii possunt opem afferre. Verum non minus forsitan
242 2011 1905 2095 oportere videbitur eum qui vult artifex & contemplator euadere, ad vniuersale peregre.
243 2064 1907 2149 atque illud (vt fieri potest) cognoscere. Dictum est enim scientia circa hoc ipsum versari. For¬
235 2126 1903 2204 tasse autem & is qui vult sua cura diligentia ve meliores facere siue multos siue paucos,
244 2176 1912 2256 enitatur oportet, vt ad ferendas leges aptus euadat, si boni legibus fieri possumus. Non
243 2228 1903 2316 est enim cuiusuis quenuis recte disponere, sed si alicuius est, scientis est, vt in medicina fit
242 2294 1459 2385 & in caeteris facultatibus, quarum est aliqua cura atque prudentia.
295 2368 1903 2458 FTenim de his, hoc est felicitatibus, atque virtutibus moralibus, & insuper de amicitia, in octa¬
277 2449 1899 2527 uo & nono libris, & de voluptate in hoc decimo, satis figura, hoc est rudi Minerua diximus.
256 2494 1911 2575 EEst ne propterea putandum nostrum propositum iam finem habere. i. nos propositum attigisse. Si enim ea
240 2545 1905 2612 quae scripta sunt sufficiant ad faciendum hominem felicem, qui est finis huius scientiae, tunc sufficit ea dixisse: at
241 2586 1903 2667 si ea non sufficiant non habemus adhuc intentum faciendo bonos. Hoc diluit philosophus hanc conclusionem po
243 2634 1906 2708 nens, Nulla doctrina vel scientia moralis ad illud sufficit vniuersaliter. Hoc bifariam stipat. Quemadmodum
245 2680 1912 2764 dicitur, non sufficit in rebus agendis singula cognouisse sed potius agere, hoc est finis scientiae actiuae non
244 2727 1913 2804 est scire sed operari, at per praedicta operari nequimus, igitur. Maior superius patuit. Vnde secundi Ethi¬
242 2785 1890 2848 corum. x. Moralium tractatio non contemplationis fit vt caetera gratia. Non enim vt sciamus quidnam sit virtus
250 2821 1907 2900 sed vt efficiamur boni consideramus. Ergo scire virtutes & earum extrema non sat est ad bonitatem, sed
239 2872 1909 2946 nitendum est omnibus conaminibus eam acquirere. Si enim verba ad faciendos probos sufficerent, magnas mera¬
244 2914 1911 2992 cedes secundum Theognidis sententiam afferrent. Theognis erat poeta Graii sanguinis, cuius mentionem facit
244 2965 1893 3040 Plato in libris de legibus. Haec tantum momentum sermones habent, vt prouocare allicereque iuuenes eos qui
243 3010 1921 3092 ingenui sunt, qui habent generosos mores & verae honestatis amatores sunt, ad probitatem, hi bona in¬
243 3055 1908 3140 clinatione assuefactioneque disponuntur ad suscipiendos frugi sermones, vt terra bene culta ad recipien¬
243 3103 1914 3186 da semina: sed verba nequeunt vulgus, hoc est multitudinem ignobiliorem incitare ad probitatem. i. vulgus
243 3164 1925 3232 ad bonum non facile trahitur. Intendit sermones non sufficere vniuersaliter ad faciendos bonos, quia do¬
244 3196 1913 3276 ctrina vniuersalis debet omnibus sufficere: at sermo non omnibus sufficit. Igitur. Minor patet. Aliqui
244 3242 1924 3324 sunt qui non ob ignominiam sed metum obtemperant. Nec ob turpitudinem sed ob poenam a prauis abstinent.
243 3311 1041 3390 Cui sententiae Horatiana carmina applaudunt.
