2389 3613
493 255 1211 327 Oderunt peccare mali formidine poenae:
508 315 1171 377 Oderunt peccare boni virtutis amore.
497 348 2183 432 Plerique perturbationibus viuentes proprias voluptates & ea quae illas efficiunt persequuntur, & molestias
511 411 2195 488 aduersas fugiunt. Eapropter tetram libidinem persequuntur. i. ad finem vsque sequuntur & ieiunium ecclesiae & tempe¬
509 461 2180 529 rantiam frangunt, hi honestatis & sincerae voluptatis nullam prorsus habent rationem aut amorem. Tales
502 501 2187 566 enim non degustarunt aliquid. De his capite. x. huius libri loquuti sumus. Nulla verba possunt traduce¬
511 550 2180 616 re. i. tranfformare & retrahere sic male habituatos: fieri enim non potest aut non facile fit, vt ea quae sunt
499 597 2195 677 impressa & instillata malis moribus, & longo tempore retenta, verbis extrudantur. luxta illud Hieremiae
499 658 2187 718 t. Si mutare potest thiops pellem suam, & pardus varietates suas: & vos poteritis bene facere cum
512 692 2191 771 didiceritis malum. Hoc est dum estis iam vitiis irretiti quae iam quasi in naturam abierunt. Non est
501 746 2189 803 omnino simile sed difficile est. Vnde sacerdotes cum mulieribus longo tempore infecti quas tenent
505 786 2189 861 in domo focarias difficile ab eis separantur. Et ita in continuato furto & similibus. Sed bene nobis¬
493 834 2189 910 cum agi putandum est si omnibus etiam existentibus, hoc est bona natura, bona consuetudine, bo¬
505 880 2180 948 na societate & bonis praeceptis, & huiusmodi per quae probi esse possumus, virtutem indipiscamur.
502 929 2179 995 Statim post de indipiscenda virtute triplicem opinionem recitat, inquiens. Fieri enim bonos nonnulli
491 975 2170 1042 putant natura, quosdam consuetudine, quosdam vero doctrina. Ex hac triplici via vnam conclusionem
492 1029 2173 1093 elicit, quae est haec. Ad hoc vt homo sit probus consuetudo bona requiritur. Hanc sic probat. Nemo est
497 1069 2174 1136 bonus secundum loquentes nisi a natura, doctrina, vel consuetudine, at non potest esse bonus duobus
500 1118 2179 1190 primis modis: relinquitur ergo tertius solum. Minor est ambigua & per consequens monstranda quam
487 1174 2173 1242 sic enodat. Quomodo natura homo erit bonus cum ea in nostra facultate sita non sit: sed illa per quan¬
487 1214 2173 1293 dam causam diuinam illis inest qui sunt vere fortunati, & virtus est in nostra potestate. Item & quo
480 1266 2173 1333 pacto bonitas doctrina comparabitur. Praeceptiones enim non in omnibus (vt superius diximus)
487 1313 2162 1375 habent vires, verum opus est auditoris animum moribus esse cultum ad recte gaudendum in bonis, &
484 1356 2170 1427 ad exhorrendum mala, veluti agrum qui semina sit nutriturus. Sermo auditu capiendus sic se habet
487 1401 2167 1477 in animo sicut semen in terra vti superius retulimus: at consuetudo sic se habet veluti bona cultura
485 1449 2170 1529 proinde ad hoc vt homo sermonibus obtemperet oportet eum assuefieri, de bonis gaudere & auersari
481 1502 2158 1574 mala. vnde perturbatio consuetudine firmata solo sermone non obliteratur sed vim adhibere opor¬
485 1540 2158 1619 tet, vt homo ad bonum pellatur. Ad hoc enim vt sermo efficaciam habeat oportet consuetudinem
485 1591 2158 1667 anteire vt sint bonum ipsum amantes, ac turpi abhorrentes. Deinde ponit conclusionem hanc. Ad bo¬
483 1635 2158 1712 nam consuetudinem inducendam legis vigor requiritur. Hoc primo in iuuenibus secundo in prouectae
475 1687 2162 1749 aetatis viris monstrat inquiens. Difficile profecto est vt a pueritia quis ad virtutem figatur, nisi sub
477 1736 2158 1803 virtutum legibus educatus fuerit: hominum multitudini & praecipue iuuenibus non est iucundum con¬
484 1778 2160 1856 tinenter viuere, ea de re operaeprecium est educationem atque exercitationem a legibus esse institutam.
470 1826 2162 1904 Non enim molestiam afferent si fuerint consueta. Et quia plerique sub ferula imbuti cum adolescunt,
477 1878 2159 1937 postea licentiores facti insolescunt, addit. Non satis est vt iuuenes recta educatione imbuantur sed vi¬
476 1929 2159 1994 ros iam factos oportet ipsos eodem modo exercere ac moribus tenere. Ad haec quoque legibus egebi¬
471 1972 2154 2033 mus profecto per integrum vitae discursum. Siquidem multo plures necessitati quam rationi obtempe¬
472 2011 2149 2088 rant, hoc est formidant poenas legum, & hinc quodammodo necessitantur ad bonum, sicut grassator
478 2059 2147 2139 qui sub tepido rege sanguinolentus sit carnifex, sub seuero ad bonum cogitur, dum a malo timore
478 2116 2155 2179 poenae arcetur. Ergo non inutilis est violentia in iuuenum verberibus ab vnguiculis vt bene habituen¬
475 2160 2150 2236 tur: tunc enim multo facilius bene uiuent. Illud autem vulgare imprudentum dictum abolebis fal¬
463 2201 2153 2275 sumque iudicabis: Angelicus iuuenis senibus Sathan fit in annis. Cum talis ad vitam angelicam bonum
474 2249 2152 2325 habeat inchoamentum. Et iccirco sunt qui legumlatores oportere putant ad virtutem prouocare ho¬
467 2297 2143 2378 nesti gratia, ob hoc quia illi qui boni sunt ob consuetudinem bonam parebunt, aduersus autem hebe¬
469 2343 2141 2424 tiores & indomitos castigationibus & plagis decernendum est. Et effrenes vt intolerabiles extrudere
463 2389 2140 2463 & vltimo supplicio exterminare (ne res publica turbetur) oportet sicut in capitali supplicio per iu¬
472 2436 2146 2517 stitiam fieri videmus. Sic inemendabiles scholastici post multiplicem correctionem durantes obstinati ab
467 2484 2146 2565 aliorum gremio eiiciantur, ne alios sua contagione inficiant, & eis cornua malefaciendi aperiant. Bonum
468 2536 2141 2612 virum ad honestatis normam viuentem rationi obsecundaturum esse inquiunt. Improbum voluptate
458 2571 2142 2660 defluentem tristitia afficiendum, more iumenti & belluae pigrae. Ea de re eos his doloribus afficere con¬
459 2626 2147 2706 ducit qui concupitis voluptatibus contrarii sunt. Nempe contraria contrariis curantur, sicut vino¬
460 2672 2141 2756 lento aquae potum ministrare expedit, & libidinoso ieiunium. Si ergo vt iam significatum est, eum
461 2723 2145 2802 qui futurus est probus, bene educatum bonisque moribus assuetum esse oportet, & deinde adhuc cum
456 2773 2139 2848 togam induerit bonis exercitiis viuere: & neque inuitum hoc est aliorum instigatione magna, neque
455 2815 2139 2896 sua sponte mala perpetrare, sane vt ita viuatur, mente aliqua & recta ordinatione opus est. Pa¬
454 2868 2139 2939 tris autem ordinatio vim a malo arcentem non habet inquantum huiusmodi nisi sit rex aut
461 2912 2132 2990 alius in communitate princeps superiorem non cognoscens. At lex vim necessitantem habet quae
454 2956 2132 3038 quidem lex est sermo profectus a prudentia atque mente, hoc est ferenda cum libramine & ratione:
451 3013 2137 3088 alioqui lex non meretur appellari. Per sermonem etiam scripturam intelligit. Lex scripta pri¬
446 3056 2132 3130 mo mente concipiebatur, deinde scripto, post disceptationem est promulgata. Conducibilius au¬
444 3105 2144 3176 tem est habere legem homines corrigentem quam virum, quia plerique eos odio prosequuntur qui
444 3146 2125 3225 suis aduersantur operationibus, licet rectissime castigatores fecerint: lex autem non est ipsis mo¬
445 3194 2135 3276 lesta. Nempe ipsa vniuersaliter & in omnes fertur: & ante huius hominis necem de hoc grassato¬
442 3245 2134 3322 re carnificeve non praecogitans, proinde in legem per eam mulctatus non oblatrat: in hominem
