2406 3599
270 228 1937 339 quod vita bifariam capitur. Vno modo pro actu primo qui corpus viuificat: & illud est cum anima corpus in¬
259 311 1933 372 format: & dum informare est desitum, est mors. Et sic vita erit mors, licet vitam esse mortem est impossi¬
265 364 1939 418 bile. Alio modo capitur pro actibus animae, & pro actu secundo, & sic sepius capimus dicentes Socratem esse
271 412 1701 476 probae & praeclarae vitae: Sardanapalem sordidae vitae, si coinquinamentis implicitus degat.
637 457 1545 580 Tractatus. I. Cap. V. & Lib. I. Cap. VIII.
565 583 1929 657 Onsiderandum est igitur de ipso non ex conclusione solum, & iis ex qui¬
520 646 1936 713 bus est ipsa ratio: sed ex iis etiam quae de ipso dicuntur. Vero namque omnia quae
592 711 1932 786 competunt consona sunt. Afalso autem cito ipsum discrepat verum. Cum
592 767 1931 839 igitur bona in tria sint diuisa: & alia externa, alia circa animam, alia circa
576 825 1932 895 corpus bona dicantur: ea quae sunt circa animam, propriissime maximeque di
376 876 1932 953 ⁋Acimus bona. At actus & operationes animae circa animam esse ponimus.
276 930 1936 996 Quare hac opinione cum antiqua, tum a philosophantibus concessa: bene dicitur finem
271 986 1942 1053 ipsum actus quosdam & operationes esse. Sic enim fit, vt sit ex ipsis animae bonis, & non ex
273 1041 1937 1111 bonis externis. Consonum est etiam ipsi rationi, & id quod dicitur: foelicem inquam bene vi¬
277 1098 1942 1171 uere beneque agere, fere enim bona quaedam vita, bonaque actio dictus est. Cuncta praeterea quae
283 1166 1936 1227 circa felicitatem quaeruntur, ei quod dictum est, inesse videntur. Aliis nanque virtus, aliis pru¬
278 1207 1942 1269 dentia, aliis sapientia quaedam, aliis haec aut horum aliquod cum voluptate, aut non sine vo¬
274 1265 1944 1329 luptate foelicitas esse videtur. Sunt & qui externam etiam affluentiam simul accipiunt. Atque
272 1326 1942 1396 haec partim multi & antiqui, partim pauci, virique dicunt praeclari: quorum neutros tota via
267 1381 1942 1445 aberrare, sed aliquid ex parte & in plurimis verum attingere consentaneum est rationi. Eo¬
277 1431 1953 1492 rum igitur sententiae: qui vel omnem vel aliquam virtutem foelicitatem asserunt esse, ipsa ra l
276 1487 1942 1546 tio consona est. Huius est enim ea operatio, quae per ipsum efficitur. Interest autem fortasse
276 1542 1923 1614 non parum, in possessione, an in vsu, ac in habitu, an in operatione summum consistere bonum
272 1597 1939 1672 putare. Fieri enim potest vt habitus, & si quidem inest, nullum efficiat bonum: vt in dormien¬
272 1662 1939 1725 te: vel etiam alio modo quodam ocioso facto. Vt operatio autem nihil efficiat boni, fieri ne
278 1710 1936 1774 quit. Qui nanque operatur, aget vtique necessario: & bene etiam aget. Atque vt in olympia, non
264 1766 1942 1826 ii qui sunt elegantissimi forma praestantissimique robore: sed ii qui decertant, coronis afficiun¬
278 1820 1933 1884 tur (ipsorum enim aliqui vincunt) sic & qui bene agunt, eorum quae sunt in vita pulchra bo¬
283 1882 1942 1945 naque compotes fiunt. Est autem & vita ipsorum per se iucunda. Nam voluptate quidem
271 1932 1938 1999 affici, ex iis est quae ad animam pertinent. ld autem est cuique voluptati, cuius amator dici¬
282 1987 1933 2060 tur quisque: vt equus equorum amatori: & spectaculum spectaculorum identidem amatori:
276 2050 1943 2105 eodem modo & amatori iustorum iusta: & omnino virtutum amatori, ea quae per virtutem
282 2097 1945 2156 efficiuntur. Quae igitur voluptati sunt vulgo, ea repugnantia sunt: propterea quod non natura
277 2149 1942 2223 talia sunt, sed amatoribus honestatis ea sunt voluptati, quae sunt natura iucunda. Tales au¬
271 2209 1940 2276 tem eae sunt actiones quae a virtute emanant. Quare & his ipsae sunt voluptati, atque per se¬
277 2264 1930 2328 ipsas iucundae. Ipsorum igitur vita non indiget voluptate, tanquam aliqua foris adiungenda¬
265 2318 1933 2378 sed habet in seipsa voluptatem. Praeter enim ea quae dicta sunt, neque bonus is est qui honis
270 2377 1934 2435 actionibus non delectatur. Nam neque iustum eum quisquam dixerit, qui iustis non gaudet: neque
275 2433 1945 2496 liberalem eum, qui liberalibus actionibus non delectatur. Et in caeteris eodem modo. Qa si
274 2481 1933 2551 haec ita sint actionum, eae quae a virtute proficiscuntur, per seipsas sunt voluptati atque iucundae.
277 2540 1919 2604 At vero bonae quoque sunt, & etiam pulchrae: atque horum vnumquoque maxime ipsis competit.
286 2601 1912 2667 si recte de his ipse iudicat studiosus. ludicat autem vt est dictum. Optimum ergo & pulcher
284 2653 1922 2713 rimum & iucundissimum est ipsa foelicitas: & non seiunguntur haec perinde atque in illo
277 2707 794 2775 deliaco carmine separantur.
278 2746 1230 2836 Summe est pulchrum, ex astrea quod gignitur alma.
281 2817 1087 2896 Optima si valeas res est, quod quilibet optat,
280 2876 1051 2949 Summe est iucundum si re potiaris amata.
271 2916 1953 3005 Haec enim operationibus omnia competunt. Has autem ipsas, aut vnam ipsarum quae sit opti¬ L
265 2988 1916 3048 ma, foelicitatem ipsam dicimus esse, Videtur tamen & externis indigere bonis, vt diximus,
271 3039 1909 3102 Fieri enim non potest aut non facile fit: vt is res agat praeclaras, cui facultates desunt. Mul
265 3093 1933 3182 ta nanque per amicos, per diuitias, per ciuilem potentiam, tanquam per instrumenta aguntur. Qui¬
260 3153 1940 3222 busdam autem carentes, vt nobilitate, bona prole, pulchritudine, beatitudinem maculant. Non
266 3214 1942 3286 enim satis ad foelicitatem idoneus est, qui penitus est deformis, aut ignobilis, aut solitarius sine
