2375 3605
465 298 2157 375 sibiipsis, aut charissimis aliud magis optassent quam talia posse. Non tamen parum experientia
471 357 2149 429 conferre videtur: non enim fierent per ciuilem consuetudinem ad gubernandum rempublicam aptio¬
469 414 2154 479 res. Quapropter iis qui de re ciuili cupiunt scire: experientia insuper opus esse videtur. So¬
483 468 2159 543 phistarum autem ii qui facultatem hanc profitentur: longe abesse a tradenda ipsa videntur.
479 530 2147 605 Neque enim quale quid est, neque circa quae versatur omnino sciunt. Non enim ipsam, & orato¬
469 589 2156 655 riam facultatem idem neque inferiorem ponerent, congregatis iis legibus quae sunt probatae. Fieri
465 653 2148 714 enim posse dicunt, vt optime deligantur. proinde quasi delectio non esset sagacitatis, & iudi¬
479 701 2162 760 care recte non esset maximum, vt in musicis. Qui namque sunt in singulis experti recte opera iu¬
475 752 2159 819 dicant, & quibus aut quomodo perficiuntur, & quae sunt. his consona comprehendunt. In expertis
472 815 2150 882 autem satis est, si non lateat ipsos vtrum bene an male factum sit opus, vt in pictura. Leges autem
462 867 2143 945 operibus similes ciuilibus sunt. Quonam igitur pacto quispiam ex his legum fuerit lator, aut eas
479 924 2155 989 quae sunt optime iudicauerit? Neque enim medici videntur ex libris fieri: & tamen dicere co¬
470 981 2150 1044 nantur non solum curationes, sed etiam aegrotantes curari posse: Et vt curare oportet habitu
473 1033 2154 1096 vniuscuiusque distincto. Haec autem expertis quidem vtilia, iis vero qui scientia carent inutilia
468 1092 2144 1163 esse videntur. Et legum igitur forsitan & rerum publicarum congregationes, iis quidem qui prospi¬
466 1161 2142 1220 cere atque discernere possunt quidnam recte sese habet, vel contra, aut quae quibus accommodan¬
471 1205 2147 1275 tur: vtiles esse possunt? sed ii qui sine habitu talia tractant, recte quidem iudicare non possunt,
459 1263 2159 1327 nisi fortuitu. magis autem ad ea comprehendenda fortasse fuerint apti. Cum igitur nostri maio¬
460 1323 2153 1384 res ea quae ad facultatem ferendarum legum pertinerent sine perscrutatione reliquerint, nosipsos
464 1371 2159 1442 illa fortasse praestat considerare, & omnino de republica pertractare oportet, vt quoad fieri
466 1424 2140 1500 potest, ea philosophia perficiatur, quae circa res humanas versatur. Primum itaque si quid recte
457 1482 2138 1551 sit a maioribus dictum, id enitamur recensere. Deinde ex congregatis rebus publicis considerare
456 1541 2140 1604 quaenam ciuitates & rerum publicarum singulas euertunt, atque conseruant. Et quas ob causas aliae
458 1597 2147 1653 recte gubernantur, aliae contra. His enim perspectis, magis fortasse perceperimus quaenam sit
465 1651 2150 1744 respublica optima, & quomodo vnaquaeque disposita quibusue legibus vtens ac moribus bene
460 1705 1496 1785 fuerit constituta. Dicamus igitur hinc initio sumpto.
923 1775 1526 1878 Ethicorum Aristotelis Finis.
457 1890 2139 1974 ⁋ Sequitur litera. Haec cum ita sint, vt nemo nisi sciens possit esse legislator. Quoniam originem felicitatis
456 1972 2140 2028 posuit legis latorem, inquirit qua via quispiam fiet peritus legislator. Conducibile est post determinationem
462 2019 2140 2074 de moribus videre quanam via quispiam legistator euadere possit. An ab his qui rempublicam gubernant, quen¬
454 2062 2145 2124 admodum in caeteris facultatibus in vsu est, quia legum ferendarum facultas politiae pars est. An non simi¬
458 2111 2132 2170 liter in ciuili & in caeteris scientiis fit. Nam in aliis artibus idem artem tradit & per eam operatur. Inductiue illud
454 2161 2135 2220 est liquidum, de pictoribus, medicis, scribis, calcificibus, vestiariis, & denique de omnibus, at gubernandarum
450 2205 2135 2265 rerum publicarum artem sophistae profitentur, quorum nullus rempublicam moderatur. Sophistes non capitur hic pro
460 2251 2140 2304 callente sophismata, & pro cauillatore sophiae, sed pro apparente & non existente sapiente. sophia enim
447 2301 2144 2353 sapientia & sophi sapientes. philosophi amatores sapientiae. Erantque sophistae rhetoricam docentes & decla¬
454 2346 2132 2404 mare quod non fit sine legum adductione: itaque se legum peritos iactitabant: quarum vere periti esse debent praefe¬
450 2397 2129 2457 cti, iudices, Tribuni plebis praetores propraetores & alii qui in republica insudant. Verum multi qui aliis
451 2444 2121 2499 praesunt ad id muneris inepti videntur: cum experientia & potentia, hoc est habitu ex consuetudine acquisito
450 2490 2128 2539 magis quam mente agere videantur. Per mentem intellectum vel scientiam intelligit. Constat autem eos de talibus nec
448 2538 2137 2596 scribere nec loqui: quod tamen venustius foret quam iudiciales orationes deliberatiuasve in concionibus con¬
460 2583 2134 2645 ponere, more oratorum. Qua vero id facere nequeant hoc indicio deprehenditur: cum nec filios nec amicorum vl¬
459 2627 2131 2692 los ad regendum idoneos efficiant, quod tamen rationi consentaneum erat eos facturos fuisse si potuissent: nec ali¬
457 2677 2135 2734 quid praestantius sibiipsis aut ciuitati reliquissent. Non tamen ciuilis excercitatio est inutilis: quia illa ex¬
457 2729 2138 2786 cercitatio plurimum conducit: alioqui minime fierent per ciuilem consuetudinem ad regendam rempublicam ma¬
451 2773 2135 2830 gis idonei, quod liquet rationi esse dissentaneum. Quocirca iis qui de re ciuili internosse expetunt, experien¬
448 2824 2132 2875 tia opus est. Vidimus enim multa plebiscita & multas praefectorum leges sine experientia latas (quae primo
458 2862 2132 2921 obtuitu nobis rationi consentaneae visae sunt) sinistrum exitum sortiri, & propterea mox abolitas. Qui rei
450 2912 2119 2967 publicae praesunt multa per experientiam norunt. Insuper sophistarum ii qui hanc artem profitentur ab huius
452 2962 2128 3015 tacultatis traditione sunt remoti. Neque enim quid sit nec circa quae insudet ipsi didicerunt. Hoc tali ratione
454 3010 2126 3061 deprehenditur. Si enim id cognoscerent non dicerent ciuilem facultatem esse eandem cum oratoria: proinde nesciunt
458 3058 2134 3117 quid est: & cum dicant eam esse inferiorem arte oratoria, nesciunt circa quae versatur. Insuper non existimarent facile
450 3106 2134 3164 esse leges ferre. Huic rationi innitentes dicunt oportere multas leges a maioribus elucubratas colligere
447 3154 2119 3208 optimasque diligere, quo habito ciuilis facultas pulcherrima conflabitur. Eo pacto vani blaterones di¬
457 3199 2121 3262 cunt facillimum esse factu, egregia volumina condere legesque optimas deligere. i. de multis eligere.
460 3255 2132 3309 proinde quasi delectio optimarum non esset sagacitatis & sollertiae. Hebes & rudi Minerua praedi¬
453 3294 2133 3374 tus pro bonis mala decerpet, & incerta pro certis capiet, & saepeius leges oppositas variis in locis ciebit.
