2365 3590
237 300 1901 382 Qui in singulis sunt periti, recte iudicant, quibus mediis & quomodo perficientur, & quae sint his &
236 366 1901 427 illis consona comprehendunt. Inexpertis satis est si eos non lateat an leges sint bene male ve institutae.
236 409 1901 471 Multi de inuentis bene iudicant qui talia inuenire nequeunt. Patet de carminibus affabre factis, de
251 460 1907 512 picturis, scriptura & caeteris id genus. Leges autem sunt similes operibus ciuilibus: quomodo ergo so¬
239 511 1897 559 phistarum aliquis legissator fuerit aut quonam pacto eas quae sunt optimae diiudicauerit? Neque medici
242 556 1909 610 boni ex libris solum fiunt, tametsi libri ipsi indicant non modo curationes, sed modum etiam quo aegrotan¬
249 605 1909 653 tes suae restituantur valetudini: & de habitu etiam vniuscuiusque distincto, vt hoc pacto puer, illa via die¬
233 647 1895 699 rum plenus: sic cholericus, sic melancholicus curandes venit. Haec autem omnia expertis sunt vtilia illis
251 693 1897 742 vero qui experientia vacant inutilia: oportet medicos de occurrentibus interdum dare nouam sententiam:
236 740 1895 800 Asimili legum publicarum collectiones his qui discernere valent quidnam recte se habeat aut ediuerso, con
241 789 1897 837 ducere possunt: sed qui sine experientiae habitu huiuscemodi tractant, recte nisi fortuitu iudicare ne¬
245 835 1895 894 queunt, tamentsi nihil vetat eos suapte natura ad ea capienda esse magis idoneos. Deinde dicit se de illo
235 884 1894 940 amplius determinaturum: hunc librum cum politicis in quibus hanc materiam pertractabit, continuans. Dicit
234 930 1895 977 itaque sic. Cum igitur maiores nostri ea quae ad legum positiones attinent intacta reliquerit, nosipsos
229 975 1893 1029 illa praestat considerare & omnino de republica disserere & pertractare oportet, vt quo ad fieri potest
241 1015 1891 1069 ea philosophia compleatur quae circa res humanas desudat. Perinde ac si diceret, lam cum iunior essem
238 1068 1894 1126 de naturali philosophia abunde scripsi: nunc de politia & in primis si quid recte a priscis sit dictum hoc
231 1114 1894 1166 in medium conemur referre, vt secundo Politicorum si fata sinant dicemus. Sic in sententias theologus
240 1165 1894 1221 quiuis exacte scribens praecedentum bene dicta, suis additis, capit, & rationi dissentanea confutat. Deinde
230 1206 1892 1257 inquit ex rerum publicarum collatione contemplandum est quae sint illa, quae ciuitatum respublicas euer¬
231 1253 1893 1304 tunt conseruantve, & qua de causa aliae recte, aliae vero oblique regantur. His enim pensiculatis cogno¬
228 1299 1894 1359 uerimus quaenam rerum publicarum sit praestabilissima, & quomodo vnaquaeque respublica constituta, & qui¬
232 1347 1888 1401 bus legibus & moribus bene constituta fuerit. Dicamus igitur hoc sumpto inchoamento, ita vt haec
223 1396 1435 1448 sit Politicorum praefatio. vnde constat politicos libros hosce annectendos.
241 1442 1878 1502 ⁋ Dubitatur hic primo, qui sint isti fortunati per causam diuinam. Secundo, quomodo dicat, quod verba
229 1489 1883 1545 non habent in omnibus vires, sed opus est auditoris animum antea moribus esse cultum: videtur enim
225 1534 1898 1588 sic quod virtutes sint ante virtutes habendae. Tertio, iuuenes non sunt cogendi ad probitatem: per tales
230 1579 1894 1633 enim actus non merentur, quia quodammodo eos inuiti faciunt. Quarto, cur citius iuuenes & pro¬
241 1632 1885 1683 uectae aetatis homines difficilius a malo arceantur. ⁋ Ad primum dicitur, quod aliqui habent aspectus sy¬
235 1673 1887 1730 derum beneuolos suo horoscopo, in quibus est inclinatio magna ad probitatem, aliqui contra ad te¬
232 1719 1896 1771 tra vitia inclinantes. Priorem inclinationem occultam diuinam vocat philosophus. Deus talem inclina¬
229 1766 1900 1817 tionem aliquibus dare potest, sine occursu causarum secundarum. Isti facilius bene agunt quam alii: possunt
231 1813 1855 1865 tamen transgredi. Sic & vitiorum colluuie irretiti possunt ad virtutem prouocari, sed rarius id fit.
236 1858 1890 1918 ⁋ Ad secundam dubitationem respondetur, quod remissi habitus virtutum qui non multum pronificant ad bo¬
235 1908 1887 1966 num, sunt dispositiones ad virtutem & etiam re ipsa virtutes, etiam si inuite boni habitus in pueris
225 1952 1893 2012 generentur ab actibus non sua sponte factis, tunc erunt proni ad virtutes & bene dispositi ad eas: &
230 2002 1888 2063 hoc innuit dicens, Mores igitur praecedant aliquo modo virtuti familiares oportet. ⁋ Ad tertium
229 2047 1889 2109 dicitur, quod licet non mereantur pro tempore, disponunt tamen sua subiecta ad bonum: & tunc non erit
236 2094 1879 2150 eis difficile sua sponte in bonum exire. ⁋ Ad quartum dicitur, quod sanguis & alii humores puerorum sen¬
229 2144 1877 2197 sus titillant & ad libidinem prouocant: sunt enim imprudentes adhuc, nec dedecus in talibus timent.
231 2186 1246 2242 Opposita istorum vsu veniunt in prouectis, sorde non infectis.
234 2218 1822 2296 ⁋ Quinto dubitatur, cur hebetiores non ita sermonibus sicut ingeniosi ad bonum trahuntur.
241 2276 1883 2344 ⁋ Responsio, causa est, quia cum hebetes sint, non ita verba in eorum auribus cordis instillantur. Actus
232 2329 1888 2387 enim actiuorum sunt in patiente & disposito. secundo de anima. Et communiter hebetes sunt aliis mo¬
236 2380 1894 2440 ribus deteriores: sunt enim sicut aspides surdae obturantes aures suas. Aspis vt non audiat, vnam autem
228 2423 1895 2484 in terram ponit, in reliquam caudam imponit. Rudes sordibus irretiti terrenis implicantur, sicque
232 2468 1888 2526 eis vna auris clauditur, & in alteram caudam ponunt, scilicet spem longae vitae cogitantes finaliter pro¬
230 2515 1888 2571 bitatem indepturos, & sic alteram aurem obturat. Contra hoc clamat scriptura, Hodie si vocem eius
229 2560 1895 2616 audieritis, scilicet concionantis, nolite obdurare corda vestra. Salutaris monitio in auribus ingenio¬
222 2611 1890 2669 sorum est dulcis. luxta illud Cantico. a. Sonet vox tua in auribus meis: uox enim tua dulcis. Experien¬
232 2657 1894 2715 tia didici me posse mente pollentes facile inuitare ad bonum: difficillime vero rudiores, hoc inter scho¬
238 2699 1146 2761 lasticos cum quibus plurimum versatus sum, cognoui.
229 2725 1881 2808 ⁋ Dubitatur vltimo, quis sit bonus legislator. Respondetur, Solers qui multas publicas leges nouit,
224 2797 1880 2855 maturus aeui, qui insudauit in regimine populi, & authoritatem in populo habet. Et qui authorita¬
232 2842 1888 2898 tem habens peritorum consilio innititur & ope fulcitur. Sic a lustiniano mediate latae sunt leges.
225 2890 1889 2954 Peritis enim curam legum componendarum tribuit, inualidare iubens dissona & stabilire rectas no¬
226 2937 1886 2993 ua secundum populi vtilitatem sancire. Hactenus de humanis legibus. Reliquum est deum sedulo
229 2983 1888 3049 precari vt nobis sua clementia, speciale praesidium conferat, quatinus eius mandata, monitiones &
223 3032 1582 3092 consilia citra fucum illibate seruemus, vt tandem finali beatitudine perfruamur.
376 3103 1828 3203 Finis Commentariorum Ioannis Maioris Parisiensis Theologi, Impressorum prelo
362 3182 1783 3254 Ascensiano Impensis eiusdem, & Ioannis Parui. Pridie Nonas lunias. M. D. XXX.
