2379 3590
246 280 1913 372 Qui in singulis sunt periti, recte iudicant, quibus mediis & quomodo perficientur, & quae sint his &
240 358 1916 415 illis consona comprehendunt. Inexpertis satis est si eos non lateat an leges sint bene maleve institutae.
250 397 1915 457 Multi de inuentis bene iudicant qui talia inuenire nequeunt. Patet de carminibus affabre factis, de
244 448 1919 503 picturis, scriptura & caeteris id genus. Leges autem sunt similes operibus ciuilibus: quomodo ergo so¬
248 497 1924 557 phistarum aliquis legissator fuerit aut quonam pacto eas quae sunt optimae diiudicauerit? Neque medici
254 543 1913 593 boni ex libris solum fiunt, tamentsi libri ipsi indicant non modo curationes, sed modum etiam quo aegrotan¬
250 588 1915 642 tes suae restituantur valetudini: & de habitu etiam vniuscuiusque distincto, vt hoc pacto puer, illa via die¬
254 636 1915 686 rum plenus: sic cholericus, sic melancholicus curandus venit. Haec autem omnia expertis sunt vtilia illis
254 684 1915 731 vero qui experientia vacant inutilia: oportet medicos de occurrentibus interdum dare nouam sententiam.
256 729 1903 786 Asimili legum publicarum collectiones his qui discernere valent quidnam recte se habeat aut ediuerso, con
240 776 1911 822 ducere possunt: sed qui sine experientiae habitu huiuscemodi tractant, recte nisi fortuitu iudicare ne¬
248 822 1913 881 queunt, tamentsi nihil vetat eos suapte natura ad ea capienda esse magis idoneos. Deinde dicit se de illo
243 872 1908 928 amplius determinaturum: hunc librum cum politicis in quibus hanc materiam pertractabit, continuans. Dicit
240 916 1906 964 itaque sic. Cum igitur maiores nostri ea quae ad legum positiones attinent intacta reliquerit, nosipsos
247 963 1914 1019 illa praestat considerare & omnino de republica disserere & pertractare oportet, vt quo ad fieri potest
237 1002 1904 1059 ea philosophia compleatur quae circa res humanas desudat. Perinde ac si diceret, lam cum iunior essem
256 1055 1909 1105 de naturali philosophia abunde scripsi: nunc de politia & in primis si quid recte a priscis sit dictum hoc
244 1103 1899 1158 in medium conemur referre, vt secundo Politicorum si fata sinant dicemus. Sic in sententias theologus
244 1151 1909 1207 quiuis exacte scribens praecedentum bene dicta, suis additis, capit, & rationi dissentanea confutat. Deinde
247 1194 1908 1252 inquit ex rerum publicarum collatione contemplandum est quae sint illa, quae ciuitatum respublicas euer¬
246 1242 1907 1293 tunt conseruantve, & qua de causa aliae recte, aliae vero oblique regantur. His enim pensiculatis cogno¬
239 1287 1900 1337 uerimus quaenam rerum publicarum sit praestabilissima, & quomodo vnaquaeque respublica constituta, & qui¬
241 1335 1909 1389 bus legibus & moribus bene constituta fuerit. Dicamus igitur hoc sumpto inchoamento, ita vt haec
244 1383 1444 1433 sit Politicorum praefatio. vnde constat politicos libros hosce annectendos.
249 1424 1896 1490 ⁋ Dubitatur hic primo, qui sint isti fortunati per causam diuinam. Secundo, quomodo dicat, quod verba
241 1478 1900 1528 non habent in omnibus vires, sed opus est auditoris animum antea moribus esse cultum: videtur enim
244 1523 1897 1573 sic quod virtutes sint ante virtutes habendae. Tertio, iuuenes non sunt cogendi ad probitatem: per tales
243 1569 1910 1617 enim actus non merentur, quia quodammodo eos inuiti faciunt. Quarto, cur citius iuuenes & pro¬
249 1619 1896 1671 uectae aetatis homines difficilius a malo arceantur. ⁋ Ad primum dicitur, quod aliqui habent aspectus sy¬
241 1664 1898 1718 derum beneuolos suo horoscopo, in quibus est inclinatio magna ad probitatem, aliqui contra ad te¬
242 1712 1893 1763 tra vitia inclinantes. Priorem inclinationem occultam diuinam vocat philosophus. Deus talem inclina¬
232 1756 1900 1814 tionem aliquibus dare potest, sine occursu causarum secundarum. Isti facilius bene agunt quam alii: possunt
240 1805 1865 1857 tamen transgredi. Sic & vitiorum colluuie irretiti possunt ad virtutem prouocari, sed rarius id fit.
239 1846 1902 1905 ⁋ Ad secundam dubitationem respondetur, quod remissi habitus virtutum qui non multum pronificant ad bo¬
239 1896 1891 1955 num, sunt dispositiones ad virtutem & etiam re ipsa virtutes, etiam si inuite boni habitus in pueris
240 1946 1903 1998 generentur ab actibus non sua sponte factis, tunc erunt proni ad virtutes & bene dispositi ad eas: &
239 1989 1898 2043 hoc innuit dicens, Mores igitur praecedant aliquo modo virtuti familiares oportet. ⁋ Ad tertium
245 2035 1898 2097 dicitur, quod licet non mereantur pro tempore, disponunt tamen sua subiecta ad bonum: & tunc non erit
242 2083 1897 2141 eis difficile sua sponte in bonum exire. ⁋ Ad quartum dicitur, quod sanguis & alii humores puerorum sen¬
239 2130 1883 2184 sus titillant & ad libidinem prouocant: sunt enim imprudentes adhuc, nec dedecus in talibus timent
244 2173 1265 2231 Opposita istorum vsu veniunt in prouectis, sorde non infectis.
247 2204 1837 2285 ⁋ Quinto dubitatur, cur hebetiores non ita sermonibus sicut ingeniosi ad bonum trahuntur.
245 2262 1893 2330 ⁋ Responsio, causa est, quia cum hebetes sint, non ita verba in eorum auribus cordis instillantur. Actus
242 2319 1894 2367 enim actiuorum sunt in patiente & disposito. secundo de anima. Et communiter hebetes sunt aliis mo¬
245 2365 1903 2430 ribus deteriores: sunt enim sicut aspides surdae obturantes aures suas. Aspis vt non audiat, vnam aurem
244 2411 1903 2473 in terram ponit, in reliquam caudam imponit. Rudes sordibus irretiti terrenis implicantur, sicque
249 2459 1895 2516 eis vna auris clauditur, & in alteram caudam ponunt, scilicet spem longae vitae cogitantes finaliter pro¬
241 2502 1898 2558 bitatem indepturos, & sic alteram aurem obturat. Contra hoc clamat scriptura, Hodie si vocem eius
232 2549 1905 2597 audieritis, scilicet concionantis, nolite obdurare corda vestra. Salutaris monitio in auribus ingenio¬
232 2594 1900 2656 sorum est dulcis. luxta illud Cantico. 5. Sonet vox tua in auribus meis: uox enim tua dulcis. Experien¬
241 2645 1894 2711 tia didici me posse mente pollentes facile inuitare ad bonum: difficillime vero rudiores, hoc inter scho¬
240 2688 1153 2738 lasticos cum quibus plurimum versatus sum, cognoui.
236 2737 1916 2804 ⁋ Dubitatur vltimo, quis sit bonus legistator. Respondetur, Solers qui multas publicas leges nouit,
242 2788 1916 2835 maturus aeui, qui insudauit in regimine populi, & authoritatem in populo habet. Et qui authorita¬ i
241 2834 1893 2893 tem habens peritorum consilio innititur & ope fulcitur. Sic a lustiniano mediate latae sunt leges.
232 2877 1898 2936 Peritis enim curam legum componendarum tribuit, inualidare iubens dissona & stabilire rectas no¬
242 2924 1903 2980 ua secundum populi vtilitatem sancire. Hactenus de humanis legibus. Reliquum est deum sedulo
231 2977 1901 3047 precari vt nobis sua clementia, speciale praesidium conferat, quatinus eius mandata, monitiones &
247 3020 1582 3074 consilia citra fucum illibate seruemus, vt tandem finali beatitudine perfruamur.
373 3093 1824 3194 Finis Commentariorum Ioannis Maloris Parisiensis Theologi, Impressorum prelo
378 3170 1790 3248 Ascensiano Impensis eiusdem, & Ioannis Parui. Pridie Nonas lunias. M. D. XXX.
