2352 3590
248 287 1922 370 Qui in singulis sunt periti, recte iudicant, quibus mediis & quomodo perficientur, & quae sint his &
262 354 1924 406 illis consona comprehendunt. Inexpertis satis est si eos non lateat an leges sint bene male ve institutae.
247 391 1918 456 Multi de inuentis bene iudicant qui talia inuenire nequeunt. Patet de carminibus affabre factis, de
260 451 1922 505 picturis, scriptura & caeteris id genus. Leges autem sunt similes dperibus ciuilibus: quomodo ergo so¬
260 494 1930 550 phistarum aliquis legissator fuerit aut quonam pacto eas quae sunt optimae diiudicauerit? Neque medici
257 540 1928 595 boni ex libris solum fiunt, tametsi libri ipsi indicant non modo curationes, sed modum etiam quo aegrotan¬
257 593 1922 640 tes suae restituantur valetudini: & de habitu etiam vniuscuiusque distincto, vt hoc pacto puer, illa via die¬
248 633 1912 687 rum plenus: sic cholericus, sic melancholicus curandeis venit. Haec autem omnia expertis sunt vtilia illis
262 685 1916 741 vero qui experientia vacant inutilia: oportet medicos de occurrentibus interdum dare nouam sententiam.
256 727 1918 785 Asimili legum publicarum collectiones his qui discernere valent quidnam recte se habeat aut ediuerso, con
254 774 1924 820 ducere possunt: sed qui sine experientiae habitu huiuscemodi tractant, recte nisi fortuitu iudicare ne¬
260 822 1922 878 queunt, tamentsi nihil vetat eos suapte natura ad ea capienda esse magis idoneos. Deinde dicit se de illo
257 869 1922 919 amplius determinaturum: hunc librum cum politicis in quibus hanc materiam pertractabit, continuans. Dicit
254 917 1919 964 itaque sic. Cum igitur maiores nostri ea quae ad legum positiones attinent intacta reliquerit, nosipsos
244 961 1910 1015 illa praestat considerare & omnino de republica disserere & pertractare oportet, vt quo ad fieri potest
247 1010 1922 1064 ea philosophia compleatur quae circa res humanas desudat. Perinde ac si diceret, lam cum iunior essem
250 1054 1920 1106 de naturali philosophia abunde scripsi: nunc de politia & in primis si quid recte a priscis sit dictum hoc
246 1100 1916 1154 in medium conemur referre, vt secundo Politicorum si fata sinant dicemus. Sic in sententias theologus
252 1150 1908 1207 quiuis exacte scribens praecedentum bene dicta, suis additis, capit, & rationi dissentanea confutat. Deinde
247 1190 1912 1250 inquit ex rerum publicarum collatione contemplandum est quae sint illa, quae ciuitatum respublicas euer¬
256 1240 1911 1288 tunt conseruantve, & qua de causa aliae recte, aliae vero oblique regantur. His enim pensiculatis cogno¬
247 1287 1913 1347 uerimus quaenam rerum publicarum sit praestabilissima, & quomodo vnaquaeque respublica constituta, & qui¬
250 1334 1912 1400 bus legibus & moribus bene constituta fuerit. Dicamus igitur hoc sumpto inchoamento, ita vt haec
249 1381 1444 1433 sit Politicorum praefatio. vnde constat politicos libros hosce annectendos.
252 1427 1906 1491 ⁋ Dubitatur hic primo, qui sint isti fortunati per causam diuinam. Secundo, quomodo dicat, quod verba
241 1475 1905 1529 non habent in omnibus vires, sed opus est auditoris animum antea moribus esse cultum: videtur enim
248 1522 1904 1583 sic quod virtutes sint ante virtutes habendae. Tertio, iuuenes non sunt cogendi ad probitatem: per tales
251 1568 1907 1623 enim actus non merentur, quia quodammodo eos inuiti faciunt. Quarto, cur citius iuuenes & pro¬
249 1614 1913 1664 uectae aetatis homines difficilius a malo arceantur. ⁋ Ad primum dicitur, quod aliqui habent aspectus sy¬
254 1659 1902 1721 derum beneuolos suo horoscopo, in quibus est inclinatio magna ad probitatem, aliqui contra ad te¬
241 1711 1902 1763 tra vitia inclinantes. Priorem inclinationem occultam diuinam vocat philosophus. Deus talem inclina¬
234 1753 1911 1813 tionem aliquibus dare potest, sine occursu causarum secundarum. Isti facilius bene agunt quam alii: possunt
241 1795 1868 1853 tamen transgredi. Sic & vitiorum colluuie irretiti possunt ad virtutem prouocari, sed rarius id fit.
252 1846 1924 1909 ⁋ Ad secundam dubitationem respondetur, quod remissi habitus virtutum qui non multum pronificant ad bo¬ i
240 1898 1893 1954 num, sunt dispositiones ad virtutem & etiam re ipsa virtutes, etiam si inuite boni habitus in pueris
248 1941 1898 1996 generentur ab actibus non sua sponte factis, tunc erunt proni ad virtutes & bene dispositi ad eas: &
248 1989 1893 2039 hoc innuit dicens, Mores igitur praecedant aliquo modo virtuti familiares oportet. ⁋ Ad tertium
244 2028 1906 2098 dicitur, quod licet non mereantur pro tempore, disponunt tamen sua subiecta ad bonum: & tunc non erit
250 2078 1900 2138 eis difficile sua sponte in bonum exire. ⁋ Ad quartum dicitur, quod sanguis & alii humores puerorum sen¬
241 2129 1895 2190 sus titillant & ad libidinem prouocant: sunt enim imprudentes adhuc, nec dedecus in talibus timent.
253 2174 1261 2226 Opposita istorum vsu veniunt in prouectis, sorde non infectis.
252 2203 1842 2282 ⁋ Quinto dubitatur, cur hebetiores non ita sermonibus sicut ingeniosi ad bonum trahuntur.
243 2267 1899 2322 ⁋ Responsio, causa est, quia cum hebetes sint, non ita verba in eorum auribus cordis instillantur. Actus
253 2317 1903 2370 enim actiuorum sunt in patiente & disposito. secundo de anima. Et communiter hebetes sunt aliis mo¬
251 2363 1907 2427 ribus deteriores: sunt enim sicut aspides surdae obturantes aures suas. Aspis vt non audiat, vnam aurem
250 2412 1906 2475 in terram ponit, in reliquam caudam imponit. Rudes sordibus irretiti terrenis implicantur, sicque
246 2458 1900 2520 eis vna auris clauditur, & in alteram caudam ponunt, scilicet spem longae vitae cogitantes finaliter pro¬
234 2499 1900 2558 bitatem indepturos, & sic alteram aurem obturat. Contra hoc clamat scriptura, Hodie si vocem eius
245 2553 1911 2597 audieritis, scilicet concionantis, nolite obdurare corda vestra. Salutaris monitio in auribus ingenio¬
243 2594 1897 2658 sorum est dulcis. luxta illud Cantico. ax. Sonet vox tua in auribus meis: uox enim tua dulcis. Experien¬
247 2644 1905 2711 tia didici me posse mente pollentes facile inuitare ad bonum: difficillime vero rudiores, hoc inter scho¬
238 2686 1147 2737 lasticos cum quibus plurimum versatus sum, cognoui.
239 2732 1916 2796 ⁋ Dubitatur vltimo, quis sit bonus legislator. Respondetur, Solers qui multas publicas leges nouit, I
235 2788 1916 2845 maturus aeui, qui insudauit in regimine populi, & authoritatem in populo habet. Et qui authorita¬i
237 2833 1901 2885 tem habens peritorum consilio innititur & ope fulcitur. Sic a lustiniano mediate latae sunt leges.
230 2873 1909 2931 Peritis enim curam legum componendarum tribuit, inualidare iubens dissona & stabilire rectas no¬
241 2923 1907 2981 ua secundum populi vtilitatem sancire. Hactenus de humanis legibus. Reliquum est deum sedulo
238 2969 1901 3047 precari vt nobis sua clementia, speciale praesidium conferat, quatinus eius mandata, monitiones &
242 3020 1595 3081 consilia citra fucum illibate seruemus, vt tandem finali beatitudine perfruamur.
383 3099 1827 3198 Finis Commentariorum Ioannis Maioris Parisiensis Theologi, Impressorum prelo
374 3158 1802 3236 Ascensiano Impensis eiusdem, & Ioannis Parui. Pridie Nonas lunias. R. D. XXX.
