2398 3600
277 274 1963 360 mine sunt, vt diximus, vitae: nemo beatorum fuerit miser. Nunquam enim odiosum quicquam atque
270 332 1963 389 improbum aget. Eum enim qui vere bonus atque prudens est fortunam omnem decore perferre¬
274 385 1948 461 pro facultateque rerum semper res pulcherrimas agere, vt & ducem bonum praesentibus vt
284 455 1962 519 castris ad optime gerendum bellum: & bonum item sutorem ex sibi datis pellibus pulcher¬
280 503 1964 572 rimum conficere calceum, caeterosque omnes identidem artifices arbitramur: quae cum ita sint,
281 555 1955 608 miser quidem nunquam fuerit ipse foelix. Beatus tamen non erit, si in Priami calamitates incide¬
272 603 1977 675 rit, nec igitur varius facileque mutabilis erit: neque enim foelicitate facile aut a quibusuis, sed ab e
280 661 1958 740 ingentibus & multis aduersitatibus dimouebitur: & ex talibus non in paruo sed in longo
284 714 1962 789 quodam perfectove tempore rursus fuerit foelix, magnas in eo res praeclarasque nactus. Quid
281 779 1969 838 igitur obstat eum foelicem dicere: qui per virtutem operatur perfectam: & bonis externis sa¬
286 836 1958 893 tis abundat: non quouis in tempore: sed in vita perfecta? An est addendum: & ita est victu¬
284 887 1970 946 rus & secundum rationem moriturus: quippe cum futurum quidem incertum fit nobis: foe¬
283 939 1955 1016 licitatem autem finem, & omnino perfectam omni ex parte ponamus? Quod si ita fit, viuen¬
290 995 1953 1074 tium eos quibus ea quae diximus & insunt & inerunt beatos dicemus, beatos autem homi¬
285 1046 1111 1130 nes. Sed de his quidem eousque sit diffinitum.
388 1206 1961 1279 St ne igitur. Istud est secundum caput huius tertii tractatus in quo duas dubitationes tangit.
318 1265 1958 1320 Prior est an quis potest dici felix dum viuit, & an quis potest dici felix post mortem. Occasionem
279 1307 1957 1359 istud inuestigandi ex dictis in fine capituli praecedentis accepit, vbi dicebatur, si quispiam in calami¬
288 1355 1951 1410 tates Priami incidat is non est felix. Posterior & quam secundo indagat, an amicorum viuentium infortu¬
283 1404 1959 1463 nium & prosperitates in mortuos redundent. Quantum ad priorem dubitationem, perquirit an aliquis
284 1444 1955 1507 sit dicendus felix in vita. Dicit ergo in principio sic, Quaestio incidit an aliquis dum viuit dici potest felix,
282 1494 1960 1548 an iuxta Solonis atheniensis sententiam spectare oportet finem vitae. Hoc controuersiam & dubitationem
279 1536 1963 1595 habet & potest bifariam intelligi. Vno modo quod quando est mortuus, est felix, quia positus extra mala. Se¬
286 1589 1966 1641 cundo me do, quia tunc verum est dicere certitudinaliter iste est aut fuit felix. Haec prior via est aliena a
281 1639 1969 1688 philosopho aut ponente felicitatem in humana operatione virtutis consistere: defunctus enim non opera¬
284 1678 1960 1732 tur secundum virtutem. dicitque quod hunc modum conuellere non opus est: quia id non voluit legislator Solon, sed se¬
286 1730 1958 1784 cundo modo: quem modum sic oppugnat, mortuus non est positus extra mala, quia mortuo accidunt mala
278 1770 1960 1828 & inhonorationes, honores: infortunia, & fortunia amicorum viuentium: nam viuenti etiam non sentienti
279 1817 1957 1879 haec contingunt: sicut saepius in vita contingit mihi in gallia commoranti, sic in effectu arguit, homini
292 1869 1955 1931 viuenti licet non sentienti potest bonum vei malum contingere, proinde & mortuo: tenet consequentia.
284 1920 1957 1973 quia non est discrimen, nisi sicut difsert non sentiens a sentiente, & per consequens si homo dum viuit ob infor¬
289 1965 1954 2020 tunia contingentia non potest dici felix: sequitur etiam ob talia contingentia post mortem non erit felix. Quaestio
293 2008 1958 2075 nem praedictorum occasione interponit, ad qua vtrinque disputat. Potest enim fieri vt quispiam ad vitae periodum puer
276 2052 1966 2111 be vixerit fatisque concesserit humanis, & magnam circa natos varietatem contingere. perspicuum enim est filios lo¬
283 2107 1968 2164 ga post intercapedine multifatiam posse a parentum tramite & vita degredi: & absurdum est si felix modo
278 2154 1964 2203 miser modo felix fieret. quod tamen accideret si ipsum ponerent felicem. Post haec ad alteram partem dispu
279 2200 1957 2259 tat inquiens. Absonum etiam videtur si posteriorum res parentibus non essent curae, pro aliquo saltem pu¬
280 2242 1954 2298 sillo tempore. Hanc quaestionem obiter incidentem in sequenti capite absoluit, nunc vero eam relinquens
287 2294 1955 2345 ait. Sed redeundum est ad id quod prius est dubitatum & ex hoc forte veritas elucebit. Porro & si exitum ex¬
287 2338 1960 2391 pectare oportet & tunc dicere quenquam beatum, non quod tunc beatus sit, sed tunc recte dicimus iste fuit bea¬
281 2377 1954 2436 tus, quomodo absurdum non videtur tunc cum est felix, nos non posse vere felicem appellare? hoc autem
278 2434 1952 2492 est absurdum, igitur dum viuit dici potest esse felix. Vult dicere quod absonum est dicere de aliquo quod fuerit fe
280 2473 1952 2538 lix, de quo nunqui praesentialiter verum erat dicere iste est felix: cum quaelibet propositio de praeterito ve¬
273 2526 1951 2577 ra prius habuit vnam de praesenti veram, vel habuisset si fortuna fuisset: cum in morte socratis, hoc est in
286 2571 1958 2626 primo instanti non esse eius verum est dicere socrates fuit felix, prius verum erat dicere Socrates est felix &
282 2619 1962 2666 hoc non nisi in vita, igitur. Sequitur. Quia viuentes. dicere hic remouet motiuum Solonis, quod fuit, con¬
277 2661 1961 2714 tingit fortunas saepius circulariter moueri circa quempiam, qui nunc est locuples, nunc inops: at felicitas
282 2709 1952 2766 est quoddam permanens & stabile. Probat, quod nemo est felix per respectum ad bona externa, quia bona &
273 2761 1957 2810 mala fortunae sunt saepicule variabilia instabilia & incerta: ergo si ex bonis externis felicitas dependeret,
281 2802 1954 2853 ipsa esset instabilis & variabilis instar comeleontis. Cameleon autem circa phasin amnem atque in India cre¬
280 2847 1943 2902 briter gignitur, animal figura & magnitudine lacerti, tardi motus, ad cuiustibet circumstantis colorem mu
284 2901 1962 2946 tatur, & quia in paucis aliis id inuenitur eo mirabilius putatur: idem de cancro tradunt. aere pascitur, si
284 2941 1201 3005 Plinius est verus relator, quod & Quidius sensit sic canens,
285 2989 1010 3052 Id quoque quod ventis animal nutritur, & aura,
279 3034 994 3087 Protinus assimulat tetigit quoscunque colores.
286 3081 1945 3145 Caeterum felicitas est bonum firmum & solidum. Nam est rationi dissentaneum felicitatem fortunam se¬
284 3138 1947 3189 qui, in qua probe aut improbe viuere non est situm quamuis opus sit in humana vita bonis externis, sed re¬
263 3174 1952 3255 spectu felicitatis ipsa sunt accidentaria, Secundo, operationes secundum virtutem dominae sunt felicitatis, & contra
