2399 3597
244 231 1930 325 qui masculino pectore cruciatus tulerunt, & non foemineo more eiularunt, fuisse perfecte felices, & sic bea¬
229 319 1919 377 tos. Sed medium ponerem inter felicem & miserum, non ponens more multorum, quod Priamus ob dif¬
232 362 1909 417 fortunia fuisset non felix, etiam si inuicto mansisset animo. Sed sic dico quod felix est vir heroicus in vita
235 410 1927 468 perfecti: miser vitiis sordet: mediocris vir inter hos est intermedius. Sequitur. Igitur obstat eum felicem
239 463 1927 515 dicere qui per virtutem operatur. Secundum virtutem emunctam & exactam & exteris bonis sufficien¬
235 504 1931 563 ter est locuples, non in quantolibet tempore scilicet minuto, sed in vita perfecta, hoc est longa, potissi¬
237 555 1924 620 mum circa exitum cum animam efflat. An alia cauda adiicienda est, ita victurus atque consentanee su¬
252 598 1921 654 premum diem clausurus: loquitur de facilitate ciuili: quippe cum futuritio sit nobis anceps: & felicita¬
238 639 1924 700 tem omnifariam perfectam dicimus. quare cum haec recta sint, quibus haec nuperrime tacta insunt & fi
245 690 1916 744 naliter inerunt, beatos illos diximus, beatos inquam homines, hoc est dicemus eos felices humana sor¬
237 738 1916 798 te. Qui superiorem beatitudinis sortem inter nos expiscatur, inaniter laborat: quasi diceret non possi¬
243 784 1904 841 mus beatitudinem dei & supercaelestium intelligentiarum adipisci: satis itaque erit nobis posse venari bea¬
234 836 1168 892 titudinem, quam homines caduco corpore adipisci valent.
275 846 1933 941 Dubitatur primo an virtutes sint permanentiores scientiis. Secundo an positio haec Solonis sit susti E
252 929 1921 982 nibilis. Nemo est beatus in vita. Tertio an quaelibet propositio de praeterito vaera habuerit vnam de prae
250 972 1108 1023 senti veram. Quarto an beatus aliquid mali patiatur.
251 1000 1903 1086 ⁋ Ad primam dubitationem respondetur, quod scientia habitus, sicut & quilibet habitus animi, non
241 1058 1933 1117 corrumpitur nisi per applicationem contrarii, & stat illud nunquam applicari: sic erit de habitu virtutis. Lo¬¬
256 1112 1906 1176 quitur enim de operatione & actu virtutis, quem dicit esse permanentiorem actu scientifico: quia enim
251 1164 1922 1223 semper materia circa quam est virtus, felici occurrit & est bene habituatus: iugiter in actus virtutum exi¬
255 1203 1909 1260 bit: nunc inopibus stipem elargiendo, nunc frugaliter & caste viuendo, etiam inter dapes & foeminas. quia
245 1252 1912 1318 bene habituatus est in multis virtutum obiectis: quare non succumbit. Non ita communiter exit quis in
250 1297 1915 1356 actum scientificum. Dixi communiter,. regens enim & docentis officium tenens in geometria tota vita, veltin
250 1350 1903 1406 grammatica, saepius in actus scientificos geometricos aut grammaticos exit quam iste probus in actus virtu¬
245 1398 1903 1451 tum. ⁋ Ad secundam dubitationem potest dici quod nemo est beatus in hac vita certitudinaliter. Quidius
249 1438 982 1509 enim Soloni tertio meta, subscribit inquiens.
251 1485 676 1544 Sed scilicet vltima semper
243 1518 905 1595 Expectanda dies homini est: dicique beatus
260 1574 995 1631 Ante obitum nemo, supremaque funera debet.
251 1624 1907 1687 Haec Solonis sententia partim Croesum lydorum regem liberauit, Cyrumque Maiorem cautiorem reddi¬
251 1672 1907 1729 dit. Croesus enim opibus exuberans se omnium beatissimum falso praedicabat: & quum Solon in re¬
245 1724 1910 1784 gnum hospitaliter receptus circa thesauros eius ductus esset, petiit Croesus, quem omnium felicissimum
243 1779 1912 1835 censeret, & an quenquam ipso feliciorem nosset. Eo tempore Solon ab omni adulatione ( vt philosophum de¬
253 1814 1912 1880 cet) sequestratus, Stellum Atheniensem beatum praedicat. deinde Cleobem Bythonemque exiguae fortunae
250 1861 1915 1930 homines faustissimos obiisse prodidit: & Croesum ne priuatis quidem aequiparauit, asseruitque neminem
260 1913 1910 1962 ante vitae exitum, dici debere beatum. Croesus autem postea a Cyro Persarum imperatore victus & iam¬
249 1958 1924 2016 iamque tradendus flammis, Solonis dictum expendens maximopere illud laudauit. Qua re quidem & ad
248 2005 1867 2064 Cyrum delata Croesum non exussit, humanam sortem miseratus, Solonisque sententiam trutinauit.
253 2050 806 2109 Cui astipulatur luuenalis inquiens.
251 2072 983 2160 Et Croesum quem vox iusti facunda Solonis
256 2142 958 2197 Respicere extremae iussit spatia vltima vitae.
249 2190 1918 2257 Fidem sententiae alludit gregoriana sententia in homilia de confessore pontifice, qua dicitur, Lauda ergo
250 2234 1921 2300 post periculum, praedica securum, lauda nauigantis felicitatem, sed cum peruenerit ad portum: lauda du¬
256 2290 1929 2353 cis virtutem cum perductus est ad triumphum. Sicut est de hac Socrates perseuerat: vel de hac Socrates
245 2328 1912 2392 est martyr: tenendo quod de ratione martyrii est mortem pro veritate, aut honesto opere subire. Tales
247 2379 1922 2443 enim dependent ex propositionibus contingentibus de futuro: sic loquendo saluatur dictum Solonis,
250 2433 1907 2497 nec oppositum probat philosophus, licet ipse probet hanc veram: In vita Socrates est felix, supposito quod
251 2469 1399 2537 belle obeat. illa de futuro est anceps, ob illud quod in posterum contingit.
260 2520 1934 2583 ⁋ Ad tertium dubium dicitur, si deus in qualibet parte proportionali horae praeteritae crearet vnum an¬¬
265 2570 1907 2629 gelum, minoribus nos versus terminatis. iam in instante horam finiente, verum est dicere quilibet isto¬
243 2617 1906 2669 rum angelorum prius fuit. Etiam haec est vera, primo quilibet istorum angelorum primo est. Similiter.
255 2657 1915 2721 istae sunt simul verae, Socrates homo fuit: Socrates homo est. In aliis autem prius ita est in re sicut per il¬
246 2703 1492 2762 lam de praesenti significatur, quod ita sit sicut per illam de praeterito importatur.
256 2752 1910 2811 ⁋ Ad quartam dubitationem respondetur quod duplex est felicitas, quaedam meritoria, de qua Matthaei. v.
262 2801 1921 2855 Christus loquitur, beati pauperes spiritu &c. Tales possunt aduersitates pati: propterea illic Christus di¬
251 2851 1925 2914 cit, beati qui lugent: beati qui persecutionem patiuntur. Et de tali beatitudine solum Philosophus loquitur.
251 2887 1916 2963 Alia est beatitudo praemiatoria de qua theosophi loquuntur, quae nullam aduersitatem aut culpam admit¬
244 2942 1912 3007 tit, de hac dicit psalmographus regius. Beati qui habitant in domo tua domine: in secula seculorum lau¬
248 2990 1446 3048 dabunt te. Sed quia haec modum Aristotelis transcendit, eam missam facio.
302 3035 1933 3112 Dubitatur quinto, an vnus felix sit alio felicior. Respondetur affirmatiue theologice loquendo Ioan¬ p
244 3088 1932 3176 nis. xiiii. In domo patris mei mansionens multae sunt: sic secundum Aristotelem vnus est altero prae¬ per
246 3124 707 3200 stantior, licet vterque sit felix.
