2375 3603
469 235 2137 303 virum animam negligere. Ad eandem scientiam de subiecto & eius accidente spectat considerare. Propterea medi¬
477 300 2139 351 cus qui scientiam corporis humani curat, corpus humanum cognoscere laborat: verum hactenus animam co
469 337 2139 401 gnoscere sufficit, quatenus satis fuerit ad ea quae hic quaerimus: Nam fusius & exactius hoc considerare inpraesentia¬
469 390 2145 444 rum onerosius esset qui hoc institutum exigat. In externis sermonibus, hoc est in libris de aia, locupletis super
473 430 2152 489 hoc loquuti sumus, qui libri sunt externi ad hanc artem, forte modum ita loquendi ab Aristotele mutuati sunt
471 485 2150 538 canonistae antiqui, cum enim ex legibus aut extra canones quicquam allegant, dicere solent extra. Partium animae quaedam
465 530 2148 593 prosus est irrationalis, quae scilicet poenitus ratione vacat alia rationem habet. Et hic non est discutiendum an partes illae
478 573 2148 630 re ipsa distinctae sint, quemadmodum corporis, & cuiuslibet diuisibilis partis, an sint sola ratione duae, quemad¬
474 609 2142 677 modum circumferentia ratione duo est, convexum & concauum. Hoc ob Platonem ponit, siquidem ipse Plato potentias animae
472 661 2148 715 subiecto distinguit, iram in corde, concupiscibile in hepate ponens, vt Tullius in Tusculanis prodit. Elegantius
472 709 2140 772 loquitur philosophus. Nam re ipsa potentiae animae cum anima conspirant, vt ascensus & descensus in scala, vel sicut conue¬
477 761 2153 817 xum & concauum in circulo, imaginare lineam latitudinis & crassitudinis expertem. Sequitur. ⁋ Partis autem animae ra¬
472 804 2157 863 tione vacantis alia quidem potentia communis est, vt vegetatiua: convenit enim plantis, embrioni & huiusmodi. Voco eam ve
484 850 2146 913 getatiuam quae est causa nutritionis & augmentationis, cum animalia crescant. Nihil enim perfectionum in animalibus perfectis
474 902 2140 961 est negandum, earum qua in impfectis ponuntur. Est etiam magis consonum rationi hanc eandem vegetatiuam quam aliquam aliam
490 949 2146 1010 ponere. Vbicumque enim anima rationalis ponitur, illic sensitiua & vegetatiua ponitur: & animalia perfecta signanter crescere
488 999 2145 1051 videmus, ergo citius hanc animam quam quancumque aliam in omnibus ponemus. Sequitur. Huius igitur virtus communis. hoc est
478 1041 2129 1096 virtus huius scilicet vegetatiuae est communis & non humana, hoc est non est homini propria. Hoc probat, quia talis virtus
485 1086 2155 1143 animae reperitur in embrionibus & in animalibus impefectis, & in omnibus quae nutriuntur, ergo illa assimilatur virtuti communi
481 1136 2157 1188 & plantatiuae. Secunda ratio est. Haec pars irrationalis maxime in somnis operatur: experimur enim digestiuam bene
481 1182 2149 1244 suam operationem in somno exercuisse, proinde eodem modo exercet nutritiua: sed bonus & malus per somnum non
483 1230 2137 1285 cognoscuntur, igitur. Quapropter inquiunt felices a miseris nihil in dimidio vitae distare, hoc est tempore somni,
478 1284 2142 1334 quo aliqui in media vita vituntur. Secundo sic. Dormiens aliquos actus vitae exercet, vt dictum est, & etiam per phan¬
475 1326 2143 1381 tasiam tunc operatur, non enim habet actus liberos, nec actus sensuum exteriorum, ergo tempus somni est tempus
484 1368 2148 1428 dimidiatae vitae, quia somnus est quies sensuum interiorum & intellectus. Nec id irrationabiliter ponitur, nam
478 1415 2142 1471 somnus est quaedam ociositas animae tam studiosae quam vitiosae, nisi parumper motiuum praeueniant aliquando, sed modesto¬
481 1463 2137 1515 rum visa praestantiora sunt quam reliquorum. Probus enim de virtute & probitate somniat, flagitia in somno inciden¬
480 1506 2140 1564 tia a bono habitu mox repellit, sed aliquibus vitiis inquinatus in illorum materia somniat: secundum illud
481 1549 2145 1611 Catonis. Somnia ne cures &c. Et saepe a corporis habitu eueniunt. Nam ad phlegmata lapsus, se sub¬
478 1604 2146 1659 mersum aut aquarum marginibus haerentem somniat, cholericus de bello, atra bili percitus de laruis
479 1645 2139 1700 & atris visa habere solet. Etiam tempus anni, & influentiae caelestes, non parum momenti ad somnia
475 1694 2145 1761 habere consueuerunt, aliquo enim tempore anni nocturni somnii in crastino sumus immemores, ali¬
478 1747 2136 1803 quo autem somniorum sumus memoratiui, sed de his hactenus. Et nutriendi potentia cum humanae
491 1789 2143 1847 virtutis sit immunis, omittenda est. Sequitur in litera. Videtur autem & alia quaedam esse natura ani¬
479 1834 2139 1894 mae vacans ratione, aliqua tamen ex parte particeps rationis. Illa autem est sensitiua. Et tam in con¬
484 1879 2142 1937 tinente quam in incontinente rationem & animae partem rationalem laudamus, nec ab re quidem. Nam
479 1926 2145 1982 ratio ad optima semper hortatur & prouocat, tam autem continens quam incontinens habet rationem
481 1976 2137 2031 stimulantem eum ad rectum, & retrahentem a malo: verum illi rationi, appetitus reluctatur. Conti¬
481 2031 2141 2084 nens autem illicitum motum surgentem cohibet, & non vincitur, incontinens vero succumbit. Et in
480 2077 2140 2125 ipsis eisdem est aliud quiddam quod rationi aduersatur & reluctatur. Perinde enim & sicut cum para¬
488 2118 2143 2172 lyticas resolutasque seu luxas corporis partes in dextram mouere optamus, reluctantur & feruntur in
488 2163 2144 2217 laeuam: sic plane est in anima incontinentis, appetitiones enim eius in aduersa rapiuntur. Verum hoc
474 2211 2144 2267 interest quod in corporibus quae ad partem oppositam mouentur, motus cernimus, in animo abstrusos
475 2262 2143 2314 motus cernere non quimus. Fortasse autem non minus & in anima existimandum est, esse aliud prae
476 2300 2136 2361 ter rationem, quod huic reluctatur, vt appetitus sensitiuus, aut intellectiuus. Comparatio est idonea
478 2351 2142 2405 de incontinente & paralytico. Nempe sicut in corpore paralytico partes corporis non subduntur vir¬
481 2394 2143 2453 tuti motiuae, quia dum quis vult eas ad vnam partem mouere, ex vehementia & motu morbi mouen
487 2443 2140 2499 tur in aliam contra impetum motus & appetitus: sic quod inibi est quoddam duellum inter appetitum
485 2493 2145 2545 intendentem mouere ad vnam partem, & impetum morbi mouentem ad contrariam. Sed dicere quo
489 2541 2138 2597 pacto sit diuersum, praesentis curae & contemplationis non est. Videtur autem & hoc rationis particeps esse vt patet in con¬
482 2590 2140 2642 tinente qui rationi paret, & temperante atque forti magis qui rationi obtemperat. Nam omnia in illis sunt rationi consenta¬
478 2627 2142 2687 nea. Pars igitur animae altera quae irrationalis est, hoc est quae vacat ratione duplex est, quaedam est vegetatiua, nullo mo¬
476 2672 2142 2730 do rationis particeps, vt dictum est: alia est vis cupiendi & omnino appetendi non hominis rationem in se inquantum est huiusmodi.
478 2719 2134 2778 verumtamem est quodam modo rationis capax & rationi obedit, quemadmodum & patris & amicorum rationem habere dici¬
476 2766 2144 2830 mur, quando patri & amicis morem gerimus, & non vt mathematicarum rerum dicimur habere rationem. Illae enim habent ro¬
478 2814 2148 2876 nem speculatiuam de agibilibs non dictantem, sed nos rationem habemus patris imperantis, & amicorum suadentium, & dictan¬
482 2864 2150 2926 tium, quid sit agendum. Hanc enim partem rartione vacantem rationi obtempare admonitiones ac increpationes & cohortatio¬
473 2919 2133 2967 nes indicant. Admonitiones sunt amicorum suasiones, maiorum sunt increpationes, cohortationes sunt inferiorum.
472 2952 2146 3015 Si hanc appetendi partem dixerimus habere rationem, duplex erit animae pars quae rationem habet, vna proprie & in seipsia scilicet in¬
469 3002 2139 3059 tellectus, altera vero in se non gratia sui, vt quae obtemperat proinde atque filius patri, vt appetitus. Post haec quia partem i¬
472 3058 2134 3111 tellectiuam animae & appetitiuam posuit, incidentaliter de eorum virtutibus loquitur. Virtutum autem quaedam est intellectualis:
479 3091 2145 3155 vt sapientia, prudentia, sagacitas: quae si intellectus ab appetitu distingueret, ei & non appetitui inhaererent. Aliae sunt
466 3138 2146 3204 morales quae sunt in parte rationem audiente. Habitus itellectus sunt laudabiles & pulchri, proinde sunt virtutes. Loquen¬
471 3194 1780 3267 tes de moribus non vocamus sapientes aut intelligentes, sed mites aut liberales.
