2409 3598
261 234 1931 414 RSECVRDLILIRRTRA
562 373 1620 458 OTATvs PRIMI. CAp vT PRIMVM.
739 456 1920 551 vv AvTEM VIR Tvs SiT Er Vp IEx, i N¬
746 549 1921 612 tellectiua inquam atque moralis: intellectiua quidem plurimum ex
752 605 1930 664 doctrina generationem habet, & incrementum. Quapropter expe
747 646 1943 711 rientia indiget, temporeque. Moralis autem ex consuetudine com¬ s
726 705 1942 787 paratur. Vnde & nomen habuit tale. Ex quo patet nullam fieri vir t
741 774 1927 831 turem morum in nobis natura. Nihil enim eorum quae sunt na¬
748 818 1926 879 tura, aliter assuescit: vt lapis, cui quidem natura competit ferri de
749 877 1914 935 orsum, nunquam assuescit ferri sursum, non si millies ipsum assuefa¬
750 937 1926 994 ciendi causa, quispiam sursum proiiceret. Simili modo: nec ignis
735 980 1923 1062 llferri deorsum: nec aliud quicquam aliter quam ipsi natura competet assue¬
263 1045 1908 1114 scet. Neque igitur natura: neque praeter naturam in nobis virtutes efficiuntur. Sed idonei qui¬
272 1095 1917 1168 dem ad ipsas suscipiendas sumus natura. Suscipimus autem ipsas atque perficimur per con¬
265 1158 1912 1220 suetudinem. Praeterea eorum quae in nobis fiunt natura, potentias prius accipimus, deinde
280 1203 1913 1288 reddimus operationes. Quod quidem in ipsis sensibus intueri licet. Non enim ex eo quod vidi
271 1275 1924 1346 mus vel audiuimus saepe, sensus accepimus: sed contra, habentes vsi sumus: non vsi accepimus.
268 1320 1923 1392 At virtutes accepimus operati prius, quemadmodum & in artibus. Quae namque postea quam
273 1391 1912 1446 didicerimus facere oportet, ea facientes discimus. dificatores etenim aedificantes: & cy¬
262 1423 1909 1491 tharoedi pulsantes cytharam fiunt: pari modo iusta agentes iusti, & modesta modesti, for¬
274 1483 1900 1566 tiaque fortes efficimur. Testatur hoc & id quod in ciuitatibus fieri solet. Legum nanque lato¬
271 1536 1912 1613 res ipsos ciues assuefacientes bonos efficiunt. Atque omnis quidem legumlatoris haec est vo
267 1598 1919 1673 luntas. Qui vero non bene id faciunt, peccant. Atque hoc ipso respublica bona a mala republi
275 1652 1914 1723 ca differt. Insuper ex iisdem & per eadem, omnis virtus & ars similiter & fit & corrumpitur.
269 1705 1918 1783 Ex eo namque quia pulsant cytharam, & boni & mali fiunt cytharoedi, simili ratione & edifi
280 1757 1917 1828 catores, & caeteri omnes. Nam ex eo quod bene aedificant, boni: & ex eo quod male, mali fiunt aedifi
269 1822 1918 1897 catores & fabri. Quod nisi ita sese haberet, non esset opus docente, sed omnes boni ficrent
266 1866 1917 1938 aut mali. Sic igitur & in virtutibus res sese habet. Agentes enim ea quae sunt in commerciis
277 1928 1912 1998 hominum, alii iusti, alii iniusti fiunt. Agentes etiam ea quae sunt in terribilibus rebus time¬
266 1983 1914 2052 reque assuescentes aut confidere, alii fortes, alii timidi fiunt. ldem & circa cupiditates & iras
271 2033 1906 2110 euenire videtur. Alii enim temperati ac mites fiunt: alii intemperati ac iracundi: ex eo pla¬
270 2102 1909 2170 ne, quod hoc in ipsis aut hoc modo versantur. Atque (vt breuiter dicam) omnes habitus ex ope¬
264 2156 1905 2224 rationibus similibus fiunt. Quapropter tales quasdam operationes reddere oportet. Ipsarum
267 2205 1906 2276 nanque differentias habitus ipsi sequuntur. Non igitur parum, sed plurimum quin potius to
270 2263 1414 2329 tum refert: sic, an non sic, homines ab adolescentia consuescant.
592 2371 1920 2435 vm autem virtus. ⁋ In hoc secundo libro philosophus loquitur de virtute gene
586 2428 1912 2482 ratim. Et in tres tractatus diuiditur secundum tria principaliter in eo consideran
580 2468 1915 2531 da. In primo ostendit ex quibus & qualibus generatur virtus. In secundo quid est
597 2530 1927 2578 virtus. In tertio docet de virtutis & vitii oppositione. Dicit itaque primo. Cum du¬
597 2561 1927 2619 plex sit virtus, videlicet intellectiua intellectum perficiens, & moralis affectum illu¬
592 2614 1922 2667 strans, vt in calce primi dictum est: intellectiua vt plurimum ex doctrina genera¬
580 2653 1917 2710 tionem sui habet atque augmentum. Dicit vt plurimum: interdum enim inuentio¬
272 2699 1917 2769 ne procuratur, sed illud est perrarum. Adocente enim vulgo acquiritur: proinde experientia & tem¬
273 2748 1914 2825 poris interuallo indiget. Moralis autem ex assuetudine comparatur, vnde & nomen habet tale, scili¬
280 2795 1931 2871 cet a moribus. Aliae translationes dicunt: vnde nomen habet parumper a more declinans: & Argyro
277 2846 1917 2916 pilus & alii parum in hoc discrepant. Infert corollarium tale, Nulla virtus moralis inest nobis a na¬
275 2885 1930 2954 tura: probatur. Nam omnis virtus moralis ex consuetudine comparatur, sic quod possumus eam acqui¬
275 2930 1929 2999 rere vel eius oppositum, sed illud quod est a natura non est huiusmodi, igitur. Vel sic, Virtus moralis
274 2981 1925 3045 non inest nobis a natura. Probatur. Nihil enim quod naturaliter nobis inest potest verti in oppo¬
272 3025 1926 3102 situm, sed sumus ad opposita virtutum moralium & intellectualium flexibiles: igitur. Maiorem in lite¬
271 3071 1933 3144 ra declarat de lapide & alio graui saepissime in altum proiecto, quod nunquam sursum mouebitur. Nec prae¬
269 3125 1940 3191 ter naturam hoc est contra naturam aut violente habitus acquiruntur, sumus enim ad illos suscipiendos natura proni
270 3170 1945 3243 ac idonei, & consuetudine proficimus. Intendit phius nec virtutes inesse nobis a natura: nec iesse nobis violente
