<?xml version="1.0" encoding="UTF-8" standalone="yes"?>
<PcGts xmlns="http://schema.primaresearch.org/PAGE/gts/pagecontent/2013-07-15" xmlns:xsi="http://www.w3.org/2001/XMLSchema-instance" xsi:schemaLocation="http://schema.primaresearch.org/PAGE/gts/pagecontent/2013-07-15 http://schema.primaresearch.org/PAGE/gts/pagecontent/2013-07-15/pagecontent.xsd">
    <Metadata>
        <Creator>prov=University of Rostock/Institute of Mathematics/CITlab|PLANET AI GmbH/Gundram Leifert/gundram.leifert@planet-ai.de:name=cod-MaEth8-m2(htr_id=30545)::::v=2.6.7
prov=University of Rostock/Institute of Mathematics/CITlab|PLANET AI GmbH/Tobias Gruening/tobias.gruening@planet-ai.de:name=de.uros.citlab.module.baseline2polygon.B2PSeamMultiOriented:v=2.6.7
prov=University of Rostock/Institute of Mathematics/CITlab|PLANET AI GmbH/Tobias Gruening/tobias.gruening@planet-ai.de:name=/net_tf/LA73_249_0mod360.pb:de.uros.citlab.segmentation.CITlab_LA_ML:v=2.6.6
Transkribus</Creator>
        <Created>2021-01-31T23:13:25.160+01:00</Created>
        <LastChange>2021-02-26T16:18:53.760+01:00</LastChange>
        <TranskribusMetadata docId="597563" pageId="23819591" pageNr="61" tsid="53129843" status="IN_PROGRESS" userId="25065" imgUrl="https://files.transkribus.eu/Get?id=SSQQQEHJWTAIUZHZZWEZILUS&amp;fileType=view" xmlUrl="https://files.transkribus.eu/Get?id=KQLSBZEBQYPQOJSJLOKRQHWI" imageId="18280049"/>
    </Metadata>
    <Page imageFilename="60.jpg" imageWidth="2393" imageHeight="3597">
        <ReadingOrder>
            <OrderedGroup id="ro_1614432084603" caption="Regions reading order">
                <RegionRefIndexed index="0" regionRef="r1"/>
            </OrderedGroup>
        </ReadingOrder>
        <TextRegion orientation="0.0" id="r1" custom="readingOrder {index:0;}">
            <Coords points="231,156 231,3269 1920,3269 1920,156"/>
            <TextLine id="r1l4" custom="readingOrder {index:0;}">
                <Coords points="372,321 1901,312 1859,237 527,263 372,228"/>
                <Baseline points="383,302 458,302 533,302 609,300 684,300 759,300 835,300 910,299 985,299 1061,299 1136,297 1211,297 1287,297 1362,297 1437,297 1513,297 1588,297 1663,299 1739,299 1814,300 1890,300"/>
                <TextEquiv>
                    <Unicode>vbitauerit autem. Hic ponitur vna dubitatio circa praedicta, &amp; eius solutio. Dictum est supe¬</Unicode>
                </TextEquiv>
            </TextLine>
            <TextLine id="r1l6" custom="readingOrder {index:1;}">
                <Coords points="293,371 1792,369 1907,358 1907,311 422,323 292,278"/>
                <Baseline points="302,356 381,354 461,353 541,351 621,350 701,348 780,347 860,347 940,345 1020,345 1100,345 1179,345 1259,345 1339,345 1419,345 1499,345 1578,347 1658,347 1738,348 1818,348 1898,350"/>
                <TextEquiv>
                    <Unicode>rius quod ex operibus bonis virtus generatur: &amp; ex iustis operationibus quis efficitur iustus.</Unicode>
                </TextEquiv>
            </TextLine>
            <TextLine id="r1l7" custom="readingOrder {index:2;}">
                <Coords points="373,416 1830,416 1892,409 1892,364 372,367"/>
                <Baseline points="383,396 457,396 532,396 607,396 682,395 757,395 832,394 907,393 982,393 1057,393 1132,392 1206,392 1281,392 1356,392 1431,392 1506,392 1581,392 1656,393 1731,393 1806,395 1881,396"/>
                <TextEquiv>
                    <Unicode>Contra illud non videtur verum, pro eo quod sicut est in artibus, ita est in virtutibus: sed in</Unicode>
                </TextEquiv>
            </TextLine>
            <TextLine id="r1l8" custom="readingOrder {index:3;}">
                <Coords points="238,459 1724,463 1898,415 237,412"/>
                <Baseline points="248,447 334,447 420,446 506,446 593,444 679,444 765,443 851,443 938,441 1024,440 1110,440 1196,438 1283,438 1369,438 1455,438 1541,438 1628,440 1714,441 1800,442 1887,444"/>
                <TextEquiv>
                    <Unicode>artibus, sic est quod nullus facit opera artis, nisi ipse artifex: nullus enim facit grammaticalia aut </Unicode>
                </TextEquiv>
            </TextLine>
            <TextLine id="r1l9" custom="readingOrder {index:4;}">
                <Coords points="239,503 1905,509 1905,453 239,460"/>
                <Baseline points="249,495 331,494 413,492 496,492 578,491 660,489 743,489 825,488 907,488 990,488 1072,486 1154,486 1237,486 1319,486 1401,486 1484,486 1566,487 1648,488 1731,489 1813,491 1896,492"/>
                <TextEquiv>
                    <Unicode>logicalia opera, nisi grammaticus aut logicus: ergo pari ratione nullus facit opera iustitiae nisi</Unicode>
                </TextEquiv>
            </TextLine>
            <TextLine id="r1l10" custom="readingOrder {index:5;}">
                <Coords points="241,553 1836,566 1893,555 1893,497 241,505"/>
                <Baseline points="251,539 332,539 414,539 495,539 577,537 659,537 740,536 822,536 904,534 985,534 1067,533 1149,533 1230,533 1312,533 1394,533 1475,533 1557,533 1639,533 1720,534 1802,536 1884,537"/>
                <TextEquiv>
                    <Unicode>iustus. Et ex consequenti sequitur quod nemo ex operibus iustis iustus efficitur: quia eo ipso quod quis</Unicode>
                </TextEquiv>
            </TextLine>
            <TextLine id="r1l11" custom="readingOrder {index:6;}">
                <Coords points="234,604 1882,604 1900,550 234,559"/>
                <Baseline points="243,588 325,587 407,587 490,587 572,585 654,585 737,584 819,582 901,582 984,581 1066,581 1148,579 1231,579 1313,579 1395,579 1478,579 1560,579 1642,581 1725,582 1807,584 1890,585"/>
                <TextEquiv>
                    <Unicode>iuste operatur ipse est iustus. cum ergo iuste operari est iustitiae effectus, non erit iustitiae causa. Ac</Unicode>
                </TextEquiv>
            </TextLine>
            <TextLine id="r1l12" custom="readingOrder {index:7;}">
                <Coords points="240,645 1892,645 1855,593 240,602"/>
                <Baseline points="251,636 332,635 414,633 495,633 577,632 658,630 740,630 821,629 903,629 984,627 1066,627 1147,627 1229,627 1310,627 1392,627 1473,627 1555,627 1636,627 1718,629 1799,629 1881,630"/>
                <TextEquiv>
                    <Unicode>si sic argumentaretur. quicunque operatur opera grammaticalia est grammaticus: ergo quicumque ope¬</Unicode>
                </TextEquiv>
            </TextLine>
            <TextLine id="r1l13" custom="readingOrder {index:8;}">
                <Coords points="232,697 1903,697 1902,645 1514,632 232,660"/>
                <Baseline points="242,683 324,682 407,680 489,680 572,678 654,677 737,676 819,675 902,674 984,674 1067,674 1150,672 1232,672 1315,672 1397,672 1480,674 1562,674 1645,675 1727,675 1810,677 1893,678"/>
                <TextEquiv>
                    <Unicode>ratur iusta est iustus. Hanc obiectionem bifariam diluit. in primis negando quod nullus facit opera</Unicode>
                </TextEquiv>
            </TextLine>
            <TextLine id="r1l14" custom="readingOrder {index:9;}">
                <Coords points="243,744 1901,737 1901,698 1700,682 243,693"/>
                <Baseline points="254,731 335,728 417,727 499,726 581,725 663,723 744,722 826,722 908,720 990,720 1072,720 1153,720 1235,720 1317,720 1399,720 1481,720 1562,720 1644,720 1726,722 1808,722 1890,723"/>
                <TextEquiv>
                    <Unicode>artis nisi artem callens. Aliquis enim orationem congruam proferre potest fortuito, &amp; alium gram¬</Unicode>
                </TextEquiv>
            </TextLine>
            <TextLine id="r1l15" custom="readingOrder {index:10;}">
                <Coords points="242,792 1888,797 1887,731 241,744"/>
                <Baseline points="252,777 333,776 414,774 495,773 577,771 658,771 739,770 821,768 902,768 983,767 1065,767 1146,767 1227,765 1308,765 1390,765 1471,765 1552,767 1634,767 1715,767 1796,768 1878,770"/>
                <TextEquiv>
                    <Unicode>maticum imitando. hoc est alio praemonstrante aut praeeunte: ille autem talis operatur grammati¬</Unicode>
                </TextEquiv>
            </TextLine>
            <TextLine id="r1l16" custom="readingOrder {index:11;}">
                <Coords points="245,833 1823,837 1897,791 245,794"/>
                <Baseline points="255,824 336,822 418,821 499,819 581,818 662,816 744,816 825,815 907,814 988,813 1070,813 1152,813 1233,812 1315,812 1396,813 1478,813 1559,813 1641,815 1722,815 1804,816 1886,818"/>
                <TextEquiv>
                    <Unicode>cus, &amp; non est grammaticus. Ille enim est grammaticus qui grammaticum grammatice loquitur.</Unicode>
                </TextEquiv>
            </TextLine>
            <TextLine id="r1l17" custom="readingOrder {index:12;}">
                <Coords points="235,887 1807,884 1900,877 1900,834 235,835"/>
                <Baseline points="246,870 328,869 410,867 492,867 574,866 657,864 739,863 821,863 903,861 985,861 1068,860 1150,860 1232,860 1314,860 1396,860 1479,860 1561,860 1643,861 1725,861 1807,863 1890,864"/>
                <TextEquiv>
                    <Unicode>hoc est ex habitu &amp; arte grammatica. ltaque aliquis grammaticum semonem profert &amp; non est gram¬</Unicode>
                </TextEquiv>
            </TextLine>
            <TextLine id="r1l18" custom="readingOrder {index:13;}">
                <Coords points="232,924 1832,930 1896,926 1896,878 232,891"/>
                <Baseline points="243,915 325,915 407,914 489,914 571,914 654,912 736,911 818,911 900,909 982,908 1065,908 1147,906 1229,906 1311,906 1393,906 1476,906 1558,906 1640,907 1722,908 1804,909 1887,912"/>
                <TextEquiv>
                    <Unicode>maticus, sic aliquis agit iusta &amp; non est iustus. Secundo negat similitudinem. Nam ea quae ab arte</Unicode>
                </TextEquiv>
            </TextLine>
            <TextLine id="r1l19" custom="readingOrder {index:14;}">
                <Coords points="246,974 1854,975 1881,924 245,924"/>
                <Baseline points="255,963 335,962 416,961 497,960 578,959 659,957 739,957 820,956 901,954 982,954 1063,954 1143,953 1224,953 1305,953 1386,953 1467,953 1547,954 1628,954 1709,956 1790,957 1871,959"/>
                <TextEquiv>
                    <Unicode>fiunt laudem in se habent: quare sufficit illa sic existere, hoc est non requiritur bonitas in faciente</Unicode>
                </TextEquiv>
            </TextLine>
            <TextLine id="r1l20" custom="readingOrder {index:15;}">
                <Coords points="232,1023 1833,1024 1878,970 232,976"/>
                <Baseline points="243,1011 324,1010 405,1008 486,1007 568,1007 649,1005 730,1004 811,1004 893,1002 974,1001 1055,1001 1136,999 1218,999 1299,999 1380,999 1461,999 1543,1001 1624,1002 1705,1002 1786,1004 1868,1007"/>
                <TextEquiv>
                    <Unicode>sed in re operata. Modo artificium nemo potest facere recte nisi ipse artifex. Sufficit, hic scire &amp;</Unicode>
                </TextEquiv>
            </TextLine>
            <TextLine id="r1l21" custom="readingOrder {index:16;}">
                <Coords points="238,1069 1866,1071 1882,1020 238,1029"/>
                <Baseline points="248,1058 329,1056 410,1055 491,1053 572,1052 653,1052 734,1050 816,1049 897,1049 978,1047 1059,1047 1140,1047 1221,1046 1302,1046 1384,1046 1465,1047 1546,1047 1627,1048 1708,1049 1789,1050 1871,1052"/>
                <TextEquiv>
                    <Unicode>operari pro virili: opera vero virtutis non habent simpliciter suum bene esse in seipsis: sed oportet</Unicode>
                </TextEquiv>
            </TextLine>
            <TextLine id="r1l22" custom="readingOrder {index:17;}">
                <Coords points="239,1110 1889,1104 1637,1057 239,1068"/>
                <Baseline points="249,1104 330,1103 411,1101 493,1101 574,1100 656,1098 737,1097 819,1097 900,1095 982,1094 1063,1094 1144,1094 1226,1094 1307,1092 1389,1092 1470,1094 1552,1094 1633,1094 1715,1095 1796,1097 1878,1098"/>
                <TextEquiv>
                    <Unicode>operantem determinatis modis se habere ad opera. At ea quae a virtutibus fiunt, non iuste aut tem¬</Unicode>
                </TextEquiv>
            </TextLine>
            <TextLine id="r1l23" custom="readingOrder {index:18;}">
                <Coords points="242,1167 1882,1154 1881,1104 242,1120"/>
                <Baseline points="252,1152 333,1151 414,1149 495,1148 576,1146 657,1145 738,1145 819,1143 900,1142 981,1142 1062,1140 1143,1140 1224,1140 1305,1140 1386,1140 1467,1140 1548,1140 1629,1140 1710,1142 1791,1143 1872,1145"/>
                <TextEquiv>
                    <Unicode>peranter agentur, si sint iusta aut temperata, supple ex parte obiecti vel materiae: quemadmodum est</Unicode>
                </TextEquiv>
            </TextLine>
            <TextLine id="r1l24" custom="readingOrder {index:19;}">
                <Coords points="242,1209 1792,1213 1883,1203 1883,1153 241,1170"/>
                <Baseline points="252,1199 333,1197 414,1196 495,1194 576,1194 657,1193 738,1191 819,1191 900,1190 981,1189 1062,1188 1143,1188 1224,1187 1305,1187 1386,1187 1467,1187 1548,1188 1629,1188 1710,1190 1791,1191 1872,1193"/>
                <TextEquiv>
                    <Unicode>de re operata ab artifice. Ad opera iusta &amp; bona multa requiruntur, quae possunt conuenire ei qui non</Unicode>
                </TextEquiv>
            </TextLine>
            <TextLine id="r1l25" custom="readingOrder {index:20;}">
                <Coords points="242,1254 1859,1257 1879,1203 241,1207"/>
                <Baseline points="252,1245 332,1244 413,1242 494,1242 575,1241 656,1239 737,1238 817,1238 898,1236 979,1236 1060,1235 1141,1235 1222,1235 1303,1233 1383,1233 1464,1235 1545,1235 1626,1236 1707,1236 1788,1238 1869,1239"/>
                <TextEquiv>
                    <Unicode>habet habitum virtutem. Et tria enumerat. Primum scire, quod intellectui competit, vt non a for¬</Unicode>
                </TextEquiv>
            </TextLine>
            <TextLine id="r1l26" custom="readingOrder {index:21;}">
                <Coords points="238,1306 1884,1296 1846,1248 238,1256"/>
                <Baseline points="249,1292 330,1290 411,1289 492,1289 574,1287 655,1286 736,1286 817,1284 899,1284 980,1283 1061,1283 1142,1283 1224,1281 1305,1281 1386,1281 1467,1281 1549,1281 1630,1283 1711,1283 1792,1284 1874,1286"/>
                <TextEquiv>
                    <Unicode>tuna &amp; ignoranter sed scienter, hoc est cum prudentia (ad sensum in sexto explicandum) faciat. Se¬</Unicode>
                </TextEquiv>
            </TextLine>
            <TextLine id="r1l27" custom="readingOrder {index:22;}">
                <Coords points="238,1351 1812,1354 1882,1304 238,1306"/>
                <Baseline points="249,1340 330,1338 411,1337 492,1335 573,1334 654,1334 735,1332 817,1332 898,1331 979,1331 1060,1329 1141,1329 1222,1329 1303,1329 1385,1329 1466,1329 1547,1329 1628,1329 1709,1331 1790,1331 1872,1332"/>
                <TextEquiv>
                    <Unicode>cundum ad appetitum pertinet vt ex electione &amp; non ex impetu naturali operetur, hoc est ob ipsum</Unicode>
                </TextEquiv>
            </TextLine>
            <TextLine id="r1l28" custom="readingOrder {index:23;}">
                <Coords points="237,1401 1810,1397 1882,1394 1882,1345 236,1351"/>
                <Baseline points="246,1386 327,1385 408,1383 489,1382 571,1382 652,1380 733,1379 815,1379 896,1378 977,1377 1059,1377 1140,1376 1221,1376 1302,1376 1384,1376 1465,1376 1546,1376 1628,1376 1709,1377 1790,1377 1872,1377"/>
                <TextEquiv>
                    <Unicode>opus bonum &amp; non aliud vtile. Si enim ex affectu vt ex ira aut timore operetur non est opus vir¬</Unicode>
                </TextEquiv>
            </TextLine>
            <TextLine id="r1l29" custom="readingOrder {index:24;}">
                <Coords points="225,1432 1895,1440 1848,1388 225,1401"/>
                <Baseline points="236,1431 318,1430 400,1430 483,1430 565,1428 648,1428 730,1427 812,1427 895,1425 977,1425 1060,1424 1142,1424 1224,1424 1307,1424 1389,1424 1472,1424 1554,1424 1636,1424 1719,1424 1801,1425 1884,1427"/>
                <TextEquiv>
                    <Unicode>tutis. Similiter si quis ob emolumentum temporale, aut inanem gloriam operetur, non est actus virtutis.</Unicode>
                </TextEquiv>
            </TextLine>
            <TextLine id="r1l30" custom="readingOrder {index:25;}">
                <Coords points="240,1488 1805,1493 1883,1485 1883,1435 239,1440"/>
                <Baseline points="249,1479 330,1479 411,1478 492,1476 573,1476 654,1475 735,1475 817,1473 898,1472 979,1472 1060,1470 1141,1470 1222,1470 1303,1470 1385,1469 1466,1469 1547,1470 1628,1470 1709,1470 1790,1472 1872,1473"/>
                <TextEquiv>
                    <Unicode>Tertium, vt operetur firmiter ac constanter: ita vt a nullo impediatur si posset quin operetur, hoc est</Unicode>
                </TextEquiv>
            </TextLine>
            <TextLine id="r1l31" custom="readingOrder {index:26;}">
                <Coords points="225,1531 1805,1537 1881,1530 1881,1487 225,1498"/>
                <Baseline points="236,1526 317,1524 399,1524 481,1524 563,1523 644,1523 726,1521 808,1521 890,1520 971,1520 1053,1518 1135,1518 1217,1517 1298,1517 1380,1517 1462,1517 1544,1517 1625,1517 1707,1517 1789,1518 1871,1518"/>
                <TextEquiv>
                    <Unicode>ab habitu qui secundum eum in praedicamentis est difficulter auferibilis. Scire est potissimum in arte.</Unicode>
                </TextEquiv>
            </TextLine>
            <TextLine id="r1l32" custom="readingOrder {index:27;}">
                <Coords points="234,1585 1727,1587 1892,1578 1892,1532 234,1543"/>
                <Baseline points="245,1572 326,1572 408,1572 490,1571 572,1571 654,1569 735,1568 817,1568 899,1566 981,1566 1063,1566 1144,1565 1226,1565 1308,1565 1390,1563 1472,1563 1553,1563 1635,1565 1717,1565 1799,1565 1881,1566"/>
                <TextEquiv>
                    <Unicode>ad virtutis autem actum scire quidem parum comparatiue, aut nihil potest. Caetera vero non parum sed </Unicode>
                </TextEquiv>
            </TextLine>
            <TextLine id="r1l33" custom="readingOrder {index:28;}">
                <Coords points="232,1630 1884,1627 1884,1581 232,1585"/>
                <Baseline points="243,1620 324,1619 406,1619 487,1617 569,1617 650,1616 732,1616 813,1614 895,1614 976,1613 1058,1613 1140,1611 1221,1611 1303,1611 1384,1611 1466,1611 1547,1611 1629,1611 1710,1611 1792,1611 1874,1613"/>
                <TextEquiv>
                    <Unicode>totum posse videntur. Caeterum operationes fiunt simul bonae quando sunt similes operationibus</Unicode>
                </TextEquiv>
            </TextLine>
            <TextLine id="r1l34" custom="readingOrder {index:29;}">
                <Coords points="228,1680 1880,1677 1879,1628 1807,1620 227,1630"/>
                <Baseline points="237,1665 318,1665 400,1665 481,1664 563,1664 645,1662 726,1662 808,1661 889,1661 971,1661 1053,1659 1134,1659 1216,1658 1297,1658 1379,1658 1461,1658 1542,1658 1624,1658 1705,1658 1787,1658 1869,1659"/>
                <TextEquiv>
                    <Unicode>studiosis. Patet inductiue. Tunc actus est iustus quando est similis actui quem iustus ratione iustitiae</Unicode>
                </TextEquiv>
            </TextLine>
            <TextLine id="r1l35" custom="readingOrder {index:30;}">
                <Coords points="229,1725 1879,1719 1858,1668 229,1678"/>
                <Baseline points="239,1712 320,1712 402,1712 483,1710 565,1710 646,1710 728,1709 809,1707 891,1707 972,1706 1054,1706 1135,1704 1217,1704 1298,1704 1380,1703 1461,1703 1543,1703 1624,1704 1706,1704 1787,1704 1869,1706"/>
                <TextEquiv>
                    <Unicode>habet: &amp; ita in aliis. Et hoc est verum in actibus, iustitiam, temperantiam, &amp; alias virtutes generantibus. Illa</Unicode>
                </TextEquiv>
            </TextLine>
            <TextLine id="r1l36" custom="readingOrder {index:31;}">
                <Coords points="233,1766 1883,1764 1882,1718 1719,1713 233,1731"/>
                <Baseline points="243,1760 324,1758 405,1758 487,1758 568,1757 650,1757 731,1755 813,1755 894,1754 976,1753 1057,1752 1138,1752 1220,1751 1301,1751 1383,1751 1464,1751 1546,1751 1627,1751 1709,1751 1790,1752 1872,1752"/>
                <TextEquiv>
                    <Unicode>conclusio tangitur in litera illic, quae quidem &amp; ex eo. hoc est dictu, quae qui dem virtutes, quod frequenter</Unicode>
                </TextEquiv>
            </TextLine>
            <TextLine id="r1l37" custom="readingOrder {index:32;}">
                <Coords points="232,1818 1886,1812 1886,1762 232,1771"/>
                <Baseline points="243,1806 324,1805 406,1805 487,1804 569,1803 651,1802 732,1802 814,1800 895,1800 977,1799 1059,1799 1140,1799 1222,1797 1303,1797 1385,1797 1467,1797 1548,1797 1630,1797 1711,1799 1793,1799 1875,1800"/>
                <TextEquiv>
                    <Unicode>hoc modo bene fit res, iuste, &amp; temperanter proueniunt. Res igitur iustae (inquit) temperataeque dicuntur cum</Unicode>
                </TextEquiv>
            </TextLine>
            <TextLine id="r1l38" custom="readingOrder {index:33;}">
                <Coords points="223,1864 1889,1869 1846,1807 223,1816"/>
                <Baseline points="234,1853 316,1851 398,1851 480,1851 562,1850 645,1850 727,1848 809,1848 891,1847 973,1847 1056,1845 1138,1845 1220,1845 1302,1844 1384,1844 1467,1844 1549,1844 1631,1844 1713,1844 1795,1845 1878,1845"/>
                <TextEquiv>
                    <Unicode>sunt tales quales vir iustus ageret, atque ipse temperans. Non igitur male assertum est agendo iusta quempiam iu¬</Unicode>
                </TextEquiv>
            </TextLine>
            <TextLine id="r1l39" custom="readingOrder {index:34;}">
                <Coords points="239,1915 1862,1907 1886,1866 238,1863"/>
                <Baseline points="249,1901 330,1899 411,1898 492,1898 574,1896 655,1895 736,1895 818,1893 899,1893 980,1892 1062,1892 1143,1892 1224,1890 1305,1890 1387,1890 1468,1890 1549,1890 1631,1890 1712,1890 1793,1892 1875,1892"/>
                <TextEquiv>
                    <Unicode>stum fieri, &amp; temperata temperantem: qui vero haec non agit, num quam euasurus est bonus. Nam sine actibus vir¬</Unicode>
                </TextEquiv>
            </TextLine>
            <TextLine id="r1l40" custom="readingOrder {index:35;}">
                <Coords points="236,1954 1806,1956 1882,1949 1882,1904 236,1915"/>
                <Baseline points="246,1947 327,1946 408,1946 489,1944 571,1943 652,1943 733,1941 814,1941 896,1940 977,1940 1058,1938 1139,1938 1221,1938 1302,1938 1383,1937 1464,1937 1546,1937 1627,1938 1708,1938 1789,1938 1871,1940"/>
                <TextEquiv>
                    <Unicode>tutum generatiuis, virtutem acquirere est impossibile. Et reuera plerique sunt qui haec non agunt: sed ad</Unicode>
                </TextEquiv>
            </TextLine>
            <TextLine id="r1l41" custom="readingOrder {index:36;}">
                <Coords points="233,2006 1887,2002 1852,1946 233,1956"/>
                <Baseline points="243,1992 324,1992 406,1991 488,1991 569,1990 651,1989 733,1988 814,1988 896,1986 978,1986 1060,1986 1141,1985 1223,1985 1305,1985 1386,1983 1468,1983 1550,1983 1631,1985 1713,1985 1795,1986 1877,1986"/>
                <TextEquiv>
                    <Unicode>sermones confugiunt, qui ampullosis &amp; sesquipedalibus verbis ratiocinantes sese philosophari putant,</Unicode>
                </TextEquiv>
            </TextLine>
            <TextLine id="r1l42" custom="readingOrder {index:37;}">
                <Coords points="233,2058 1755,2051 1895,2046 1895,1999 232,2006"/>
                <Baseline points="243,2040 325,2039 407,2039 489,2037 571,2037 653,2036 735,2036 817,2034 899,2034 981,2033 1063,2033 1145,2031 1227,2031 1309,2031 1391,2031 1473,2031 1555,2031 1637,2031 1719,2031 1801,2031 1884,2033"/>
                <TextEquiv>
                    <Unicode>&amp; fieri hoc modo studiosos: &amp; rem aegrotis persimilem faciunt, qui medicos diligenter audiunt, faciunt</Unicode>
                </TextEquiv>
            </TextLine>
            <TextLine id="r1l43" custom="readingOrder {index:38;}">
                <Coords points="234,2105 1844,2099 1888,2043 234,2058"/>
                <Baseline points="243,2087 324,2085 406,2085 488,2084 570,2084 651,2082 733,2082 815,2081 897,2081 978,2079 1060,2079 1142,2079 1224,2078 1305,2078 1387,2078 1469,2078 1551,2078 1632,2078 1714,2078 1796,2079 1878,2079"/>
                <TextEquiv>
                    <Unicode>autem nihil eorum quae ab ipsis praecipiuntur: vt autem illis corpus non recte valebit, qui ita curari pe¬</Unicode>
                </TextEquiv>
            </TextLine>
            <TextLine id="r1l44" custom="readingOrder {index:39;}">
                <Coords points="242,2143 1749,2147 1892,2138 1892,2082 242,2101"/>
                <Baseline points="252,2133 333,2132 414,2132 496,2130 577,2130 659,2129 740,2129 822,2127 903,2127 985,2127 1066,2126 1147,2126 1229,2126 1310,2126 1392,2126 1473,2126 1555,2126 1636,2126 1718,2126 1799,2126 1881,2127"/>
                <TextEquiv>
                    <Unicode>tunt, sic nec his animus plane, si ita philosophantur. Quia vero philosophus in hoc quarto capite huius</Unicode>
                </TextEquiv>
            </TextLine>
            <TextLine id="r1l45" custom="readingOrder {index:40;}">
                <Coords points="238,2190 1861,2190 1882,2142 238,2144"/>
                <Baseline points="249,2178 330,2178 411,2178 492,2177 573,2177 654,2175 735,2175 817,2174 898,2174 979,2174 1060,2172 1141,2172 1222,2172 1303,2171 1385,2171 1466,2171 1547,2171 1628,2171 1709,2171 1790,2172 1872,2172"/>
                <TextEquiv>
                    <Unicode>secundi ait, quonam modo dicimus iusta agentes iustos, &amp; laeta. Vbi insinuat ex operibus habitus emer¬</Unicode>
                </TextEquiv>
            </TextLine>
            <TextLine id="r1l46" custom="readingOrder {index:41;}">
                <Coords points="226,2246 1812,2239 1882,2187 226,2198"/>
                <Baseline points="237,2226 318,2226 400,2225 482,2223 564,2223 645,2222 727,2222 809,2220 891,2220 972,2220 1054,2219 1136,2219 1218,2219 1299,2219 1381,2219 1463,2219 1545,2219 1626,2219 1708,2219 1790,2219 1872,2220"/>
                <TextEquiv>
                    <Unicode>gere: &amp; ab habitibus rursus actus emanare, vltra superius allata quaeritur? An actus ipsi habitus gene¬</Unicode>
                </TextEquiv>
            </TextLine>
            <TextLine id="r1l47" custom="readingOrder {index:42;}">
                <Coords points="226,2287 1891,2284 1876,2227 226,2246"/>
                <Baseline points="237,2273 319,2273 401,2271 483,2271 565,2270 647,2270 729,2270 812,2268 894,2268 976,2267 1058,2267 1140,2267 1222,2267 1304,2267 1387,2265 1469,2265 1551,2265 1633,2267 1715,2267 1797,2267 1880,2267"/>
                <TextEquiv>
                    <Unicode>rent &amp; ediuerso. ⁋ Affirmatiue respondetur: patet per philosophum in litera, &amp; superius. ⁋ Contra hanc respon</Unicode>
                </TextEquiv>
            </TextLine>
            <TextLine id="r1l48" custom="readingOrder {index:43;}">
                <Coords points="229,2332 1840,2332 1887,2284 229,2285"/>
                <Baseline points="240,2319 321,2319 403,2318 485,2318 567,2318 649,2316 731,2316 812,2315 894,2315 976,2315 1058,2313 1140,2313 1222,2313 1304,2312 1385,2312 1467,2312 1549,2312 1631,2312 1713,2313 1795,2313 1877,2315"/>
                <TextEquiv>
                    <Unicode>sionem argumentor. ex ea consequens est effectum producere suam causam. at hoc est inconveniens, igitur, sequela pa¬</Unicode>
                </TextEquiv>
            </TextLine>
            <TextLine id="r1l49" custom="readingOrder {index:44;}">
                <Coords points="230,2376 1818,2376 1882,2328 230,2337"/>
                <Baseline points="240,2367 321,2366 403,2366 484,2364 566,2363 648,2363 729,2363 811,2361 892,2361 974,2361 1056,2360 1137,2360 1219,2360 1300,2360 1382,2360 1464,2360 1545,2360 1627,2360 1708,2360 1790,2360 1872,2360"/>
                <TextEquiv>
                    <Unicode>tet, sic. hoc vltimum instans non esse horae futurae, in qua Socrates elicit successiue actum per totam horam: sit actus</Unicode>
                </TextEquiv>
            </TextLine>
            <TextLine id="r1l50" custom="readingOrder {index:45;}">
                <Coords points="237,2422 1882,2416 1804,2369 237,2376"/>
                <Baseline points="246,2414 327,2412 408,2412 489,2411 571,2411 652,2410 733,2409 815,2409 896,2408 977,2408 1059,2408 1140,2408 1221,2406 1302,2406 1384,2406 1465,2406 1546,2408 1628,2408 1709,2408 1790,2409 1872,2409"/>
                <TextEquiv>
                    <Unicode>ille totalis a, &amp; habitus generandus b, a generat b, &amp; contra, non datur pars actus a, quin illam pars habitus</Unicode>
                </TextEquiv>
            </TextLine>
            <TextLine id="r1l51" custom="readingOrder {index:46;}">
                <Coords points="228,2469 1667,2476 1888,2465 1888,2425 227,2424"/>
                <Baseline points="237,2462 319,2460 401,2459 483,2459 565,2457 647,2457 729,2456 811,2456 893,2456 975,2456 1057,2454 1139,2454 1221,2454 1303,2454 1385,2454 1467,2454 1549,2456 1631,2456 1713,2456 1795,2456 1878,2457"/>
                <TextEquiv>
                    <Unicode>b antecesserit in eadem potentia. proinde concurrit ad generationem actus. Non potes dare partem a suc¬</Unicode>
                </TextEquiv>
            </TextLine>
            <TextLine id="r1l52" custom="readingOrder {index:47;}">
                <Coords points="232,2521 1750,2524 1878,2511 1878,2464 232,2469"/>
                <Baseline points="242,2508 323,2507 404,2507 485,2505 567,2505 648,2504 729,2504 811,2504 892,2502 973,2502 1055,2502 1136,2502 1217,2502 1298,2502 1380,2502 1461,2502 1542,2502 1624,2504 1705,2504 1786,2504 1868,2505"/>
                <TextEquiv>
                    <Unicode>cessiue genitam quin illam, pars b. praecesserit: quia quaelibet pars actus habitum generat, &amp; contra. ⁋ Secundo</Unicode>
                </TextEquiv>
            </TextLine>
            <TextLine id="r1l53" custom="readingOrder {index:48;}">
                <Coords points="233,2564 1780,2569 1873,2558 1873,2511 233,2521"/>
                <Baseline points="243,2555 324,2553 405,2553 486,2552 567,2552 648,2550 729,2550 810,2550 891,2549 972,2549 1053,2549 1134,2549 1215,2549 1296,2549 1377,2549 1458,2549 1539,2549 1620,2549 1701,2550 1782,2550 1863,2550"/>
                <TextEquiv>
                    <Unicode>tunc non erit status in actu &amp; habitu. Probatio. eliciat Socrates actum a, vt duo in momento a producit b</Unicode>
                </TextEquiv>
            </TextLine>
            <TextLine id="r1l54" custom="readingOrder {index:49;}">
                <Coords points="232,2612 1882,2615 1845,2553 232,2564"/>
                <Baseline points="242,2601 323,2601 404,2600 486,2600 567,2598 649,2598 730,2598 812,2597 893,2597 975,2597 1056,2597 1137,2595 1219,2595 1300,2595 1382,2595 1463,2595 1545,2595 1626,2597 1708,2597 1789,2597 1871,2598"/>
                <TextEquiv>
                    <Unicode>in illo momento. &amp; b concurrit ad intentionem a, proinde actus erit intensior per habitum b, quam esset sine habi¬</Unicode>
                </TextEquiv>
            </TextLine>
            <TextLine id="r1l55" custom="readingOrder {index:50;}">
                <Coords points="234,2659 1783,2661 1880,2615 234,2616"/>
                <Baseline points="245,2646 326,2646 407,2646 488,2646 569,2645 651,2645 732,2645 813,2645 894,2645 975,2643 1057,2643 1138,2643 1219,2643 1300,2643 1381,2643 1463,2643 1544,2643 1625,2643 1706,2643 1787,2645 1869,2645"/>
                <TextEquiv>
                    <Unicode>tu b, &amp; intensio actus a facit habitum intensiorem, &amp; intensio habitus actum intendit. proinde erit reciprocatio</Unicode>
                </TextEquiv>
            </TextLine>
            <TextLine id="r1l56" custom="readingOrder {index:51;}">
                <Coords points="226,2703 1876,2705 1875,2653 226,2665"/>
                <Baseline points="236,2693 317,2693 399,2693 480,2694 562,2694 643,2693 725,2693 806,2693 888,2693 969,2691 1051,2691 1132,2691 1214,2690 1295,2690 1377,2690 1458,2690 1540,2690 1621,2690 1703,2690 1784,2691 1866,2693"/>
                <TextEquiv>
                    <Unicode>concursus, nec cessat actus quoad capacitas animae oppletur citra infinitum: quod non est dicendum. Forte di¬</Unicode>
                </TextEquiv>
            </TextLine>
            <TextLine id="r1l57" custom="readingOrder {index:52;}">
                <Coords points="225,2752 1811,2753 1884,2747 1884,2701 225,2709"/>
                <Baseline points="236,2739 317,2739 399,2739 481,2739 563,2739 645,2739 727,2739 809,2739 891,2738 973,2738 1055,2738 1136,2738 1218,2738 1300,2736 1382,2736 1464,2736 1546,2738 1628,2738 1710,2738 1792,2739 1874,2741"/>
                <TextEquiv>
                    <Unicode>ces quod habitus ille nihil actus producit, nisi conatus potentiae augeatur. Insto, habitus b si nihil actus esset in </Unicode>
                </TextEquiv>
            </TextLine>
            <TextLine id="r1l58" custom="readingOrder {index:53;}">
                <Coords points="236,2802 1886,2793 1885,2748 236,2756"/>
                <Baseline points="246,2787 327,2787 408,2787 490,2787 571,2787 653,2786 734,2786 816,2786 897,2786 979,2784 1060,2784 1141,2784 1223,2784 1304,2784 1386,2784 1467,2784 1549,2784 1630,2784 1712,2786 1793,2786 1875,2787"/>
                <TextEquiv>
                    <Unicode>potentia cum concursu potentiae produceret actum, &amp; non est minus actiuus nunc b per praesentiam a, quam a sublato: igitur.</Unicode>
                </TextEquiv>
            </TextLine>
            <TextLine id="r1l59" custom="readingOrder {index:54;}">
                <Coords points="234,2852 1858,2851 1884,2799 234,2802"/>
                <Baseline points="245,2832 326,2832 408,2832 489,2832 571,2832 652,2832 734,2832 815,2832 897,2832 978,2832 1060,2832 1141,2831 1223,2831 1304,2831 1386,2831 1467,2831 1549,2831 1630,2832 1712,2832 1793,2832 1875,2832"/>
                <TextEquiv>
                    <Unicode>Tertio, Habitus non semper producit aliquid actus: quamobrem numquam aliquid actus producit. consequentia tenet: quia</Unicode>
                </TextEquiv>
            </TextLine>
            <TextLine id="r1l60" custom="readingOrder {index:55;}">
                <Coords points="230,2891 1826,2900 1884,2895 1884,2844 230,2852"/>
                <Baseline points="240,2879 321,2879 403,2879 485,2879 566,2880 648,2879 730,2879 811,2879 893,2879 975,2879 1057,2879 1138,2877 1220,2877 1302,2877 1383,2877 1465,2877 1547,2877 1628,2878 1710,2879 1792,2879 1874,2880"/>
                <TextEquiv>
                    <Unicode>est agens naturale eodem modo se habens, sicut intellectus est agens naturale. Forte dices quod aliter actus producit</Unicode>
                </TextEquiv>
            </TextLine>
            <TextLine id="r1l61" custom="readingOrder {index:56;}">
                <Coords points="225,2938 1778,2946 1887,2938 1887,2892 225,2893"/>
                <Baseline points="236,2925 318,2925 400,2927 482,2927 564,2927 646,2927 728,2927 810,2925 892,2925 974,2925 1057,2925 1139,2925 1221,2924 1303,2924 1385,2924 1467,2924 1549,2924 1631,2924 1713,2925 1795,2925 1878,2927"/>
                <TextEquiv>
                    <Unicode>habitum &amp; aliter habitus actum: hic enim sine concursu potentiae nihil efficit: ille vero se solo habitum producit.</Unicode>
                </TextEquiv>
            </TextLine>
            <TextLine id="r1l62" custom="readingOrder {index:57;}">
                <Coords points="229,2984 1823,2985 1867,2935 229,2938"/>
                <Baseline points="240,2973 320,2973 401,2973 482,2973 563,2973 644,2973 725,2972 805,2972 886,2972 967,2972 1048,2972 1129,2972 1210,2972 1291,2972 1371,2972 1452,2972 1533,2972 1614,2972 1695,2972 1776,2972 1857,2973"/>
                <TextEquiv>
                    <Unicode>Potentia est causa solum mediata habitus, quia est immediata cam actus: &amp; actus est cam propinqua &amp; immediata habitus</Unicode>
                </TextEquiv>
            </TextLine>
            <TextLine id="r1l63" custom="readingOrder {index:58;}">
                <Coords points="230,3033 1857,3040 1877,2982 230,2984"/>
                <Baseline points="239,3018 320,3018 401,3020 483,3020 564,3020 646,3020 727,3020 809,3020 890,3020 972,3020 1053,3020 1134,3018 1216,3018 1297,3018 1379,3018 1460,3018 1542,3018 1623,3018 1705,3018 1786,3020 1868,3020"/>
                <TextEquiv>
                    <Unicode>⁋ Insulto: habitus interdum concurrit ad actus productionem, &amp; non potest assignari aliud ab habitu: non ipsa volun¬</Unicode>
                </TextEquiv>
            </TextLine>
            <TextLine id="r1l64" custom="readingOrder {index:59;}">
                <Coords points="223,3077 1794,3088 1875,3076 1875,3032 223,3035"/>
                <Baseline points="233,3066 314,3066 396,3066 477,3066 559,3066 641,3066 722,3066 804,3066 885,3066 967,3066 1049,3065 1130,3065 1212,3065 1293,3065 1375,3065 1457,3065 1538,3065 1620,3065 1701,3065 1783,3066 1865,3066"/>
                <TextEquiv>
                    <Unicode>tas, patet in brutis voluntatis exptibus. Item nos eximus in actum interdum sine concursu actus voluntatis. igitur.</Unicode>
                </TextEquiv>
            </TextLine>
            <TextLine id="r1l65" custom="readingOrder {index:60;}">
                <Coords points="240,3132 1675,3133 1877,3121 1877,3075 240,3077"/>
                <Baseline points="251,3114 331,3114 412,3113 493,3113 574,3113 655,3113 736,3113 816,3113 897,3113 978,3113 1059,3113 1140,3113 1221,3113 1302,3113 1382,3113 1463,3113 1544,3113 1625,3113 1706,3113 1787,3111 1868,3111"/>
                <TextEquiv>
                    <Unicode>Quarto ex dictis infertur habitum esse aequalitatem actiuam, pariter &amp; actum. hoc autem est inconveniens: qualitates enim</Unicode>
                </TextEquiv>
            </TextLine>
            <TextLine id="r1l66" custom="readingOrder {index:61;}">
                <Coords points="230,3172 1870,3178 1837,3120 231,3129"/>
                <Baseline points="240,3159 321,3159 402,3159 483,3159 564,3159 645,3159 726,3159 807,3159 888,3159 969,3159 1050,3159 1131,3159 1212,3159 1293,3159 1374,3159 1455,3159 1536,3159 1617,3159 1698,3161 1779,3161 1860,3162"/>
                <TextEquiv>
                    <Unicode>actiuae vulgo ponuntur in tertia specie qualitatis. habitus vero in prima specie. ⁋ Ad primum respondetur quo</Unicode>
                </TextEquiv>
            </TextLine>
            <TextLine id="r1l67" custom="readingOrder {index:62;}">
                <Coords points="231,3223 1887,3217 1887,3178 1652,3166 231,3172"/>
                <Baseline points="242,3207 323,3207 405,3207 487,3207 569,3207 651,3207 732,3207 814,3207 896,3207 978,3207 1060,3207 1141,3207 1223,3207 1305,3207 1387,3207 1469,3207 1550,3207 1632,3207 1714,3207 1796,3207 1878,3207"/>
                <TextEquiv>
                    <Unicode>nulla est pers a actus quin producitur a bhabitu &amp; ediuerso. de secuda parte haud quaquam ambigis. de priore parte</Unicode>
                </TextEquiv>
            </TextLine>
            <TextLine id="r1l68" custom="readingOrder {index:63;}">
                <Coords points="221,3273 1877,3281 1835,3214 221,3217"/>
                <Baseline points="231,3257 312,3257 394,3257 476,3255 558,3255 639,3255 721,3255 803,3255 885,3257 966,3257 1048,3257 1130,3257 1212,3257 1293,3257 1375,3257 1457,3257 1539,3257 1620,3257 1702,3257 1784,3257 1866,3255"/>
                <TextEquiv>
                    <Unicode>patet. Quia quam cito est aliquid a actus in potentia, tam cito est aliquid b, nec est possibile naturaliter</Unicode>
                </TextEquiv>
            </TextLine>
            <TextEquiv>
                <Unicode>vbitauerit autem. Hic ponitur vna dubitatio circa praedicta, &amp; eius solutio. Dictum est supe¬
rius quod ex operibus bonis virtus generatur: &amp; ex iustis operationibus quis efficitur iustus.
Contra illud non videtur verum, pro eo quod sicut est in artibus, ita est in virtutibus: sed in
artibus, sic est quod nullus facit opera artis, nisi ipse artifex: nullus enim facit grammaticalia aut 
logicalia opera, nisi grammaticus aut logicus: ergo pari ratione nullus facit opera iustitiae nisi
iustus. Et ex consequenti sequitur quod nemo ex operibus iustis iustus efficitur: quia eo ipso quod quis
iuste operatur ipse est iustus. cum ergo iuste operari est iustitiae effectus, non erit iustitiae causa. Ac
si sic argumentaretur. quicunque operatur opera grammaticalia est grammaticus: ergo quicumque ope¬
ratur iusta est iustus. Hanc obiectionem bifariam diluit. in primis negando quod nullus facit opera
artis nisi artem callens. Aliquis enim orationem congruam proferre potest fortuito, &amp; alium gram¬
maticum imitando. hoc est alio praemonstrante aut praeeunte: ille autem talis operatur grammati¬
cus, &amp; non est grammaticus. Ille enim est grammaticus qui grammaticum grammatice loquitur.
hoc est ex habitu &amp; arte grammatica. ltaque aliquis grammaticum semonem profert &amp; non est gram¬
maticus, sic aliquis agit iusta &amp; non est iustus. Secundo negat similitudinem. Nam ea quae ab arte
fiunt laudem in se habent: quare sufficit illa sic existere, hoc est non requiritur bonitas in faciente
sed in re operata. Modo artificium nemo potest facere recte nisi ipse artifex. Sufficit, hic scire &amp;
operari pro virili: opera vero virtutis non habent simpliciter suum bene esse in seipsis: sed oportet
operantem determinatis modis se habere ad opera. At ea quae a virtutibus fiunt, non iuste aut tem¬
peranter agentur, si sint iusta aut temperata, supple ex parte obiecti vel materiae: quemadmodum est
de re operata ab artifice. Ad opera iusta &amp; bona multa requiruntur, quae possunt conuenire ei qui non
habet habitum virtutem. Et tria enumerat. Primum scire, quod intellectui competit, vt non a for¬
tuna &amp; ignoranter sed scienter, hoc est cum prudentia (ad sensum in sexto explicandum) faciat. Se¬
cundum ad appetitum pertinet vt ex electione &amp; non ex impetu naturali operetur, hoc est ob ipsum
opus bonum &amp; non aliud vtile. Si enim ex affectu vt ex ira aut timore operetur non est opus vir¬
tutis. Similiter si quis ob emolumentum temporale, aut inanem gloriam operetur, non est actus virtutis.
Tertium, vt operetur firmiter ac constanter: ita vt a nullo impediatur si posset quin operetur, hoc est
ab habitu qui secundum eum in praedicamentis est difficulter auferibilis. Scire est potissimum in arte.
ad virtutis autem actum scire quidem parum comparatiue, aut nihil potest. Caetera vero non parum sed 
totum posse videntur. Caeterum operationes fiunt simul bonae quando sunt similes operationibus
studiosis. Patet inductiue. Tunc actus est iustus quando est similis actui quem iustus ratione iustitiae
habet: &amp; ita in aliis. Et hoc est verum in actibus, iustitiam, temperantiam, &amp; alias virtutes generantibus. Illa
conclusio tangitur in litera illic, quae quidem &amp; ex eo. hoc est dictu, quae qui dem virtutes, quod frequenter
hoc modo bene fit res, iuste, &amp; temperanter proueniunt. Res igitur iustae (inquit) temperataeque dicuntur cum
sunt tales quales vir iustus ageret, atque ipse temperans. Non igitur male assertum est agendo iusta quempiam iu¬
stum fieri, &amp; temperata temperantem: qui vero haec non agit, num quam euasurus est bonus. Nam sine actibus vir¬
tutum generatiuis, virtutem acquirere est impossibile. Et reuera plerique sunt qui haec non agunt: sed ad
sermones confugiunt, qui ampullosis &amp; sesquipedalibus verbis ratiocinantes sese philosophari putant,
&amp; fieri hoc modo studiosos: &amp; rem aegrotis persimilem faciunt, qui medicos diligenter audiunt, faciunt
autem nihil eorum quae ab ipsis praecipiuntur: vt autem illis corpus non recte valebit, qui ita curari pe¬
tunt, sic nec his animus plane, si ita philosophantur. Quia vero philosophus in hoc quarto capite huius
secundi ait, quonam modo dicimus iusta agentes iustos, &amp; laeta. Vbi insinuat ex operibus habitus emer¬
gere: &amp; ab habitibus rursus actus emanare, vltra superius allata quaeritur? An actus ipsi habitus gene¬
rent &amp; ediuerso. ⁋ Affirmatiue respondetur: patet per philosophum in litera, &amp; superius. ⁋ Contra hanc respon
sionem argumentor. ex ea consequens est effectum producere suam causam. at hoc est inconveniens, igitur, sequela pa¬
tet, sic. hoc vltimum instans non esse horae futurae, in qua Socrates elicit successiue actum per totam horam: sit actus
ille totalis a, &amp; habitus generandus b, a generat b, &amp; contra, non datur pars actus a, quin illam pars habitus
b antecesserit in eadem potentia. proinde concurrit ad generationem actus. Non potes dare partem a suc¬
cessiue genitam quin illam, pars b. praecesserit: quia quaelibet pars actus habitum generat, &amp; contra. ⁋ Secundo
tunc non erit status in actu &amp; habitu. Probatio. eliciat Socrates actum a, vt duo in momento a producit b
in illo momento. &amp; b concurrit ad intentionem a, proinde actus erit intensior per habitum b, quam esset sine habi¬
tu b, &amp; intensio actus a facit habitum intensiorem, &amp; intensio habitus actum intendit. proinde erit reciprocatio
concursus, nec cessat actus quoad capacitas animae oppletur citra infinitum: quod non est dicendum. Forte di¬
ces quod habitus ille nihil actus producit, nisi conatus potentiae augeatur. Insto, habitus b si nihil actus esset in 
potentia cum concursu potentiae produceret actum, &amp; non est minus actiuus nunc b per praesentiam a, quam a sublato: igitur.
Tertio, Habitus non semper producit aliquid actus: quamobrem numquam aliquid actus producit. consequentia tenet: quia
est agens naturale eodem modo se habens, sicut intellectus est agens naturale. Forte dices quod aliter actus producit
habitum &amp; aliter habitus actum: hic enim sine concursu potentiae nihil efficit: ille vero se solo habitum producit.
Potentia est causa solum mediata habitus, quia est immediata cam actus: &amp; actus est cam propinqua &amp; immediata habitus
⁋ Insulto: habitus interdum concurrit ad actus productionem, &amp; non potest assignari aliud ab habitu: non ipsa volun¬
tas, patet in brutis voluntatis exptibus. Item nos eximus in actum interdum sine concursu actus voluntatis. igitur.
Quarto ex dictis infertur habitum esse aequalitatem actiuam, pariter &amp; actum. hoc autem est inconveniens: qualitates enim
actiuae vulgo ponuntur in tertia specie qualitatis. habitus vero in prima specie. ⁋ Ad primum respondetur quo
nulla est pers a actus quin producitur a bhabitu &amp; ediuerso. de secuda parte haud quaquam ambigis. de priore parte
patet. Quia quam cito est aliquid a actus in potentia, tam cito est aliquid b, nec est possibile naturaliter</Unicode>
            </TextEquiv>
        </TextRegion>
    </Page>
</PcGts>
