<?xml version="1.0" encoding="UTF-8" standalone="yes"?>
<PcGts xmlns="http://schema.primaresearch.org/PAGE/gts/pagecontent/2013-07-15" xmlns:xsi="http://www.w3.org/2001/XMLSchema-instance" xsi:schemaLocation="http://schema.primaresearch.org/PAGE/gts/pagecontent/2013-07-15 http://schema.primaresearch.org/PAGE/gts/pagecontent/2013-07-15/pagecontent.xsd">
    <Metadata>
        <Creator>prov=University of Rostock/Institute of Mathematics/CITlab|PLANET AI GmbH/Gundram Leifert/gundram.leifert@planet-ai.de:name=cod-MaEth8-m2(htr_id=30545)::::v=2.6.7
prov=University of Rostock/Institute of Mathematics/CITlab|PLANET AI GmbH/Tobias Gruening/tobias.gruening@planet-ai.de:name=de.uros.citlab.module.baseline2polygon.B2PSeamMultiOriented:v=2.6.7
prov=University of Rostock/Institute of Mathematics/CITlab|PLANET AI GmbH/Tobias Gruening/tobias.gruening@planet-ai.de:name=/net_tf/LA73_249_0mod360.pb:de.uros.citlab.segmentation.CITlab_LA_ML:v=2.6.6
Transkribus</Creator>
        <Created>2021-01-31T23:13:30.502+01:00</Created>
        <LastChange>2021-02-26T16:28:18.750+01:00</LastChange>
        <TranskribusMetadata docId="597563" pageId="23819605" pageNr="75" tsid="53130077" status="IN_PROGRESS" userId="25065" imgUrl="https://files.transkribus.eu/Get?id=LFXCYSXJBVZMWTRUYLRJUFRJ&amp;fileType=view" xmlUrl="https://files.transkribus.eu/Get?id=DIVQNWTBCELUITEYGVBCDYHX" imageId="18280063"/>
    </Metadata>
    <Page imageFilename="74.jpg" imageWidth="2359" imageHeight="3601">
        <ReadingOrder>
            <OrderedGroup id="ro_1614432088095" caption="Regions reading order">
                <RegionRefIndexed index="0" regionRef="TextRegion_1613783240874_3880"/>
            </OrderedGroup>
        </ReadingOrder>
        <TextRegion orientation="0.0" id="TextRegion_1613783240874_3880" custom="readingOrder {index:0;}">
            <Coords points="269,179 1964,179 1941,3006 1938,3291 269,3291"/>
            <TextLine id="r2l2" custom="readingOrder {index:0;}">
                <Coords points="277,330 1957,322 1957,266 1630,239 277,259"/>
                <Baseline points="287,318 374,318 461,318 548,318 636,317 723,317 810,317 898,317 985,317 1072,315 1160,315 1247,315 1334,315 1422,315 1509,315 1596,315 1684,315 1771,315 1858,315 1946,315"/>
                <TextEquiv>
                    <Unicode>Ptolemaeus Alexandrinus gentilicio errore imbutus. Hoc experientia hausit. ldem innuit philoso¬</Unicode>
                </TextEquiv>
            </TextLine>
            <TextLine id="r2l3" custom="readingOrder {index:1;}">
                <Coords points="294,386 1913,386 1953,328 294,332"/>
                <Baseline points="305,368 386,366 468,366 550,366 632,365 714,365 796,365 878,363 960,363 1042,363 1124,363 1205,363 1287,363 1369,363 1451,363 1533,363 1615,363 1697,363 1779,363 1861,362 1943,362"/>
                <TextEquiv>
                    <Unicode>phus in Ethicis &amp; vbique, &amp; diuina eloquia. Sub te erit appetitus tuus &amp; tu dominaberis illius. Stulti¬</Unicode>
                </TextEquiv>
            </TextLine>
            <TextLine id="r2l5" custom="readingOrder {index:2;}">
                <Coords points="283,432 1909,431 1959,372 283,388"/>
                <Baseline points="293,414 375,413 458,413 541,411 624,411 707,411 789,411 872,410 955,410 1038,410 1121,410 1203,410 1286,410 1369,410 1452,411 1535,411 1617,411 1700,411 1783,411 1866,411 1949,410"/>
                <TextEquiv>
                    <Unicode>or inclinationem citra reluctamen insequitur vel ex malis actibus se ad malum promptificat, quia</Unicode>
                </TextEquiv>
            </TextLine>
            <TextLine id="r2l6" custom="readingOrder {index:3;}">
                <Coords points="277,471 1959,471 1959,417 277,426"/>
                <Baseline points="287,461 370,459 453,459 536,459 619,459 702,458 785,458 868,458 951,458 1034,458 1118,458 1201,458 1284,458 1367,458 1450,458 1533,458 1616,458 1699,458 1782,456 1865,456 1949,455"/>
                <TextEquiv>
                    <Unicode>ex malis actibus ingratissimae filiae oriuntur, scilicet habitus. Exempli gratia Adrianus Imperator</Unicode>
                </TextEquiv>
            </TextLine>
            <TextLine id="r2l7" custom="readingOrder {index:4;}">
                <Coords points="288,517 1954,518 1899,462 288,469"/>
                <Baseline points="299,507 381,507 463,507 545,507 628,507 710,506 792,506 874,506 957,506 1039,506 1121,504 1203,504 1286,504 1368,504 1450,504 1532,503 1615,503 1697,503 1779,503 1861,503 1944,504"/>
                <TextEquiv>
                    <Unicode>Traiani Caesaris laudem adeo aegrae tulit, vt Armeniam, Assyriam, Mesopotamiam, ab illo acquisitas</Unicode>
                </TextEquiv>
            </TextLine>
            <TextLine id="line_1613783240950_3886" custom="readingOrder {index:5;}">
                <Coords points="1932,2778 1953,2780 1963,2772 1988,2783 1999,2775 2015,2788 2024,2782 2040,2786 2057,2774 2092,2796 2111,2782 2127,2782 2129,2718 2104,2713 2087,2721 2067,2710 2058,2718 2031,2720 2004,2700 1979,2710 1961,2702 1948,2714 1934,2713"/>
                <Baseline points="1943,2764 1972,2762 2001,2763 2030,2763 2059,2765 2088,2766 2117,2765"/>
                <TextEquiv>
                    <Unicode>Alcmeon.</Unicode>
                </TextEquiv>
            </TextLine>
            <TextLine id="r2l8" custom="readingOrder {index:6;}">
                <Coords points="276,567 1945,565 1895,511 276,515"/>
                <Baseline points="287,554 369,554 451,552 534,552 616,552 698,552 781,552 863,552 945,552 1028,552 1110,552 1192,552 1275,551 1357,551 1439,551 1522,551 1604,551 1686,551 1769,549 1851,549 1934,549"/>
                <TextEquiv>
                    <Unicode>Parthis concesserit. Pontem supra Danubium ab illo extructum diruerit. Asinius Pollio adeo infen¬</Unicode>
                </TextEquiv>
            </TextLine>
            <TextLine id="r2l9" custom="readingOrder {index:7;}">
                <Coords points="286,608 1922,617 1953,561 286,565"/>
                <Baseline points="296,602 378,600 460,600 543,600 625,599 707,599 790,599 872,599 954,597 1037,597 1119,597 1201,597 1284,597 1366,597 1448,597 1531,597 1613,597 1695,597 1778,597 1860,597 1943,596"/>
                <TextEquiv>
                    <Unicode>sus fuit Ciceroni vt eius laudes audire nequiret. Cum enim Sextilius poeta inciperet canere in men¬</Unicode>
                </TextEquiv>
            </TextLine>
            <TextLine id="r2l10" custom="readingOrder {index:8;}">
                <Coords points="286,663 1924,659 1959,607 286,609"/>
                <Baseline points="296,647 378,647 461,647 543,647 626,645 709,645 791,645 874,645 957,645 1039,645 1122,645 1205,644 1287,644 1370,644 1453,644 1535,644 1618,644 1701,644 1783,644 1866,644 1949,644"/>
                <TextEquiv>
                    <Unicode>sa. Deflendus Cicero patriaeque silentia linguae: cunctis spectantibus adeo est commotus, vt silentium</Unicode>
                </TextEquiv>
            </TextLine>
            <TextLine id="r2l11" custom="readingOrder {index:9;}">
                <Coords points="287,704 1950,694 1949,650 286,662"/>
                <Baseline points="296,693 378,693 460,693 542,693 624,693 707,692 789,692 871,692 953,692 1035,692 1118,692 1200,690 1282,690 1364,690 1446,690 1529,690 1611,690 1693,690 1775,690 1857,690 1940,689"/>
                <TextEquiv>
                    <Unicode>vati imperaret. Aliqui sunt in choleram pronissimi. Aliqui constantes atque patientes in diffor¬</Unicode>
                </TextEquiv>
            </TextLine>
            <TextLine id="r2l12" custom="readingOrder {index:10;}">
                <Coords points="282,750 1926,755 1949,695 282,704"/>
                <Baseline points="293,738 375,738 457,740 539,740 622,740 704,740 786,740 868,738 951,738 1033,738 1115,738 1197,737 1280,737 1362,737 1444,737 1526,737 1609,737 1691,737 1773,737 1855,737 1938,737"/>
                <TextEquiv>
                    <Unicode>tuniis vt lob, Socrates, Licurgus, Aristides. Et Stephanus aliique martyres ecclesiae. Breui in omnibus</Unicode>
                </TextEquiv>
            </TextLine>
            <TextLine id="r2l13" custom="readingOrder {index:11;}">
                <Coords points="287,802 1807,802 1954,789 1954,745 287,750"/>
                <Baseline points="297,786 379,786 461,786 544,786 626,785 708,785 791,785 873,785 955,785 1038,783 1120,783 1202,783 1285,783 1367,783 1449,783 1532,783 1614,782 1696,782 1779,782 1861,783 1944,783"/>
                <TextEquiv>
                    <Unicode>his, ratio &amp; voluntas imperium tenent: quacunque calamitate opprimaris cladem in bonam partem ac¬</Unicode>
                </TextEquiv>
            </TextLine>
            <TextLine id="r2l14" custom="readingOrder {index:12;}">
                <Coords points="276,848 1864,853 1945,843 1945,789 276,798"/>
                <Baseline points="287,834 369,833 451,833 534,833 616,833 698,833 781,833 863,831 945,831 1028,831 1110,831 1192,831 1275,831 1357,831 1439,831 1522,831 1604,831 1686,831 1769,831 1851,831 1934,831"/>
                <TextEquiv>
                    <Unicode>cipe, patientiam per voluntatis imperium conserua: &amp; omnia leuentur. Propterea de inclinatione si¬</Unicode>
                </TextEquiv>
            </TextLine>
            <TextLine id="r2l15" custom="readingOrder {index:13;}">
                <Coords points="277,905 341,888 426,903 441,889 509,901 536,887 557,901 576,887 719,900 784,887 784,856 749,841 277,849"/>
                <Baseline points="288,881 313,881 339,881 364,881 390,881 415,881 441,881 467,881 492,881 518,881 543,881 569,881 594,881 620,881 646,882 671,882 697,882 722,882 748,882 774,881"/>
                <TextEquiv>
                    <Unicode>derum parum est curandum.</Unicode>
                </TextEquiv>
            </TextLine>
            <TextLine id="r2l18" custom="readingOrder {index:14;}">
                <Coords points="270,1066 525,1087 602,1056 789,1056 795,943 721,927 625,939 611,925 589,939 277,941"/>
                <Baseline points="282,1028 308,1029 334,1030 360,1032 386,1035 413,1037 439,1038 465,1041 491,1043 517,1045 544,1048 570,1049 596,1050 622,1052 648,1052 675,1052 701,1052 727,1051 753,1050 780,1047"/>
                <TextEquiv>
                    <Unicode>⁋XLIBR</Unicode>
                </TextEquiv>
            </TextLine>
            <TextLine id="r2l19" custom="readingOrder {index:15;}">
                <Coords points="600,1131 1642,1134 1612,1055 1436,1030 1338,1064 1172,1040 1093,1075 889,1034 837,1062 600,1056"/>
                <Baseline points="611,1095 662,1097 713,1097 764,1098 815,1100 866,1100 917,1100 968,1100 1019,1100 1070,1098 1121,1098 1172,1098 1223,1097 1274,1097 1325,1097 1376,1096 1427,1095 1478,1095 1529,1095 1580,1096 1631,1097"/>
                <TextEquiv>
                    <Unicode>OTATvs PRMI. CAb VT PRIMVM.</Unicode>
                </TextEquiv>
            </TextLine>
            <TextLine id="line_1613783240943_3883" custom="readingOrder {index:16;}">
                <Coords points="755,1210 1967,1230 1967,1120 755,1125"/>
                <Baseline points="765,1209 835,1211 905,1211 975,1211 1045,1209 1115,1209 1185,1208 1255,1208 1325,1206 1395,1206 1465,1205 1535,1205 1605,1205 1675,1206 1745,1206 1815,1208 1885,1211 1955,1214 1956,1214"/>
                <TextEquiv>
                    <Unicode>vi AvxEM viR Tvs SiR CAAEERCTVs.i</Unicode>
                </TextEquiv>
            </TextLine>
            <TextLine id="line_1613783240945_3885" custom="readingOrder {index:17;}">
                <Coords points="757,1278 1965,1267 1965,1225 1896,1213 757,1217"/>
                <Baseline points="767,1266 836,1266 906,1266 975,1266 1045,1265 1115,1265 1184,1265 1254,1263 1323,1263 1393,1262 1463,1262 1532,1262 1602,1262 1671,1262 1741,1262 1811,1262 1880,1263 1950,1265 1955,1265"/>
                <TextEquiv>
                    <Unicode>actusque versetur: &amp; in iis quidem quae sua sponte quis agit, laudes i</Unicode>
                </TextEquiv>
            </TextLine>
            <TextLine id="r2l23" custom="readingOrder {index:18;}">
                <Coords points="765,1334 1933,1340 1933,1275 764,1276"/>
                <Baseline points="774,1323 831,1322 888,1322 946,1322 1003,1320 1061,1320 1118,1320 1175,1320 1233,1319 1290,1319 1348,1319 1405,1318 1462,1317 1520,1317 1577,1317 1635,1317 1692,1317 1749,1317 1807,1316 1864,1316 1922,1316"/>
                <TextEquiv>
                    <Unicode>&amp; vituperationes: in iis autem quae inuitus facit, venia nonnunqua</Unicode>
                </TextEquiv>
            </TextLine>
            <TextLine id="r2l24" custom="readingOrder {index:19;}">
                <Coords points="753,1404 1942,1402 1942,1344 1898,1323 753,1335"/>
                <Baseline points="764,1379 822,1377 880,1377 939,1377 997,1377 1055,1376 1114,1376 1172,1376 1230,1374 1289,1374 1347,1374 1405,1374 1464,1374 1522,1373 1580,1373 1639,1373 1697,1373 1755,1373 1814,1373 1872,1373 1931,1373"/>
                <TextEquiv>
                    <Unicode>&amp; misericordia locum habeat: eos forsitam qui de virtute conside¬</Unicode>
                </TextEquiv>
            </TextLine>
            <TextLine id="r2l25" custom="readingOrder {index:20;}">
                <Coords points="763,1449 1923,1457 1948,1393 763,1399"/>
                <Baseline points="773,1434 831,1433 889,1433 947,1433 1005,1433 1064,1431 1122,1431 1180,1431 1238,1430 1296,1430 1355,1430 1413,1430 1471,1430 1529,1430 1587,1430 1646,1430 1704,1430 1762,1430 1820,1430 1878,1430 1937,1430"/>
                <TextEquiv>
                    <Unicode>rant, de eo quod sua sponte quis facit atque inuitus, determinare</Unicode>
                </TextEquiv>
            </TextLine>
            <TextLine id="r2l26" custom="readingOrder {index:21;}">
                <Coords points="739,1489 1949,1500 1949,1458 1824,1442 739,1460"/>
                <Baseline points="749,1487 808,1488 867,1488 927,1488 986,1487 1046,1487 1105,1487 1165,1487 1224,1485 1284,1485 1343,1485 1402,1484 1462,1484 1521,1484 1581,1484 1640,1482 1700,1482 1759,1483 1819,1484 1878,1484 1938,1485"/>
                <TextEquiv>
                    <Unicode>inecesse est. Vtilis est etiam legum latoribus haec sane considera¬</Unicode>
                </TextEquiv>
            </TextLine>
            <TextLine id="r2l27" custom="readingOrder {index:22;}">
                <Coords points="745,1555 1945,1550 1944,1506 1898,1496 745,1492"/>
                <Baseline points="756,1545 814,1544 873,1544 932,1544 991,1544 1050,1544 1109,1542 1168,1542 1227,1542 1286,1541 1345,1541 1403,1540 1462,1539 1521,1539 1580,1539 1639,1539 1698,1539 1757,1539 1816,1539 1875,1539 1934,1539"/>
                <TextEquiv>
                    <Unicode>ltio ad praemia poenasque instituendas. Videtur itaque ea inuitus</Unicode>
                </TextEquiv>
            </TextLine>
            <TextLine id="r2l28" custom="readingOrder {index:23;}">
                <Coords points="747,1603 1893,1617 1932,1608 1932,1550 747,1556"/>
                <Baseline points="758,1598 816,1599 874,1599 932,1599 991,1599 1049,1599 1107,1599 1165,1598 1224,1598 1282,1598 1340,1596 1398,1596 1457,1596 1515,1595 1573,1595 1631,1595 1690,1595 1748,1595 1806,1595 1864,1595 1923,1596"/>
                <TextEquiv>
                    <Unicode>facere quispiam, quae violentia vel per ignorationem facit. Id au¬</Unicode>
                </TextEquiv>
            </TextLine>
            <TextLine id="r2l30" custom="readingOrder {index:24;}">
                <Coords points="757,1680 1905,1680 1938,1609 757,1621"/>
                <Baseline points="767,1656 825,1656 883,1656 941,1655 999,1655 1057,1653 1115,1653 1173,1653 1231,1652 1289,1652 1347,1652 1405,1650 1463,1650 1521,1650 1579,1650 1637,1650 1695,1650 1753,1650 1811,1650 1869,1652 1928,1652"/>
                <TextEquiv>
                    <Unicode>tem est violentum cuius principium est foris, in quod nihil is qui</Unicode>
                </TextEquiv>
            </TextLine>
            <TextLine id="r2l31" custom="readingOrder {index:25;}">
                <Coords points="702,1738 1927,1731 1945,1664 702,1698"/>
                <Baseline points="713,1713 774,1712 835,1712 896,1710 957,1710 1018,1709 1079,1709 1140,1707 1201,1707 1262,1706 1324,1706 1385,1706 1446,1706 1507,1704 1568,1704 1629,1704 1690,1705 1751,1706 1812,1706 1873,1707 1935,1707"/>
                <TextEquiv>
                    <Unicode>eglagit aut patitur confert, vt si ventus aliquo tulerit, aut homines</Unicode>
                </TextEquiv>
            </TextLine>
            <TextLine id="r2l32" custom="readingOrder {index:26;}">
                <Coords points="277,1796 1871,1786 1948,1773 1948,1723 277,1737"/>
                <Baseline points="287,1776 369,1775 452,1773 534,1772 617,1770 699,1769 782,1767 864,1766 947,1764 1029,1763 1112,1763 1194,1761 1277,1761 1359,1760 1442,1760 1524,1760 1607,1760 1689,1760 1772,1761 1854,1761 1937,1763"/>
                <TextEquiv>
                    <Unicode>potestatem habentes. At ea quae ob maiorum metum malorum, aut ob aliquod bonum agun</Unicode>
                </TextEquiv>
            </TextLine>
            <TextLine id="r2l33" custom="readingOrder {index:27;}">
                <Coords points="277,1844 1759,1838 1950,1824 1950,1774 277,1796"/>
                <Baseline points="287,1829 369,1827 452,1827 534,1826 617,1826 700,1824 782,1823 865,1822 948,1821 1030,1820 1113,1819 1196,1818 1278,1818 1361,1817 1444,1817 1526,1816 1609,1815 1692,1815 1774,1817 1857,1817 1940,1818"/>
                <TextEquiv>
                    <Unicode>tur: vt si tyrannus quempiam aliquid agere turpe iuberet, habens in potestate &amp; parentes &amp;</Unicode>
                </TextEquiv>
            </TextLine>
            <TextLine id="r2l34" custom="readingOrder {index:28;}">
                <Coords points="271,1894 1886,1893 1936,1828 271,1844"/>
                <Baseline points="282,1887 364,1884 446,1883 528,1881 610,1880 692,1880 774,1878 857,1877 939,1877 1021,1875 1103,1875 1185,1874 1267,1874 1349,1874 1432,1874 1514,1872 1596,1872 1678,1872 1760,1872 1842,1872 1925,1874"/>
                <TextEquiv>
                    <Unicode>liberos, hac lege: vt si illud agat illi sint incolumes: si non agat, dispereant, controuersiam ha¬</Unicode>
                </TextEquiv>
            </TextLine>
            <TextLine id="r2l35" custom="readingOrder {index:29;}">
                <Coords points="278,1954 1933,1957 1935,1888 278,1898"/>
                <Baseline points="288,1941 369,1940 451,1938 533,1938 615,1937 697,1935 779,1935 860,1934 942,1932 1024,1932 1106,1931 1188,1929 1270,1929 1352,1928 1433,1928 1515,1928 1597,1928 1679,1928 1761,1928 1843,1928 1925,1929"/>
                <TextEquiv>
                    <Unicode>bere videntur vtrum haec inuiti an sponte faciant homines. Tale etiam quid accidit &amp; cir¬</Unicode>
                </TextEquiv>
            </TextLine>
            <TextLine id="r2l37" custom="readingOrder {index:30;}">
                <Coords points="277,2014 1902,2013 1927,1944 276,1966"/>
                <Baseline points="287,1995 368,1995 449,1994 531,1994 612,1992 694,1991 775,1991 857,1989 938,1988 1020,1987 1101,1986 1182,1985 1264,1985 1345,1983 1427,1983 1508,1983 1590,1983 1671,1983 1753,1983 1834,1985 1916,1986"/>
                <TextEquiv>
                    <Unicode>ca iactus eos qui in tempestatibus fiunt. Simpliciter enim nemo suas fortunas eiicit sponte.</Unicode>
                </TextEquiv>
            </TextLine>
            <TextLine id="r2l39" custom="readingOrder {index:31;}">
                <Coords points="272,2064 1935,2055 1934,2010 1735,1992 271,2016"/>
                <Baseline points="282,2052 364,2051 446,2050 528,2049 610,2048 692,2048 774,2046 857,2045 939,2045 1021,2043 1103,2042 1185,2042 1267,2040 1349,2040 1432,2040 1514,2040 1596,2040 1678,2040 1760,2040 1842,2040 1925,2042"/>
                <TextEquiv>
                    <Unicode>Sed omnes propter suam caeterorumque salutem eiiciunt, modo sint mentis sanae. Tales igitur</Unicode>
                </TextEquiv>
            </TextLine>
            <TextLine id="r2l40" custom="readingOrder {index:32;}">
                <Coords points="269,2127 1857,2118 1929,2059 268,2064"/>
                <Baseline points="279,2106 361,2105 443,2105 525,2105 607,2103 689,2103 771,2102 853,2100 935,2100 1017,2099 1099,2099 1181,2097 1263,2097 1345,2096 1427,2096 1509,2096 1591,2096 1673,2096 1755,2096 1837,2096 1919,2096"/>
                <TextEquiv>
                    <Unicode>actus mixti quidem sunt. lis autem magis sunt similes quos sponte homines agunt. Expetun¬</Unicode>
                </TextEquiv>
            </TextLine>
            <TextLine id="r2l41" custom="readingOrder {index:33;}">
                <Coords points="276,2172 1833,2178 1939,2167 1938,2102 275,2127"/>
                <Baseline points="287,2160 369,2160 451,2160 533,2160 615,2160 697,2159 779,2159 861,2157 943,2156 1025,2156 1107,2154 1189,2154 1271,2153 1353,2152 1435,2151 1517,2151 1599,2151 1681,2151 1763,2151 1845,2151 1928,2153"/>
                <TextEquiv>
                    <Unicode>tur tunc enim cum aguntur: atque finis actionis in temporis conditione consistit. Et sponte</Unicode>
                </TextEquiv>
            </TextLine>
            <TextLine id="r2l42" custom="readingOrder {index:34;}">
                <Coords points="273,2237 1926,2238 1913,2161 273,2175"/>
                <Baseline points="284,2217 365,2217 447,2216 528,2216 610,2216 692,2214 773,2214 855,2213 936,2213 1018,2211 1100,2211 1181,2210 1263,2210 1344,2208 1426,2208 1508,2208 1589,2208 1671,2208 1752,2208 1834,2208 1916,2208"/>
                <TextEquiv>
                    <Unicode>igitur &amp; inuitum vnumquemque dicendum est agere cum agit. Agit autem sua sponte. Est</Unicode>
                </TextEquiv>
            </TextLine>
            <TextLine id="r2l43" custom="readingOrder {index:35;}">
                <Coords points="277,2284 1938,2291 1938,2235 1771,2215 277,2239"/>
                <Baseline points="287,2273 369,2273 451,2273 533,2273 615,2271 697,2271 779,2270 861,2270 943,2268 1025,2267 1107,2267 1189,2265 1271,2265 1353,2264 1435,2264 1517,2262 1599,2262 1681,2262 1763,2262 1845,2262 1928,2262"/>
                <TextEquiv>
                    <Unicode>enim in ipso principium mouendi partes eas quae sunt in huiuscemodi actibus instrumen¬</Unicode>
                </TextEquiv>
            </TextLine>
            <TextLine id="r2l44" custom="readingOrder {index:36;}">
                <Coords points="274,2343 1843,2345 1924,2289 273,2293"/>
                <Baseline points="284,2330 365,2328 446,2328 528,2328 609,2327 691,2327 772,2325 854,2325 935,2324 1017,2324 1098,2322 1179,2322 1261,2321 1342,2321 1424,2321 1505,2319 1587,2319 1668,2319 1750,2318 1831,2318 1913,2318"/>
                <TextEquiv>
                    <Unicode>ta. At quorum principium est in ipso ea agere vel non agere in ipso est situm. Talia igitur</Unicode>
                </TextEquiv>
            </TextLine>
            <TextLine id="r2l45" custom="readingOrder {index:37;}">
                <Coords points="271,2395 1936,2389 1906,2331 270,2345"/>
                <Baseline points="281,2384 363,2384 445,2384 527,2384 609,2383 692,2382 774,2382 856,2381 938,2379 1020,2379 1103,2378 1185,2378 1267,2376 1349,2376 1431,2375 1514,2375 1596,2375 1678,2375 1760,2375 1842,2375 1925,2376"/>
                <TextEquiv>
                    <Unicode>sua sponte quisque agit. At simpliciter fortassis inuitus. Nemo nanque talium quicquam per se expe</Unicode>
                </TextEquiv>
            </TextLine>
            <TextLine id="r2l46" custom="readingOrder {index:38;}">
                <Coords points="280,2451 1847,2456 1928,2439 1928,2389 279,2397"/>
                <Baseline points="290,2439 371,2439 452,2439 534,2439 615,2439 696,2438 778,2438 859,2436 940,2436 1022,2435 1103,2435 1184,2433 1266,2433 1347,2432 1428,2432 1510,2430 1591,2430 1672,2430 1754,2430 1835,2430 1917,2430"/>
                <TextEquiv>
                    <Unicode>teret vnquam. In actibus autem huiuscemodi nonnunquam homines &amp; laudantur cum pro magnis</Unicode>
                </TextEquiv>
            </TextLine>
            <TextLine id="r2l47" custom="readingOrder {index:39;}">
                <Coords points="277,2515 1915,2516 1927,2439 276,2453"/>
                <Baseline points="287,2496 368,2496 450,2496 531,2495 613,2495 694,2493 776,2493 857,2492 939,2492 1020,2490 1102,2490 1183,2489 1265,2489 1346,2487 1428,2487 1509,2487 1591,2486 1672,2486 1754,2486 1835,2486 1917,2487"/>
                <TextEquiv>
                    <Unicode>&amp; honestis rebus aliquid turpe ferunt aut molestum: si vero contra faciunt vituperantur. Est</Unicode>
                </TextEquiv>
            </TextLine>
            <TextLine id="r2l48" custom="readingOrder {index:40;}">
                <Coords points="278,2565 1920,2553 1919,2515 1653,2496 277,2519"/>
                <Baseline points="287,2552 368,2552 449,2552 530,2550 611,2550 692,2549 773,2549 855,2549 936,2547 1017,2547 1098,2546 1179,2546 1260,2544 1341,2544 1423,2544 1504,2543 1585,2543 1666,2541 1747,2541 1828,2541 1910,2541"/>
                <TextEquiv>
                    <Unicode>enim improbi pro nulla re honesta vel mediocri, res turpissimas ferre. In quibusdam autem</Unicode>
                </TextEquiv>
            </TextLine>
            <TextLine id="r2l49" custom="readingOrder {index:41;}">
                <Coords points="278,2617 1835,2623 1930,2610 1930,2562 277,2565"/>
                <Baseline points="288,2607 369,2607 451,2607 532,2606 614,2606 696,2605 777,2604 859,2604 940,2603 1022,2603 1104,2601 1185,2601 1267,2600 1348,2600 1430,2600 1512,2598 1593,2598 1675,2598 1756,2598 1838,2598 1920,2598"/>
                <TextEquiv>
                    <Unicode>laus quidem non sit, sed venia locum habet: cum ea quae non agere oportet quispiam egerit</Unicode>
                </TextEquiv>
            </TextLine>
            <TextLine id="r2l50" custom="readingOrder {index:42;}">
                <Coords points="268,2673 1927,2669 1927,2623 1810,2607 268,2619"/>
                <Baseline points="279,2664 360,2663 442,2663 524,2663 606,2661 688,2661 770,2660 852,2660 934,2658 1016,2658 1098,2657 1179,2657 1261,2655 1343,2655 1425,2654 1507,2654 1589,2654 1671,2654 1753,2652 1835,2652 1917,2652"/>
                <TextEquiv>
                    <Unicode>ob huiuscemodi res, quae naturam humanam superant, nemoque perferret. Sunt autem quae¬</Unicode>
                </TextEquiv>
            </TextLine>
            <TextLine id="r2l51" custom="readingOrder {index:43;}">
                <Coords points="277,2736 1795,2735 1930,2717 1930,2667 277,2676"/>
                <Baseline points="287,2718 368,2718 450,2718 531,2717 613,2717 695,2717 776,2715 858,2715 939,2715 1021,2714 1103,2714 1184,2714 1266,2712 1347,2712 1429,2712 1511,2711 1592,2711 1674,2709 1755,2709 1837,2709 1919,2708"/>
                <TextEquiv>
                    <Unicode>dam, ad quae forsitan non licet quemquam esse compulsum. Sed potius oportet summa perpessum</Unicode>
                </TextEquiv>
            </TextLine>
            <TextLine id="r2l53" custom="readingOrder {index:44;}">
                <Coords points="276,2796 1925,2792 1924,2717 276,2736"/>
                <Baseline points="287,2774 368,2775 449,2775 531,2774 612,2774 693,2774 775,2772 856,2772 937,2771 1019,2771 1100,2769 1181,2769 1263,2768 1344,2768 1425,2766 1507,2766 1588,2766 1669,2765 1751,2765 1832,2765 1914,2766"/>
                <TextEquiv>
                    <Unicode>tormenta mortem obire. Ridicula nanque videntur ea quae ad necem matris, Alcmeonem Euri¬</Unicode>
                </TextEquiv>
            </TextLine>
            <TextLine id="r2l54" custom="readingOrder {index:45;}">
                <Coords points="268,2854 1883,2844 1925,2794 268,2798"/>
                <Baseline points="278,2831 359,2831 441,2831 523,2829 605,2829 687,2829 768,2828 850,2828 932,2826 1014,2826 1096,2825 1177,2825 1259,2823 1341,2823 1423,2823 1505,2822 1586,2822 1668,2822 1750,2822 1832,2822 1914,2823"/>
                <TextEquiv>
                    <Unicode>pidis compulerunt. Est autem interdum difficile quale pro quali sit expetendum, &amp; quid pro</Unicode>
                </TextEquiv>
            </TextLine>
            <TextLine id="r2l55" custom="readingOrder {index:46;}">
                <Coords points="272,2907 1795,2900 1920,2883 1920,2833 271,2853"/>
                <Baseline points="281,2885 362,2885 443,2885 525,2883 606,2883 688,2883 769,2883 851,2883 932,2882 1014,2882 1095,2882 1176,2880 1258,2880 1339,2880 1421,2879 1502,2879 1584,2879 1665,2877 1747,2877 1828,2877 1910,2876"/>
                <TextEquiv>
                    <Unicode>quo sustinendum: discernere. Difficilius etiam est posteaquam cognoueris, in sententia perma¬</Unicode>
                </TextEquiv>
            </TextLine>
            <TextLine id="r2l56" custom="readingOrder {index:47;}">
                <Coords points="271,2956 1922,2947 1921,2891 1857,2888 271,2906"/>
                <Baseline points="281,2940 362,2940 444,2942 525,2942 607,2941 688,2940 770,2940 851,2939 933,2939 1014,2937 1096,2937 1177,2936 1259,2936 1340,2934 1422,2934 1503,2933 1585,2933 1666,2933 1748,2933 1829,2933 1911,2933"/>
                <TextEquiv>
                    <Unicode>nere. Fit enim plerumque vt ea quidem quae expetuntur molesta, ea vero ad quae cogimur tur</Unicode>
                </TextEquiv>
            </TextLine>
            <TextLine id="r2l58" custom="readingOrder {index:48;}">
                <Coords points="270,3021 1927,3003 1926,2947 1802,2940 270,2956"/>
                <Baseline points="281,2996 362,2997 444,2997 526,2997 608,2997 690,2996 771,2996 853,2996 935,2994 1017,2994 1099,2993 1180,2993 1262,2991 1344,2991 1426,2990 1508,2990 1589,2990 1671,2988 1753,2988 1835,2988 1917,2988"/>
                <TextEquiv>
                    <Unicode>pia sint: vnde laudantur atque vituperantur ii qui fuerunt aut non fuerunt compulsi. Quae¬</Unicode>
                </TextEquiv>
            </TextLine>
            <TextLine id="r2l59" custom="readingOrder {index:49;}">
                <Coords points="263,3077 1813,3070 1932,3057 1932,3003 262,3021"/>
                <Baseline points="272,3051 354,3051 437,3051 519,3051 602,3051 684,3051 767,3051 849,3050 932,3050 1014,3048 1097,3048 1179,3048 1262,3047 1344,3047 1427,3046 1509,3045 1592,3045 1674,3045 1757,3045 1839,3045 1922,3045"/>
                <TextEquiv>
                    <Unicode>nam igitur dicenda sunt violenta? An ea quidem simpliciter inuitus quispiam agit quorum</Unicode>
                </TextEquiv>
            </TextLine>
            <TextLine id="r2l60" custom="readingOrder {index:50;}">
                <Coords points="266,3116 1929,3120 1897,3054 265,3073"/>
                <Baseline points="275,3108 357,3108 439,3108 521,3108 603,3108 686,3107 768,3107 850,3107 932,3105 1014,3105 1097,3104 1179,3104 1261,3104 1343,3102 1425,3102 1508,3101 1590,3101 1672,3101 1754,3099 1836,3099 1919,3099"/>
                <TextEquiv>
                    <Unicode>externa est causa, &amp; ipse agens nihil omnino confert: quae vero per se quidem inuitus facit:</Unicode>
                </TextEquiv>
            </TextLine>
            <TextLine id="r2l61" custom="readingOrder {index:51;}">
                <Coords points="271,3175 1928,3167 1890,3111 271,3120"/>
                <Baseline points="281,3165 362,3165 444,3165 526,3165 608,3164 690,3164 771,3164 853,3164 935,3162 1017,3162 1099,3162 1180,3161 1262,3161 1344,3159 1426,3159 1508,3158 1589,3158 1671,3156 1753,3156 1835,3155 1917,3155"/>
                <TextEquiv>
                    <Unicode>sed nunc &amp; pro his expetuntur, principiumque est in ipso agente: ea per se quidem inuitus fa¬</Unicode>
                </TextEquiv>
            </TextLine>
            <TextLine id="r2l62" custom="readingOrder {index:52;}">
                <Coords points="274,3231 1867,3243 1935,3226 1935,3167 274,3173"/>
                <Baseline points="284,3221 366,3221 448,3221 530,3219 612,3219 694,3219 776,3219 858,3219 940,3218 1022,3218 1104,3218 1186,3216 1268,3216 1350,3216 1432,3215 1514,3215 1596,3214 1678,3213 1760,3213 1842,3212 1925,3212"/>
                <TextEquiv>
                    <Unicode>cit, nunc autem &amp; pro his sponte agit. Magis autem his similia sunt quae sua sponte quis agit.</Unicode>
                </TextEquiv>
            </TextLine>
            <TextLine id="r2l63" custom="readingOrder {index:53;}">
                <Coords points="259,3318 1939,3307 1907,3222 259,3237"/>
                <Baseline points="269,3278 356,3278 443,3279 530,3279 618,3278 705,3278 792,3278 880,3278 967,3278 1054,3278 1142,3276 1229,3276 1316,3275 1404,3275 1491,3275 1578,3273 1666,3272 1753,3272 1840,3270 1928,3269"/>
                <TextEquiv>
                    <Unicode>Actus enim sunt circa ipsa singula quae quidem sponte facit. Qualia vero pro qualibus ex¬</Unicode>
                </TextEquiv>
            </TextLine>
            <TextEquiv>
                <Unicode>Ptolemaeus Alexandrinus gentilicio errore imbutus. Hoc experientia hausit. ldem innuit philoso¬
phus in Ethicis &amp; vbique, &amp; diuina eloquia. Sub te erit appetitus tuus &amp; tu dominaberis illius. Stulti¬
or inclinationem citra reluctamen insequitur vel ex malis actibus se ad malum promptificat, quia
ex malis actibus ingratissimae filiae oriuntur, scilicet habitus. Exempli gratia Adrianus Imperator
Traiani Caesaris laudem adeo aegrae tulit, vt Armeniam, Assyriam, Mesopotamiam, ab illo acquisitas
Alcmeon.
Parthis concesserit. Pontem supra Danubium ab illo extructum diruerit. Asinius Pollio adeo infen¬
sus fuit Ciceroni vt eius laudes audire nequiret. Cum enim Sextilius poeta inciperet canere in men¬
sa. Deflendus Cicero patriaeque silentia linguae: cunctis spectantibus adeo est commotus, vt silentium
vati imperaret. Aliqui sunt in choleram pronissimi. Aliqui constantes atque patientes in diffor¬
tuniis vt lob, Socrates, Licurgus, Aristides. Et Stephanus aliique martyres ecclesiae. Breui in omnibus
his, ratio &amp; voluntas imperium tenent: quacunque calamitate opprimaris cladem in bonam partem ac¬
cipe, patientiam per voluntatis imperium conserua: &amp; omnia leuentur. Propterea de inclinatione si¬
derum parum est curandum.
⁋XLIBR
OTATvs PRMI. CAb VT PRIMVM.
vi AvxEM viR Tvs SiR CAAEERCTVs.i
actusque versetur: &amp; in iis quidem quae sua sponte quis agit, laudes i
&amp; vituperationes: in iis autem quae inuitus facit, venia nonnunqua
&amp; misericordia locum habeat: eos forsitam qui de virtute conside¬
rant, de eo quod sua sponte quis facit atque inuitus, determinare
inecesse est. Vtilis est etiam legum latoribus haec sane considera¬
ltio ad praemia poenasque instituendas. Videtur itaque ea inuitus
facere quispiam, quae violentia vel per ignorationem facit. Id au¬
tem est violentum cuius principium est foris, in quod nihil is qui
eglagit aut patitur confert, vt si ventus aliquo tulerit, aut homines
potestatem habentes. At ea quae ob maiorum metum malorum, aut ob aliquod bonum agun
tur: vt si tyrannus quempiam aliquid agere turpe iuberet, habens in potestate &amp; parentes &amp;
liberos, hac lege: vt si illud agat illi sint incolumes: si non agat, dispereant, controuersiam ha¬
bere videntur vtrum haec inuiti an sponte faciant homines. Tale etiam quid accidit &amp; cir¬
ca iactus eos qui in tempestatibus fiunt. Simpliciter enim nemo suas fortunas eiicit sponte.
Sed omnes propter suam caeterorumque salutem eiiciunt, modo sint mentis sanae. Tales igitur
actus mixti quidem sunt. lis autem magis sunt similes quos sponte homines agunt. Expetun¬
tur tunc enim cum aguntur: atque finis actionis in temporis conditione consistit. Et sponte
igitur &amp; inuitum vnumquemque dicendum est agere cum agit. Agit autem sua sponte. Est
enim in ipso principium mouendi partes eas quae sunt in huiuscemodi actibus instrumen¬
ta. At quorum principium est in ipso ea agere vel non agere in ipso est situm. Talia igitur
sua sponte quisque agit. At simpliciter fortassis inuitus. Nemo nanque talium quicquam per se expe
teret vnquam. In actibus autem huiuscemodi nonnunquam homines &amp; laudantur cum pro magnis
&amp; honestis rebus aliquid turpe ferunt aut molestum: si vero contra faciunt vituperantur. Est
enim improbi pro nulla re honesta vel mediocri, res turpissimas ferre. In quibusdam autem
laus quidem non sit, sed venia locum habet: cum ea quae non agere oportet quispiam egerit
ob huiuscemodi res, quae naturam humanam superant, nemoque perferret. Sunt autem quae¬
dam, ad quae forsitan non licet quemquam esse compulsum. Sed potius oportet summa perpessum
tormenta mortem obire. Ridicula nanque videntur ea quae ad necem matris, Alcmeonem Euri¬
pidis compulerunt. Est autem interdum difficile quale pro quali sit expetendum, &amp; quid pro
quo sustinendum: discernere. Difficilius etiam est posteaquam cognoueris, in sententia perma¬
nere. Fit enim plerumque vt ea quidem quae expetuntur molesta, ea vero ad quae cogimur tur
pia sint: vnde laudantur atque vituperantur ii qui fuerunt aut non fuerunt compulsi. Quae¬
nam igitur dicenda sunt violenta? An ea quidem simpliciter inuitus quispiam agit quorum
externa est causa, &amp; ipse agens nihil omnino confert: quae vero per se quidem inuitus facit:
sed nunc &amp; pro his expetuntur, principiumque est in ipso agente: ea per se quidem inuitus fa¬
cit, nunc autem &amp; pro his sponte agit. Magis autem his similia sunt quae sua sponte quis agit.
Actus enim sunt circa ipsa singula quae quidem sponte facit. Qualia vero pro qualibus ex¬</Unicode>
            </TextEquiv>
        </TextRegion>
    </Page>
</PcGts>
