2396 3601
236 256 1914 338 bere, a, habet a: ergo voluntas cogitur, voluntas tam a deo quam a creatura potest habere multa nolendo
247 308 1911 392 in affectibus habitibus & etiam in actibus. Octauo sequitur quod motus caeli non est violentus. Patet, non inclinatur
240 355 1912 431 ad oppositum suapse natura plusquam ad hunc motum. Voluntas vulgariter loquendo cogitur hoc est inducitur per ti¬
242 402 1918 479 morem & assentationem ad hoc vel illud faciendum. ⁋ Ad secundam dubitationem respondetur quod dubitatio potest
243 446 1921 525 multifariam formari. Vno modo sic. An stantibus his circumstantiis singularibus tempore periculi eiicere mer¬
252 496 1919 570 ces gratia salutis sit voluntarium an nolitum. Et dicatur ad hanc quaestionem affirmatiue quod sit voluntarium. Si
247 538 1900 620 autem petatur vtrum illud esset volitum an nolitum hac conditione non interueniente, palam est id esse
249 589 1898 663 nolitum. Si petatur, siue pluri dicatur illa proiectio est mixta, non ex duobus contrariis ex volito & nolito,
254 643 1897 709 sed participatiue quando eiicit fortunas habet volitionem & plus cum volito quam cum nolito participat. Vel iste ha
247 681 1906 757 bet velle efficax & categoricum eiiciendae mercis, & inefficax & conditionale de non proiiciendo: vt nolim nauim
252 735 1909 802 deonerare nisi haec necessitas eueniret: vel distinguatur in sensibus praedictis, nec alioqui est difficultas vlla.
250 781 1900 850 Subdubitas, si quispiam suas merces in mare proiiciat angitur, quo modo ergo vult. Respondetur angitur ta¬
250 829 1901 897 lis & dolor a nolitione solitaria proficiscitur: quia extra periculu merces eiicere nolit & a nolitione conditio¬
258 868 1895 943 nata moeror profluit: vellem si possim euadere & meas fortunas seruare. ⁋ Ad tertium dicitur vel timor ad
250 912 1898 990 bonum stimulat & inducit vt timore culpae committendae homo seruat praecepta, & hoc est laudabile, etiam ti¬
255 961 1896 1036 more poenae euitandae in gehenna, aut in hoc mundo sine pluri est bonum, sed minus bonum quam praecedens,
265 1011 1898 1079 sed si nollet seruare praecepta aliquo mo, sed hominium sola formidine id facit, ille actus est malus, vel timor
262 1056 1899 1129 ille inducit ad malum, & tunc distinguo de illo vel est facilis & non cadens in constantem virum aut constan¬
255 1104 1909 1175 tem foeminam, & tunc cedere timori est vituperabile, & non cedere laudabile. Vel est ex magna causa, sic quod
256 1145 1920 1225 cadit in virum constantem & tunc vel malum ad quod inducit est pusillae turpitudinis vel mediocris vel
253 1197 1919 1272 insignis: si primum, tunc cedere timori, non solum habet veniam, sed etiam misericordiam compatiendo tali, vt si
267 1245 1908 1317 duo putati aequaliter animosi occurrant obuii, & vnus sit mutilatus, tunc non lesus timore mortis co¬
273 1298 1920 1369 git illum misericordiam implorare & arma reddere. Si secundum, tunc venia locum habet & non misericordia.
265 1355 1918 1413 Si tertium, vt fidem abiurare aut matrem occidere, tunc cedere timori est probrosum & non cedere lau¬
263 1380 1922 1461 dabile, & metus meriti magnitudinem auget, quia est circa difficile. Et potest esse sermo hic de malo poe
261 1425 1918 1504 nae & non culpae, quia malum culpae non cadit reuera in virum constantem ob quodcumque supplicium. Potest etiam esse
267 1477 1920 1550 sermo de malo culpae paruo in quod si quis ob magnum metum incidat adhuc a numero constantium
262 1533 1923 1601 non est segregandus a vulgo licet is metus iustus non fuerit. Inter duo mala poenae quorum alterum est in¬
271 1570 1924 1643 euitatabile semper minus vir constans acceptat, & quolibet malo culpae quantumcunque paruo postpo¬
262 1615 1923 1688 sito malum poenae etiam atrocissime subit, antequam enim peccet moriendum est, nec ad vllum malum
264 1667 1917 1736 culpae necessitari potest, semper enim patet ei noua via omne tale euitandi. Opposito dato reipsa esset
275 1713 1920 1792 perplexitas in lege, quae nulla est. Potest tamen quis esse pplexus secundum suam opinionem deliram, existimans falso quod
265 1763 1926 1836 quicquid agat peccet. Si enim sit in compedibus ligatus, fame confectus, habens ferrum ad manus quando tibiam, digi¬
269 1807 1917 1879 tum, aut manum abscinderet vt habeat vitae succurrere est excusatus, licet & ad vitam & ad membra protegen¬
276 1849 1930 1931 da obligetur, in casu incompossibili maius praeceptum a praecepto minori de obligat. Et si abhorreret sibi tibiam
264 1899 1931 1974 amputare vel timet mortem illam tibiae sectionem sequi, moriendo fame eo in casu illi non imputa¬
269 1940 1927 2018 tur, & si ad manus sacerdotem cui peccata detegat non habeat licet sit censuris ecclesiasticis innotatus
267 1996 1926 2076 non refert. Sufficit male acta detestari & efficaciter velle reddere Caesari quae Caesaris sunt, & deo quae dei sunt.
324 2073 1923 2167 Ab inuito tamen id effectum est omne pro quo dolet qui egit, ipsumque poenitentia subit.
274 2150 1925 2242 Qui namque ob ignorationem aliquid agit & non fert moleste se illud egisse: sponte quidem sua non
273 2203 1922 2280 egit quod nesciebat, non tamen erit inuitus: quippe cum non doleat ob idipsum. Qui igitur
277 2259 1922 2343 ob ignorationem quippiam egit, si ipsum poeniteat, inuitus fecisse videtur: Si non poenite¬
277 2309 1934 2391 at cum is alius sit, non sponte dicatur egisse: cum enim differat: melius est vt proprium ha¬
283 2371 1930 2446 beat nomen. At enim haec etiam ipsa, ob ignorationem inquam agere, & ignorantem agere, diuersa esse
283 2426 1924 2501 videntur. Nam ebrius aut iratus non videtur ob ignorationem agere, sed ob aliquid eorum quae dicta
281 2483 1931 2561 sunt, non sciens, sed ignorans. Omnis igitur prauus ignorat quae agere oportet: & a quibus est abstinem
284 2536 1921 2613 dum. Et ob huiuscemodi errorem iniusti homines malique omnino fiunt. Inuitus autem dicitur quispiam agere, non si
289 2591 1930 2671 ignorat id quod conducit: non enim ea ignoratio quae facta est electione, causa est vt aliquid inuitus quispiam
280 2648 1940 2725 faciat, sed prauitatis. Nec etiam ea quae est vniuersalis, homines enim propter hanc ipsam reprehenduntur:
279 2724 1926 2779 sed ea quae est singulorum in quibus, & circa quae est ipsa actio. In his enim & commiseratio locum ha¬
283 2762 1934 2829 bet & venia, qui namque aliquid eorum ignorat inuitus agit. Forsitam igitur non ab re fuerit: si quae &
282 2812 1935 2905 quot sunt ipsa determinabimus. Quis itaque, quid, & circa quid, vel in quo agit, nonnunquam &
278 2869 1940 2953 quo, vt instrumento: & cuius gratia, vt salutis: & quomodo, vt sensim vel vehementer. Vniuersa igi
279 2937 1942 3000 tur haec nemo ignorauerit, modo non sit insanus. Patet autem, neque enim ipsum agentem, quo
286 2986 1935 3051 namque pacto se ignorabit: Ignorauerit autem quispiam id quod agit: vt inquiunt dicentes ex¬
291 3041 1923 3109 cidisse sibi aut nescisse arcana esse: quemadmodum Eschylus ipsa arcana caeteris, aut ostende
289 3097 1930 3165 re volentes immisisse, vt qui telum immisit. Putauerit autem quispiam & filium hostem esse
296 3148 1922 3233 vt Merope putauit, & hastam cuspidem habentem ea carere, & lapidem, punicem esse. Et in
283 3210 1930 3291 terfecerit quispiam salutis percussum causa & monstrare volens (vt faciunt qui manibus aeatre.
