2389 3594
233 257 1906 335 nem circunstantes. Aliquae istarum circumstantiarum actum quandoque informant & cadunt in rationem obiecti, vt vo¬
241 318 1901 379 lo orare in phano atque festo. Nunquam informant nisi quando sunt volita. Interdum assistunt actui. Quandoque effici¬
235 376 1901 433 unt & sunt actus accidentia, vt Ethici loquuntur. Patet paradigmate. Ob inanem gloriam eleemosynam dare
241 421 1896 485 volo, hic vana gloria actum vitiat, quia cadit in materiam indebitam & actum malum ex genere red
241 467 1891 520 dit. Quandoque incitat & coefficit actum & tunc non oportet actum alioqui licitum esse illicitum, vt
241 509 1885 563 volo dare eleemosynam propter deum. Obiectum hic est debitum & finis laudabilis. Superbia regina
245 558 1893 612 vitiorum peccata interdum extrudit vt spurcam venerem quae habentem maculosum reddit. Tertio
238 604 1896 654 modo actum extrinsece terminat: quandoque est scopus non actualiter volitus, tunc etiam opus macu¬
236 651 1898 707 lat. Quarto modo vana gloria est extranea & actui impertinens quando nec illum coefficit, nec termi
235 701 1885 754 nat extrinsece, nec ipsum informat, & tunc nec actum decorat, nec dedecorat, me scribente aut orante
247 745 1884 795 inanis gloria furtim irrepsit oratio per assistentiam illius maculae minime deprauatur. cum peccato
246 787 1902 841 veniali letali ve opera de genere bonorum saepenumero assistunt. Interdum tamen circunstantia super¬
241 840 1889 893 ueniens actum maculat. Abdito loco comedo in die ieiunabili rationabili causa inductus, ob superue
235 884 1893 936 nientes si illam causam non explano delinquo. Similiter ob erroneam conscientiam superuenientem
233 928 1895 984 alias licitum in prorogatione illicitum emergit. Non potest vna norma tradi quando operatio ob cir¬
233 973 1885 1026 cunstantiam coinquinatur. ⁋ Quaeritur an metus mortis instantis excusat quempiam a crimine su
236 1022 1894 1079 as fortunas in mare deiicientem ac eas perdentem. Constructiue respondetur. Homo enim iniuste de¬
239 1066 1891 1116 tentus in compedibus, sic scilicet quod mortem obibit nisi tibiam qua detinetur amputet, tibiam abscin
245 1112 1893 1172 dendo non delinquit. Minus enim malum est corporis partem amittere quam totum. Et praestabilius est
239 1160 1881 1216 mutilum corpus circunferre quam mori. Vt vitam redimas ferrum patieris, & ignes. Proinde valentio¬
229 1207 1885 1254 re ratione opes in pontum eiicit: quod enim alias esset illicitum, necessitas licitum reddit. Vulgariter
245 1253 1888 1309 enim dicitur, necessitas non habet legem. ⁋ Instatur, ergo pari modo Machabaei poterant carnes su¬
232 1302 1886 1350 illas in mortis articulo comedere, id autem non fecerunt, sed mortem tolerarunt quorum mors in ec¬
245 1348 1886 1403 clesia laudatur. Fortasse dicis iure diuino vetitum erat porcinas carnes mandere: conditio autem mor
241 1393 1880 1444 tis a diuino iure haud deobligat. Obiecto, Dauid panes propositionis in necessitate comedit prophanis
242 1441 1890 1490 vetitos qui in hoc non deliquit: cuius exemplum saluator noster ad excusandos discipulos in medium
238 1486 1884 1537 adduxit. ⁋ Dicis Dauid diuina inspiratione id fecisse sicut fecit & Sanson cum alienigena contrahens.
231 1532 1887 1581 Hoc sic impugno. Seruare vitam est iuris naturalis. Omne autem tale ius diuinam sanctionem no¬
231 1578 1881 1629 stris praecordiis insitam reputo: itaque Dauid poterat tales panes in necessitate capere. Secundo, si boni
235 1623 1885 1679 illi Machabaei fuissent in occulto fame perituri nisi suillas carnes comedissent, poterant illas sumpsis¬
232 1672 1895 1725 se, vt Carthusiensis nunc post votum de abstinentia a carnibus in occulto. Multa sunt hic inculcata in¬
241 1719 1891 1775 ter arguendum. Pro omnibus autem telis allatis dicimus quod Antiochus in legis Mosaicae contemptum im
247 1761 1880 1814 perauit eis tyrannice esitare carnes, cui parere noluerunt, strenui in hoc propugnatores legis. Carnes tamen
248 1809 1879 1865 in occulto poterant impune edere sicut Carthusiensis in occulto, licet expresse se carnes non mandu
245 1855 1885 1910 caturum vouerit. Nec excuso Dauidem ea via qua Ioannes gerson: quoniam ipse de illa inspiratione docere
228 1904 1888 1957 nequiret, & inaniter (vt mea fert opinio) ad eam volitat. ⁋ Insultas. Tunc in diuino iure ignorantia in
246 1948 1882 1999 uincibilis locum haberet. Oppositum affert omnim concors sententia, vt Gerson affirmat. Sequela tamen sic ro
238 1993 1896 2049 boratur. Abstinere ab esu suillarum carnium pro legis decursu erat diuinae sanctionis: at seruare vitam secundum
243 2037 1884 2098 dicta, quia est iuris naturalis, arctius seruandum est. Quicquid autem Gerson dicat cum Guillelmo parisien¬
231 2088 1885 2149 si, concedo ignorantiam inuincibilem in diuino praescripto locum habere. Sunt duo quorum vtrinque
234 2136 1890 2187 separatim contingens est diuinae legis. Opposito modo euenire prima fronte videntur, tunc vtranuis par¬
235 2183 1901 2237 tem faciendo homo minime legem prauaricatur, & tamen altera pers solum est diuinae legis. Patet de aliis Macchabaeis pri¬
235 2226 1882 2276 mi Macchabaeorum. ii, qui in sabbato non reluctabantur immani hosti, nec ostium speluncae obturabant vigore
235 2275 1897 2329 legis deterriti: attamen propositum saniore consilio mutarunt. Concedimus itaque ignorationem inuincibilem
247 2320 1888 2369 in diuino iure occurrere, in his quae non tenetur homo scire. Agrotus quispiam in eo discrimine ponitur, nisi pericu¬
241 2367 1897 2427 losam medicinam ceperit iudicio medicorum supremum aget diem repente. Ex opposito medicina assumenda est
235 2418 1885 2475 periculosa, hic vtrinque de non peccato agitur. Insuper aliubi hoc expressius diximus & summa rationis est. Bapti¬
242 2462 1891 2510 smus hierosolymis sufficienter promulgatus erat diuini iuris antequam Indis declararetur tale, proinde remotio¬
246 2509 1881 2563 res illud ius inuincibiliter ignorarunt. ⁋ Consequenter postquam vnus finis de illicito licitum facit, ambigitur an
238 2554 1905 2609 finis bonus culpam attenuet, vt si furer rem diuitis vt pauperis inopiam leuem. ⁋ Affirmatiue respondemus. Pro¬i
246 2601 1877 2656 batio. Multiplicatio finis laudabilis facit actum laudabiliorem, pari modo culpa culpae superaddita totum dete
239 2651 1876 2701 rius reddit, proinde bonum malo adiectum eius malitiam temperat, sicut algida aquam feruenti adiuncta congeriem tepi¬
241 2696 1905 2753 dam facit. ⁋ Sed obiicio his. Primo sic. Vnus finis bonus adiectus vnum gradum malitiae adimit: secundus c
240 2745 1890 2802 autem finis non est minus bonus quam praecedens: itaque tantundem subducit, & tota imputabilitas criminis non est i¬
244 2794 1876 2853 mensa, ergo additio bonorum finium totam prauitatem subtrahit, & ex consequenti dabis furtum & opus per se ma¬
244 2834 1904 2906 lum bonis finibus fultum nullius noxae, quod liquet esse falsum. ⁋ Secundo, Socrates sua auaritia inexplebili.
236 2885 1882 2947 a Croeso opulento clanculum tres oues subducit. Plato totidem simili conatu ab alio furatur, vt indigo succur
235 2933 1885 2995 rat, quo supposito sic argumentor. Quicquid malitiae est in actu Socratis est in actu Platonis, itaque actus
240 2975 1888 3028 Platonis non est minoris culpae quam actus Socratis. ⁋ Ad prius. Obiectum dicitur, quod a maiore culpa silis cir¬
236 3026 1903 3090 cunstantia plus malitiae subducit, ac a minore noxa minus aufert vbi superabundat delictum illic misericor¬.
241 3066 1891 3123 dia locum habet, & si ponas multas bonas circumstantias simul allatas illae mutuo prauitatem attemperant vni¬
241 3120 1883 3174 ca subtractione totius. Secundum iaculum non mouet nisi plus in authoritate sumatur scilicet non est circumstantia in
235 3161 1901 3229 posteriori improbitatem minorans, quod liquet esse respuendum. ⁋ Consentanee ad hoc, ambigis an actus duos
247 3209 1902 3297 hns fines simul, bonum atque malum, simul sit bonus ac malus. Nullo mon de actu nullo elicito, ille enim totus I
