2406 3604
253 269 1943 350 & molesti, electio vero neque molesti neque iucundi. Ira etiam minus esse videtur, quippe cum
259 338 1916 401 ea quae fiunt ira, minime per electionem fieri videantur. At vero neque voluntas est tametsi
253 389 1920 467 finitima haec esse videntur. Electio nanque non est eorum quae fieri nequeunt. Quod si quis eli¬
252 443 1921 520 gere dixerit ea: amens esse videbitur. Voluntas autem est vt immortalitatis, & voluntas quidem
262 504 1933 577 est & circa ea quae per ipsum qui vult nequaquam agerentur. Volumus enim histrionem aliquem
253 554 1937 624 vincere certamen: at elegit talia nemo: sed ea quae per seipsum existimat fore posse. Praeterea
263 615 1930 684 voluntas quidem magis est finis ipsius, electio autem eorum quae ferunt ad finem. Vt sani
253 667 1928 738 quidem esse volumus: eligimus autem ea quibus erimus sani. Et foelices quidem esse volu¬
247 723 1923 802 mus, atque ita dicimus. Eligimus autem non convenitdicere. Atque omnino circa ea versari vi¬
259 783 1905 851 detur electio, quae in nostra sunt potestate. Opinio quoque non est: opinatio namque circa vni¬
253 840 1920 911 uersa videtur esse nec minus circa aeterna & ea quae fieri nequaeunt, quam circa ea quae in nostra
247 893 1914 968 potestate sunt collocata, et falso, veroque diuiditur: non malo bonoque: electio autem hisce ma¬
259 949 1928 1024 gis. Electionem igitur idem esse & opinationem omnino, nemo forsitan dicit. At nec etiam
257 1011 1917 1078 est idem quod opinatio quaedam. Eligendo nanque bona vel mala quales quidem sumus, opi¬
247 1064 1924 1124 nando autem non sumus. Et eligimus quidem capere aliquid aut fugere, aut aliquid talium:
249 1121 1913 1199 opinamur autem quidnam sit vel cui conferat: vel quo pacto conducat: sed capere aut fuge
244 1175 1908 1242 re non nimium opinamur. Et electio quidem laudatur ex eo, quia est eius quod oportet ma¬
247 1231 1922 1296 gis: vel quia est recta. Opinio vero ex eo quia est vera. Quia eligimus quidem quae maxime
253 1288 1911 1349 scimus esse bona: opinamur autem ea quae non nimium scimus. Videntur praeterea non iis¬
247 1343 1902 1416 dem homines eligere optima, atque etiam opinari: sed quidam opinari quidem melius: ob vi¬
259 1406 1912 1464 tium autem non ea quae oportet eligere. Nihil autem refert si antecedat electionem an comi
244 1454 1920 1523 tetur opinio: non enim idipsum nunc perscrutamur, sed an idem fit electio quod opinatio
243 1508 1906 1574 quaedam. Quid igitur aut quale quid sit electio, cum nihil sit eorum quae diximus. Videtur
253 1566 1912 1634 itaque sponte quidem a nobis fieri: attamen non omne quod sponte agimus est eligibile: sed id
251 1621 1916 1698 cuius consultatio antecessit. Electio nanque cum ratione est atque mente. Subsignificare autem
254 1676 1296 1755 id & nomen videtur, innuens ipsum ex aliis legibiles esse.
386 1753 1903 1841 Eterminatis autem his &c. Superius de voluntario & inuoluntario loquutus est philosophus
359 1805 1909 1890 nunc consequenter de electione mentionem facit, & in primis dicta dicendis nectit. Et ponitur
376 1882 1915 1935 prima conclusio huius capitis quae dicit. Post sermonem de voluntario inuoluntarioque abso¬
241 1926 1910 1990 lutum, consequens est loquutio de electione suscipienda. Et ne imperitorum more tam in concione quam in
244 1975 1915 2025 scribendo in impertinens labatur illius determinationis geminam causam ostendit. Et hanc conclu
244 2020 1907 2079 sionem bifariam stipat. Primo quia electio est virtuti familiarissima, hoc est virtuti maxime propria
242 2067 1909 2122 atque coniuncta. Porro electio in eius diffinitione ponitur, & ab ea proficiscitur. In valore sic argumen
250 2118 1906 2171 tatur. Contemplatio illius quod est virtuti familiarissimum, ad moralem philosophum attinet, at ele¬
244 2160 1913 2212 ctio est huiusmodi: igitur. Ipsa enim magis virtutes quam actus exteriores diiudicat: sed virtutem actus
243 2209 1909 2265 exterior crebriter manifestat. Lingua enim tua manifestum te facit qualis es intrinsecus: cum ex abum
250 2254 1915 2310 dantia cordis os loquatur, sed hypocrita per actum exteriorem non cognoscitur, quia sanctitudinem
244 2300 1921 2350 similat. Virtus est habitus electiuus vt in secundo diximus. Secundo electio sponte nostra fit, sicut vo¬
254 2346 1906 2400 luntarium: itaque non est extraneum, post determinationem voluntarii & inuoluntarii doctrinam ele¬
240 2396 1908 2449 ctionis suscipere. ⁋ Sequitur secunda conclusio in litera. Non tamen est idem. Indagat primo quid est ele¬
250 2442 1912 2492 ctio secundum genus. Secundo quid est secundum speciem, licet per negatiuas propositiones aliquas hoc deducit.
243 2488 1907 2543 Postea affirmatiuam concludit. Aristoteles artificis ingenii vir saepenumero hac manerie procedit, vnum
238 2535 1918 2585 supponit tanquam notum quod electio est voluntaria. Aliud quia ignotum probat, quod non convertibilit se habet cum
240 2583 1911 2633 voluntatio. Secunda igitur coclusio est haec. Electio & voluntarium non prorsus indem sunt, hoc est non convertibilitur se
250 2626 1915 2679 habent. Quod probatur primo sic. Illa non sunt idem convertibiit, quorum vnum latius se diffundit quam aliud, sed sic est
241 2674 1906 2728 in proposito. Nam voluntarium latius se fundit. genus enim fere latius funditur quam eius spens, l enim discretum spens quanti cum
240 2728 1915 2780 quanto in supponendo convertatur: & idem sit trascendens, hoc est prarum in quibus ratio superior etatis & inferior etatis ob¬
237 2770 1918 2824 seruatur in significatione & non in suppositione: vt aliunde videri debet. Spontaneum belluis & pueris nobiscum
246 2816 1919 2862 ocomune est, at electio solis hominibus est adiecta: & sic ex parte subiecti conclusionem ostendit. Secdo ex parte obiecti mon¬
242 2860 1913 2914 strat inquiens. Et repentina quae per iram contingunt voluntaria dicimus, electione vero non dicimus, quia non fiunt ex de
235 2908 1921 2970 liberatione rationis. In logicali tamen materia consequentiam bonam malam ve dicimus propositionem veram ac falsam, &
238 2959 1916 3015 tamen omnis consequentia est propositio. ⁋ Sequitur tertia conclusio quae e. Non recte sentiunt qui electionem in cupiditatem, iram
231 3006 1905 3066 voluptatem vel quandam opinionem diuidunt, & in eis referunt esse. hoc probatur quadrifariam. Primo quia electio
235 3052 1911 3111 non est communis hominibus cum rationis expertibus, electio enim rationem praesupponit: sed cupiditas & ira communis belli
232 3094 1909 3147 habetur. Sedo sic, Incontinens cupiens agit & non eligens, is enim concupiscetiam insequitur: & ediuerso continens
239 3144 1910 3201 electione non cupiditate agit: igitur. Tertio sic. Electioni cupiditas aduersatur, & cupiditas cupiditati
238 3191 1909 3244 non repugnat, si cupiam diuitias aut paupertatem non cupio: ergo electio non est concupiscentia. Quarto sic,
231 3239 1915 3315 cupiditatis est prosequi iucundum & delectabile, & molestum fugere: haec autem non sunt electionis: igitur.
