2402 3588
485 241 2185 324 Nam concupiscentia est delectabilis, quando res cupita est praesens: & tristis, quando deest. Sed electio
496 317 2170 368 nec est iucunda nec tristis, cum electio in rationis deliberatione consistat. ⁋ Sequitur quarta conclu¬
502 366 2164 417 sio. Et tanto minus electio est ira, cum illa quae irae motu perpetrantur non emanent ab electione, vt
494 408 2173 464 liquet. Concupiscentia autem est cum deliberatione: ergo si electio non est concupiscentia a fortiori non est ita. Nam si
489 456 2164 511 id quod magis videtur inesse non insit, nec illud quod minus videtur inesse inerit. ⁋ Sequitur quinta conclusio. Ele¬
496 501 2167 552 ctio non est voluntas, licet voluntati sit finitima: patet primo quia electio non est impossibilium & eorum quae
490 549 2171 606 fieri nequeunt. Q si quis eligere dixerit ea, demens reputabitur, voluntas autem est impossibilium vt immortali¬
494 599 2154 655 tatis. Secundo probatur haec conclusio. Nullus eligit ea quae non possunt per ipsum fieri: electio enim est
492 644 2173 693 solum eorum quae sunt in nra potestate, sed quispiam poest velle ea quae in sua potestate sita non sunt, vt volumus ple¬
489 690 2168 754 runque aliquid vt histrionem, aut gladiatorem quempiam in certamine vincere, quod in nostra facultate collocatum
496 737 2171 798 non est: at eligit talia nemo, sed qui per seipsum existimat posse fieri. Insuper voluntas potius est ipsius fi¬
498 785 2163 845 nis, electio autem eorum quae sunt ad finem: vt sani quidem esse volumus, eligimus autem ea quibus
498 832 2160 889 erimus sani, & beati esse volumus atque ita dicimus. Eligere autem dicere non congruit: electio enim est
494 877 2165 932 finis consiliis vt posthac patebit. Omne eligibile est consiliabile, consilium autem non est de fine. Me¬
497 928 2174 989 dicus enim de coporis sanitate recuperanda minime consultat, sed de his quae ad corporis incolumita
492 975 2164 1032 tem promouent, & potissimum est ei sermo de fine principali siue vltimo in suo genere: in aliis autem fi¬
502 1025 2164 1081 nibus vnus ob alium ordinatur, sicut vna conclusio demonstrata, patet in Euclide, per totum potest
495 1078 2164 1128 esse principium alterius demonstrationis, sic de finibus minus principalibus. Dignitates tamen sunt
499 1114 2165 1167 indemonstrabiles: sic finis praecipuus in consultatione non ponitur: vincere enim in consultatione
493 1160 2175 1223 non ponitur: sed quo pacto melius vincere possimus. Atque omnino circa ea versari videtur quae in no
499 1205 2071 1259 stra sunt potestate. Hanc repetit, quia inter reliquas rationes est praecipue memoriae mandanda.
514 1254 2176 1315 ⁋ At forte dicis hac electione medium ad finem eligimus, haec electio est volitio, ergo hac volitione
505 1303 2165 1360 medium ad finem eligimus, expositorie. ⁋ Respondeo id esse verum, sed dicit, communiter dicimus
505 1350 2165 1405 electionem esse mediorum ad finem: & quia velle est communius ad vtrunque & statum finis in consulta¬
510 1396 1582 1442 tionem non ponimus, velle descriptionem fini accommodamus.
505 1421 2163 1495 ⁋ Dubitatur primo circa dicta. Videtur enim quod electio insit belluis: nam bos hanc haerbam acceptat
505 1489 2165 1554 illa repudiata. Et electio est duobus propositis vnius prae alio acceptio: ergo male dicit philosophus in
498 1543 2162 1593 principio bruta non eligere. ⁋ Secundo dubitatur de veritate illius, concupiscentia non contraria¬
505 1583 2167 1644 tur concupiscentiae. Nam Socrates concupiscit gloriam & pecuniarum cumulum, sed sine pecuniae con
494 1632 2171 1686 sumptione perit gloria, vt pecuniarum abundantia indiget retentione pecuniae. ⁋ Tertio dubitatur
504 1675 2166 1734 an voluntas potest velle impossibile, vt se esse immortalem, quod est impossibile naturaliter loquen¬
492 1725 2142 1786 do. ⁋ Quarto dubitatur an voluntas ex libertate sua potest acceptare minus bonum maiore relicto.
499 1773 2169 1830 ⁋ Ad primam dubitationem respondetur quod electio proprie dicta non inest pecoribus: nam de ratio
496 1818 2173 1873 ne illius est libere hoc relinquere. hoc accepto: quod pecudibus non conuenit. Equus enim fame pertesus
507 1863 2167 1920 pabulum vndique in circunferentia habens accipit illud quod sentit conuenientissimum, & optime a
504 1906 2158 1963 fronte ei applicatum, quod tale sentit prosequitur: nec potest aliud. Si duo auenam equo famescenti aequa
509 1956 2164 2010 liter a fronte praesentent, illud ad quod obtuitum primo affigit prosequitur, paritate data, si enim al¬
496 2003 2173 2063 ter sit ei notus, & cibum ei assuetus ministrare, illum quia plus in illo sperat protinus adit: sed quem¬
496 2049 2170 2104 cunque adit hoc naturaliter facit, nec in eius voluntate est oppositum situm. Percutimus tamen bellu¬
499 2096 2167 2157 as sine earum culpa, vt sic vel sic habituentur quando sunt disciplinabiles. Quo pacto canis lanii inte¬
504 2148 2166 2207 grum bouem occisum minime attingit, frustellum ei proiectum lubens acceptat. Verbera enim timet.
504 2200 2164 2255 licet famen adigatur cadauer contingere. ⁋ Ad secundam dubitationem respondetur, quod concupiscen¬
508 2238 2170 2293 tiae contrariae non competunt eidem: possibile est tamen concupiscere nummorum aceruum & cum
505 2288 2173 2349 hoc gloriam. Pecuniarum adminiculo gloriam assequi proponit, inops & apud homines inglorius
502 2332 2164 2390 censetur. Et prudens secundum rectam rationem competentes expetit opes. Nemo autem simul pau
501 2388 2165 2441 pertatem & amplas opes concupiscere valet: & licet gloria ad pecuniae consumptionem sequatur: stat
503 2434 2159 2489 velle antecedens & non consequens. ⁋ Ad tertiam dubitationem respondetur per propositiones qua
500 2471 2171 2536 rum prima est. Impossibile Socrates potest velle. Patet Socrates potest velle louem perditum homi
504 2530 2173 2580 nem esse sua natura immortalem & deum: & id est impossibile. Sed quisquiliis, & appellatione rationis se¬
494 2565 2157 2634 clusa, notetur quod duplex est actus voluntatis: quidam efficax, id est actus operationis exequutiuus obi
498 2620 2168 2675 cesecluso, hanc volitionem habens quaerit media ad finis optati consequutionem, quemadmodum est
497 2667 2164 2724 de sperante sanitatem qui doses, enemata, situpos & similia sibi pro incolumitate appropriata quaerit.
492 2705 2165 2770 nolitio efficax pari passu diffinienda venit. Volitio inefficax opposito modo diffiniatur. De sanitate
497 2749 2165 2819 recuperanda desperans, vult & velle potest categorice sanitatem vt reor: conditionaliter non cadit in
502 2808 2156 2862 dubium, & differunt isti duo actus in idem obiectum vel in similia specie lati, penes diuersum modum
507 2851 2164 2901 in obiecta tendendi: vt notitia intuitiua & abstractiua eiusdem obiecti nec inter illos est incompossi¬
509 2895 2162 2945 bilitas. Hoc praemisso respondetur voluntas inefficax est impossibilium talium putatorum. Hoc vult
507 2941 2158 3002 Aristoteles in litera de aliqua volitione: hoc vult hoc modo. Primus angelus aequalitatem dei appe¬
510 2985 2177 3050 tere potuit, & hoc ad peccatum sufficit. Secundo haec consequentia est nulla: apprehendo Nabuchodo
499 3040 2165 3096 nosorem esse bouem errantem in sylua: ergo Nabuchodonosor potest esse bos: & nullus est error nisi
517 3082 2158 3140 quia a magis amplo ad minus amplum proceditur: igitur. Tertio intellectus pont intelligere multa possibilia vt hominem
505 3129 2165 3188 & asinum, & vnire illa adinuicem sic quod illorum vnio est impossibilis, vt ho existens asinus, & intellectus ad
501 3174 2167 3230 illud totum terminatur: & quicquid intellectus intelligit voluntas velle potest: igitur. ⁋ Contra illud arguitur: voluntas
501 3218 2174 3302 non poest prosequi illud quod non est iudicatum ab intellectu esse prosequendum: sed intellectus non potest assen¬
