2393 3606
192 268 1880 367 principii. Singulorum autem additio non est nota: quemadmodum in aduersa fit valetudine:
202 357 1873 415 sed nostra sponte ideo fiunt, quia nostra erat in potestate sic aut non sic agere atque vti. At
206 411 1867 484 nunc repetentes de singulis dicamus virtutibus, quaenam sint, & circa quae versentur, &
212 460 1873 534 quo etiam modo. Ex quibus & illud simul emerget quot sunt ipsae virtutes, atque de fortitu¬
215 511 617 598 dine primo dicamus.
231 591 1873 688 Non tamen si vult cum est iniustus, desinet esse talis: ac iustus erit, hoc est comparato habitu iniuste,
212 663 1872 730 homo non efficietur iustus pro suo arbitratu: sed mora ad id requiriritur. Patet per simile, dicit, Nec qui
202 718 1873 784 aegrotat si vult erit sanus. Et forte sua sponte languet medicorum praeceptiones contemnens. Cum sanus
212 767 1873 824 erat, licuit non aegrotare, sed valetudine bona perdita incolumitas non statim recuperatur. Morbus
211 811 1874 871 (vti referunt) eques accedit sed pedes & pedetentim discedit. Ac si sic argumentaretur procedit philosophus,
214 864 1867 922 Sicut est in corporis morbo, ita est in animae languore: sed sic est circa corpus quod quispiam potest ad nutum
210 909 1873 969 in morbum incidere, sed incidens exire nequit pro arbitrio suo: ergo ita est in animi morbo. Aliam ma¬
218 955 1875 1014 nuductionem dat inquiens. Sicut non fit vt quispiam resumat lapidem proiectum, erat tamen in eius facultate col¬
205 1002 1872 1048 locatum lapidem illum sumere atque proiicere: similiter de iniusto & intemperanti dicatur. Aliam conclusionem ponit:
204 1048 1877 1106 Non solum vitia animi sunt in nostra potestate, verum etiam corporis vitia. Probatur sic. Nullius corporis
210 1106 1877 1156 turpitudinem exprobramus nisi eam quam inertia homo acquirit, vtpote ingluuie ac bibacitate: sed aliquas
207 1145 1876 1204 corporis labes increpamus, igitur. Dicit conclusio corporis vitia a nonnullis comparantur quos increpamus:
217 1192 1888 1250 eos autem qui a natura sunt turpes profecto reprehendet nemo. sed eos qui per socordiam & inertiam tales
218 1235 1887 1290 cuaserunt. Nisi quis imprudens litigando excandescat: tunc enim quicquid ad aduersarium spectat, ad laudes
223 1286 1885 1342 vsque exclusiue recitabit: vocando eum monstrum in corpore, monstrumque in anima, coclitem monophtalmum,
216 1330 1875 1388 & sic de reliquis quicquid in buccam primitus occurrit effutit. Verum dicaculorum ineptias signanter quan¬
212 1371 1877 1429 do bili concitantur nos floccifacimus. ldem circa corporis imbecillitatem euenit, vt cum quispiam membris
210 1424 1885 1482 est captus, vt gulae & luxui indulgendo. Profecto namque nemo prosequetur contumelia aut opprobrio illum qui
217 1466 1876 1524 ex plaga in bello iusto, aut a natura, aut aegritudine naturali caecitatem incurrat: sed potius eius misere¬
208 1517 1882 1579 bitur: quod si temulentia imputabili vel aliquo alio flagitio captus sit oculis, vniuersi carpent & increpa¬
208 1561 1879 1623 bunt. Vt vero paucis concludam, vitia corporis quae in nostra potestate sita sunt carpuntur, non autem alia.
208 1606 1886 1662 Post haec vnum errorem reiicit Philosophus. Dixerunt enim quelibet expetere id quod sibi bonum apparet: qua¬
208 1656 1878 1716 lis enim vnusquisque est talem ipsi finem videri: sed non est in nostra facultate situm vt aliquid nobis appa¬
212 1709 1879 1762 reat bonum aut malum: proinde non est penes nos collocatum vt expetamus bonum aut malum: & sic non est in
212 1756 1886 1814 hominis potestate vt sit bonus aut malus. Hoc delirium refellit philosophus, duo probando scilicet quod illa
219 1798 1872 1854 apparitio est voluntaria & in nostra facultate. Insuper quod finis expetitio homini non inest a natura.
212 1850 1882 1901 Probat ergo primo apparitionem habitus esse in facultate nostra sitam, hoc pacto. Habitus morales in
209 1893 1880 1948 nostra potestate sunt siti, ex praedictis: sed talis apparitio habitum moralem insequitur: proinde talis apparen¬
219 1936 1877 1991 tia est penes nos sita. Quicumque enim habet dominium super antecedens, dominium super consequens sibi vendicat:
213 1984 1876 2043 igitur. Litera est. Sed fortasse quispiam dicet: vniuersos quidem homines id affectare semper quod bonum ap¬
213 2029 1881 2087 paret, ipsius apparentiae dominos ipsos non esse. Sed qualis tandem vnusquisque est talem & finem ipsi videri.
222 2079 1879 2133 Huic obiectioni respondens ait. At si habitus ipsius aliquo modo sibi quisque est causa, erit & apparentiae
209 2138 1884 2186 ipse sibi quodammodo causa. Replicat pro aliorum errore adhuc per ignorantiam causae finalis, diceret enim
217 2167 1887 2231 quispiam: nemo est causa malitiae, sed quod sic operetur, hoc est ob finis ignorationem, quia existimat aliquod
219 2222 1884 2278 optimum per suam operationem assequi: nec affectatio finis debiti est voluntaria, sed potius naturalis qui
217 2264 1882 2317 optimum bonum appetiturus est: sic natura institutum esse oportet, quasi visum habeat quo discernat &
211 2318 1878 2370 id expetat quod est vere bonum: ita sicut organum visus habens a natura bonum de coloribus recte censet:
215 2361 1884 2421 sic habens visum intellectus acutum, desiderat illud quod reuera est bonum: atque is est generoso ingenio
213 2418 1876 2473 cui talis intellectus limpidus feliciter obtigit rem optimam atque pulcherrima qualem nec ab alio ac¬
214 2463 1877 2516 cipere nec discere potest. sed quale quid ortum est, natura & tale habebit. & hoc recte natura beneque
214 2502 1875 2562 ortum, est natura ipsa habilitas perfecta veraque naturae. Hoc est talis est bene natus & vere bonum ap¬
214 2555 1883 2610 petit. Male natus non potest verum bonum appetere. Qualis vnusquisque est talis sibi finis videtur: bifa¬
227 2604 1880 2656 riam intelligitur. Vno modo sic, qualem quisque habitum acquisiuit talis ei finis videtur. Secundo sic,
216 2643 1871 2702 qualis est quispiam a natura natus: talis sibi finis videtur. hoc est qualem virtutem cognoscendi a pri¬
223 2694 1877 2750 mo ortu sortitur, talis illi videtur finis, priorem expositionem primo impugnat, deinde posteriorem
213 2735 1875 2788 illam friuolam excusationem confutat, dicens. Si igitur haec vera sint, cur magis virtus nostra sponte
212 2783 1880 2846 quam vitium comparabitur? cuius oppositum ipsi dixerunt. ambobus similiter bono & malo finis ipse
214 2834 1875 2894 natura aut quouis simili modo poni videtur. Clare sic dicit quia desiderium finis tam in bonis quam in
216 2879 1885 2937 malis vel est naturale vel spontaneum: si secundum, ergo tam virtus quam malitia sunt voluntariae: sin pri¬
207 2924 1885 2982 mum, tunc virtus dicitur voluntaria, ob media in finem ordinata quae sunt voluntaria secundum omnes:
210 2976 1888 3034 sed etiam media in malum finem ordinata sunt voluntaria: proinde malitia erit voluntaria sicut &
216 3019 1885 3073 ipsa virtus. Literam iam pono. Ambobus enim tam bono quam malo finis ipsa natura aut quouis mo¬
210 3063 1888 3130 do hoc est spontanee ponitur. hoc est natura vel non natura, qualitercumque videtur & ponitur. reliqua
211 3108 1881 3165 homines quouismodo agunt propter finem, hoc est suo arbitratu ea ipsa medio in illum finem refe¬
218 3166 1879 3218 rentes. Siue igitur finis non natura, hoc est spontaneus, talis vnicuique videatur: sed sit aliquid etiam
209 3211 1883 3265 apud ipsum facientem spontaneum ac liberum: siue finis sit naturalis, quia vir studiosus caetera, hoc
210 3254 1888 3327 est media ad finem spontanee patrat. Profecto virtus sponte comparabitur a nobis: nec minus sponte
