2367 3644
501 272 2182 348 vitium parabitur. Probatio, quia etiam homini malo eadem competunt tam respectu actuum quam finis
501 344 2178 402 Si igitur nostra sponte virtutes habeantur ipsorum habituum nos quodammodo concausae sumus: quia
500 390 2182 448 actus efficimus: finemque ex eo ponimus talem quia nos tales sumus. Vitia sane sponte ab hominibus
502 437 2178 500 parantur. Similes enim sunt vtrorumque modi. Postea facit epilogum, dicens, communiter igitur dictum
505 484 2185 544 est de virtutibus: & genus ipsum, hoc est virtutis est mediocritas & habitus. Et a quibus virtutes emer¬
517 525 2184 581 gunt & principia agendi nostra esse in potestate collocata, & sponte fieri vt ratio efflagitat. Verum non
503 580 2183 636 similiter nostra sponte habitus & actus fiunt: quia horum sumus domini (modo circumstantias noueri¬
505 623 2176 675 mus) semper: Illorum vero post generationem minime, habituum vero principii, hoc est clare dicendo
505 671 2185 725 sumus domini principii, hoc est originis principii habituum, hoc est sumus domini actuum qui sunt ha¬
505 719 2170 769 bituum principia. Singulorum additio non est nota, hoc est additio partium habitus, non est nota. quemad¬
514 769 2172 827 modum & in aduersa valetudine, & in hominis aut quercus cremento. At nunc repetentes de singulis
508 811 2173 862 dicamus. hoc est in particulari quaenam sunt & circa quae obiecta versantur, & quo etiam modo. Ex quibus
514 858 2173 912 & illud simul emergit & fiuet, quot sint ipsae virtutes. Atque de fortitudine primum dicamus. aliqui non
514 906 2177 964 inepte tertium librum hic claudunt & speciatim de virtutibus in quarto loquuntur. At ne alii libri super se¬
522 953 2191 1025 cundum turgeant communior via in liberalitate quartum inchoat. Et quia in hoc non est magna vis,
521 994 1110 1051 communiorem viam imitabimur.
511 1037 2176 1116 ⁋ Dubitatur circa finem huius capitis. Primo, non possumus remouere a nobis habitus vitiosos, sicut
520 1101 2181 1152 nec ipsum morbum, secundum philosophum: ergo semper in eis manebimus: quod est inconveniens. Secundo, non
519 1137 2169 1203 possumus actum ad nutum resecare. Patet de actu ex dictis superius pro tempore naturalis continuationis:
507 1190 2185 1242 ergo non habet discrimen ab habitu, contra Aristotelem. Tertio dubitatur, an semper volens causam vult
517 1238 2176 1290 effectum, vt Socrates vult indulgere gulae: ergo vult esse intemperans, & vult esse malus. Quarto dubi¬
509 1281 2179 1341 tatur, an homo negligentia sit malus nullum actum eliciendo. Pars negatiua coloratur sic: nullum actum volun¬
523 1328 2176 1380 tatis tunc habet, ergo non erit voluntarie malus. ⁋ Ad primum respondetur, quod homo habet dominium super
513 1378 2182 1432 actus oppositos sui habitus, quos si iugiter & efficaciter eliciet per actum voluntatis in tertio tempore suum ha¬
521 1422 2182 1479 bitum euacuabit. Item post poenitudinem quinimo ante poenitentiam malorum actuum habitus nulli imputatur,
517 1472 2166 1528 nec est amplius malus imputabiliter. At si quis in gratia discedat illi habitus inutiles a deo in patria
514 1519 2177 1577 euelluntur, tametsi peruersi habitus in stygia palude siue in inferno maneant: nulli tamen mali habitus in patria
509 1570 2180 1622 manebunt, quoniam ibi quisque est in gratia & bonus. Non est totaliter idem de corporis languore & habitu
504 1613 2177 1674 malo: at habitus vitiosus si non remoueatur homini officit, bono resistit: sicut virtus vitio, inclinat ad
509 1666 2176 1718 malum sicut virtus ad bonum, & excaecat intellectum in agibilibus. Superius enim monstratum est quod omnis malus
512 1700 2177 1763 est ignorans. ⁋ Ad secundam dubitationem respondetur, quod citius possumus actum quam habitum euellere, nec ipse ten¬
516 1750 2179 1813 pore naturalis continuationis est nobis imputabilis. ⁋ At dicis, si homo incidat in odium dei, non est in
513 1799 2182 1849 eius facultate situm poenitere & deum diligere: & sic est cum extra statum merentium tempore quo ratione potitur.
521 1842 2180 1904 Respondetur, quod continuatio naturalis repugnat actui opposito, sicut actus liber: a principio idem actus nu¬
524 1896 2168 1952 mero qui in primo instanti erat liber, tempore continuationis est naturalis. Nolitio dei esse non compatitur voli¬
523 1938 2176 1994 tionem eiusdem naturaliter: sed homo potest mox habere actum reflexum quod illud odium ei displicet, & velle
514 1987 2162 2047 ipsum non esse, & sic poenitentiam subit, & poenitudine sceleris imputabilitatem abolet. ⁋ Quaeris quare ne¬
518 2033 2173 2095 quimus actum subito resecare, sicut ipsum producere. Ratio est, quod ille suae corruptioni renititur: cuilibet enim
516 2087 2179 2141 rei insitum est corruptioni sui reluctari: at eius productioni nullum est reluctamen. Anima cuiustibet actus
516 2128 2185 2180 est capax. ⁋ Ad tertiam dubitationem respondetur negatiue. Nemo enim respicit ad malum volens, hoc est con¬
517 2175 2176 2236 muniter bene sequitur de lege dei ordinata, Socrates cognoscit non suam ergo peccat: vult antecedens cum
502 2230 2171 2288 opposito consequentis. Similiter Thomas Britannus pergit in continentem, ergo nauigat aequor. antecedens
505 2268 2176 2322 vult & non oportet velle consequens: sicut in exemplo communi Socrates poenitet, ergo peccauit: antecedens
505 2320 2179 2375 est volitum & non consequens. Sed si consequentiam velit esse bonam vult consequens. Similiter efficaciter volens an¬
515 2357 2176 2415 tecedens licet solitarie nolit consequens antequam derelinquat antecedens vult etiam consequens: vt ego sum in lu¬
509 2412 2176 2468 to pro centum scutis: ergo ego sum in luto. licet Socrates nolit esse in luto absolute, tamen adiecto ma¬
514 2453 2177 2516 gno emolumento vult totum aggregatum. Pari modo sequitur Socrates occidit hominem authoritate propria:
510 2507 2173 2560 ideoque deum offendit. Antecedens est volitum & consequens nolitum: nihilo tamen minus antequam antecedens con¬
510 2553 2164 2610 cupitum deserat vult cum ipso indirecte consequens. Hic autem Socrates poenitet ergo deliquit: consequens fuit
513 2596 2167 2650 ab eo volitum quod iam auersatur. antecedens obuiis vlnis amplexatur. ⁋ Ad quartam dubitationem concedo ho¬
517 2646 2161 2703 minem posse esse malum per puram omissionem, licet nullum actum voluntarium eliciat. Poterat enim elicere & non
516 2695 2172 2751 elicere. propterea libere omittit. Si inferiori superior nonnihil operandum praeceptorie iniungat, potest
509 2736 2162 2790 inferior elicere actum hunc, nolo id facere: & tunc per positiuum actum delinquit. potest tamen voluntas ex sua li¬
509 2785 2164 2851 bertate nullum actum elicere pro tempore quo est obnoxius actum elicere: & tunc pure omissiue delinquit.
522 2833 2176 2899 ⁋ Dubitatur quomodo totus habitus est notus & non partium additio vt in aduersa valetudine. ⁋ Du¬
509 2884 2174 2940 bitatur item quomodo intelligitur illud: habituum sumus quodammodo concausae. ⁋ Ad priorem harum dubita¬
518 2925 2159 2981 tionem respondetur quod a posteriore per effectus habitus magnus innotescit, per impulsum adactus, sicut mor¬
512 2974 2161 3028 bus: sed licet haec caro grossa sallita difficilis digestionis semel esa non percipiatur morbum est ingerere, vel
516 3018 2156 3084 huius fructus comestio: tamen successu quando est notabilis discrasia illud deprehendetur: Parua ablatio a bo¬
503 3070 2157 3126 na valetundine sanitatis non percipitur: si quis fuerit robustus, cuius sanitatis latitudo est magna, paruum
515 3117 2164 3174 nociuum est illi imperceptibile vt mihi in viridi aetate de fructuum ampla comestione contigit: quando vero
511 3158 2158 3215 sanitatis latitudo est pusilla paruum nociuum mox valetudinem (quia est parua) ext inguit, & paruum mor¬
516 3206 2158 3281 bum creat. ⁋ Ad posteriorem dubitationem, tenendo potentiam non concurrere immediate ad habitum, quod est
517 3256 1625 3324 probabile. dicetur quod sumus concausae mediatae: quia causae effectus.
