2496 3708
529 244 2313 334 inuentus glorificaretur. Alia vero huic est contraria dicens, quod licet fides & spes propter earum imper-
536 318 2307 388 fectionem possint esse sine gratia: charitas tamen propter eius persectionem necessariam habet connexionem
536 377 2301 444 cum gratia, vt non possit esse sine gratia, nec gratia fine ipsa. Contra vtramque opinionum simul arguitur
537 432 2294 506 per illud quid dicit Augustinus in sermone de laude charitatis. Radix omnium bonorum est charitas. Sed non
531 488 2306 556 potest esse omnium radix essendo in potentia: quia bonum quod est in potentia, fluit a bono quod est in substantia
536 538 2307 609 & non econuerso. oportet ergo quod charitas sit in essentia animae. Sed in essentia animae existens non est nisi
536 599 2300 671 gratia: quia vt habitus, non ponitur nisi in potentia: nullo etiam modo ponitur in essentia, nisi ponendo eam
536 649 2302 715 idem esse quod est gratia. ergo &c. Praeterea Augustinus dicit in eodem sermone: quod est vita morientium. sed
534 699 2296 764 constat quod illud quod est vita spiritalis, proprie in anima est quasi actus primus: charitas ergo habet rationem primi. sed non
534 754 2298 819 secundum quod est in potentia: quia in ea est principium operandi: & ita actus secundi. charitas ergo non solum ha
535 811 2295 875 bet esse in potentia animae: sed etiam in eius essentia: in illa autem non est per essentiam nisi gratia vt prius. ergo
536 868 2296 928 &c. CONtra primam illarum opinionum aperte est dictum apostoli. i. Corint. decimoquito. Si linguis ho-
531 916 2295 987 minum loquar &c. Sine charitate ergo nullo modo est salus. ponere ergo per gratiam sine charitate posse
535 969 2295 1037 perueniri ad salutem, omnino impossibile est. Vnde Augustinus de verbis domini sermone. xlix. exponens illud
525 1024 2304 1086 Si linguis &c. dicit. Adde charitatem, prosunt omnia: detrahe charitatem, nihil prosunt caetera. Idem in epi
529 1075 2303 1141 stola ad Sixtum. Charitas est sine qua nemo bene viuit. Error est ergo omnino quod sine charitate peruenitur ad
527 1138 2300 1196 regnum. immo sine charitate nec hic potest homo quicquam boni. Quia si ita sit, quod charitas facit vt caetera pro-
530 1176 2294 1258 sunt: & nihil sine charitate prodest: gratia autem qualitercumque in nobis est non potest etiam si sola esset, non
526 1235 2288 1305 prodesse: impossibile est ergo ponere gratiam esse aliud quam charitatem. Forte dicetur: quod apostolus & Augustinus
531 1287 2291 1362 loquuntur de charitate in comparatione ad alias virtutes, non separando ab ipsa gratiam: quia inseparabilis est.
551 1351 2297 1408 Contra. Etiam si inseparabilia essent, differrent tamen virtute & actione si essent diuersa re, quod ergo caete
530 1404 2299 1464 ra prodessent quae per se non possent prodesse, aut hoc agit sola charitas, aut sola gratia, aut ambae. Non sola
531 1453 2293 1524 gratia: quia tunc illud non attribueretur charitati: quia nec charitas prodesset ex se plus caeteris, licet in se
526 1502 2299 1571 esset plus caeteris ab eo quo prodesset. Si ambae: aut ergo vtrumque eorum ad illud sufficit ex se: aut neutrum
534 1556 2296 1621 sine altero. Si secundo modo, neutrum esset donum perfectum: & vtrumque eorum secundum se nihil prodes
526 1622 2290 1677 set: sed siquid prodesset sumeret ex alio: & essent mutuo in hoc vtrumque causa vtriusque, quod est impossibi-
530 1667 2294 1732 le. Quid etiam est aperte contra Augustinum: qui comparans charitatem non solum ad caeteras virtutes: sed ad
520 1729 2289 1788 dona generaliter, dicit in epistola ad lulianam. lpsa charitas omnibus donis dei sic excellit: vt etiam deus dicta
526 1779 2294 1840 sit: qua vna impletur in nobis siquid diuinae legis impletur. Si vero vtrumque eorum sufficit sine altero ad omne
529 1827 2298 1895 bonum perficiendum: alterum ergo superfluit: quod non iudicat recta ratio. propter quod in operibus dei hoc po
528 1894 2292 1945 nendum non est: quia quicquid recta ratione ponendum est, deum fecisse fatendum est. vt vult Augustinus
526 1933 2301 2007 tertio de libero arbitrio. Nullo ergo modo poni debet gratia esse aliquid aliud re a charitate: quamquam poni
531 1997 2293 2055 debet differre re a quacumque alia virtute: quia sine illa informes manent & mortuae. Est enim vita spiritua
532 2045 2299 2113 lis secundum quod est gratia & in essentia animae: & forma virtutum, secundum quod est charitas, & in voluntate: &
532 2098 2298 2165 vt est perfectio substantiae dat quasi actum primum qui est esse: vt autem est perfectio potentiae, quasi dat actum
532 2153 2296 2220 secundum: qui est operari operationem propriam sibi. Cum enim omnia operatione propria determinantur: secundum
537 2208 2295 2274 quod dicit philosophus in primo Politicae suae, & in quaerto Metaphysi. ita videlicet quod quaelibet res naturalis in esse
532 2259 2296 2328 naturae ab eodem vt a, propria forma duo habeat: actum scilicet primum, qui est esse secundum rationem illius for
525 2324 2289 2382 mae: & actum secundum, qui est operari operationem aliquam sibi debitam secundum illam: vt non possit vna actio
530 2366 2289 2432 esse ab vno & alia ab alio: quemadmodum graue ab eodem habet esse in specie grauis & moueri ad locum
529 2431 2291 2492 grauis: non ab alio & alio. Consimiliter igitur oportet quod sit in supernaturali esse & gratuito, quo sumus
535 2478 2299 2540 quodammodo diuinae naturae supernaturaliter conformes, quod scilicet vno & eodem habeat quod sit in esse gratui
529 2535 2286 2598 to: & quasi generatum in esse supnaturali: sicut erat primo generatum in esse naturali: & similiter opera-
529 2581 2280 2646 ri operationem illi debitam, scilicet actionem gratuitam. Vt in hoc non sit simile de actionibus virtutum ac-
533 2632 2291 2704 quisitarum & virtutum infusarum. virtutes enim acquisitae perficiunt in esse naturae secundum operatio
527 2694 2282 2756 nem, propriam quae debetur naturae secundum suam speciem, non dico eliciendo ipsam principaliter: sed solummo-
531 2736 2291 2801 do vt prompte & faciliter eliciatur. Anima etiam humana per suas potentias elicit omnes actus humanos: sed
526 2796 2290 2862 habitus virtutum acquisitarum inclinant potentias vt faciliter & expedite eos eliciant. Et quia non eodem est
527 2847 2287 2920 ordo ad actum & ad actus facilitatem & expeditionem, propter naturae indifferentiam & indeterminatio-
521 2903 2292 2975 nem: ideo oportet quod virtutes acquisitae sint aliae a forma rei qua constituuntur in esse: & cuius est, proprias
524 2959 2290 3026 rei actiones elicere: vt sic necesse sit virtutes acquisitas esse dispositiones & perfectiones alicuius naturae
525 3009 2287 3081 praesuppositae: ad cuius actus ordinantur. Et secundum haec definit philosophus virtutem: cum dicit in secundo Ethicorum.
533 3074 2286 3131 quod virtus est quae habentem perficit & opus eius bonum reddit. Virtutes vero infusae perficiunt in esse gra
525 3128 2291 3205 tuito non secundum gradum operationis, propriae qui debetur rei secundum suam speciem: sed secundum gra-
