2464 3691
229 248 2019 338 dum quo est supra naturam speciei: vt cum illis forma naturalis quae est anima hominis, operationes suas eliciat
232 321 2020 380 inquantum gratuitae sunt. ita quod virtutes infusae non sunt causa ad disponendum naturam: vt faciliter il
228 378 2014 438 las operationes eliciat: sed vt simpliciter secundum gradum illum eas eliciat, eo quod fine illis omnino elicere non
231 430 2005 498 posset. Nunc autem id quid sic ordinatur ad actum secundum quod fine ipso elici non possit: debet esse sicut dictum
232 488 2003 550 est idipsum quod dat actum primum & esse cui correspondet ille actus secundus. propter quod debet esse id
237 538 2007 603 ipsum re quod in gratuitis perficit animam: secundum quod substantia est, dando ei actum primum in esse supernatu-
226 589 2010 658 rali, & secundum quod potentia est dando ei actum secundum in esse supernaturali scilicet oparari supernaturaliter
224 646 2014 704 ne sic virtutes infusae non sint dispositiones, & perfectiones alicuius rei praesuppositae, & constitutae in esse
230 708 2002 766 gratuito, ad cuius actionem secundam ordinantur: sicut virtutes acquisitae sunt dispositiones naturae
234 759 2006 821 praesuppositae & constitutae in esse naturae: immo quod virtus infusa secundum rem non est vt dispositio
220 807 1997 867 alicuius constituti in esse gratuito: sed vt forma dans ipsum esse gratuitum: quemadmodum dici-
225 860 2004 912 tur virtus rei ipsa vltima perfectio rei in natura & forma sua essentiali. secundum quod dicit philosolophous
222 912 2003 978 in ii. Physi. Vnumquodque tunc maxime perfectum est cum attingit virtuti propriae, & tunc maxime est secundum
222 970 2010 1029 naturam. hoc est secundum aliam transsa. in fine dispositionis naturalis. & dat exemplum: sicut circulus tunc maxi
222 1019 2005 1076 me est secundum naturam cum maxime circulus est. Et virtus isto modo est perfectio simpliciter: quia dat
226 1074 2003 1140 esse primum. Virtus vero modo praecedenti dat esse secundum. Et ideo secundum quod dicit philosophus ibidem, est perfectio
224 1126 2001 1197 quaedam. & secundum hoc virtus infusa non disponit in respectu ad aliud esse praeexistens per aliud a quo
226 1178 2007 1244 differt secundum rem, nisi ad esse naturae: ita quod secundum illud quod est in se, est perfectio simpliciter in esse
227 1237 2009 1306 gratuito: ipsum dans siue constituens. Est autem perfectio aliqua eius quod praesupponit in esse naturae
236 1294 1999 1356 ipsum supnaturaliter & in esse & in operari perficiens. Et quid amplius est, si virtutes infusae non perfice
228 1342 2000 1408 rent in ordine ad quoddam esse gratuitum praestitutum ab alio secundum rem: quemadmodum perficiunt virtu
224 1395 2003 1455 tes acquisitae: tunc sicut non possunt esse neque manere virtutes acquisitae, nisi existente & manente illa na
229 1445 2003 1507 tura in ordine cuius perficiunt, sic neque virtutes infusae possent esse, aut manere: neque aliqua earum, nisi
224 1502 2009 1562 existente & manente illa natura in ordine cuius perficiunt: vt cum virtutes acquisitae quia perficiunt in
229 1557 2001 1614 ordine ad lumen naturale quid praesupponunt, tanquam re differentes ab eo, nullo modo possunt esse aut mane
222 1614 2003 1676 re in anima, nisi existente in ea & manente illo lumine, neque aliqua illarum. Si similiter virtutes infusae
230 1660 1997 1729 perficerent in ordine ad aliquod lumen gratiae re differens ab eis: tunc similiter non posset aliqua virtus
231 1718 1998 1778 infusa esse, vel manere in anima fine illo lumine. Consequens falsum est: quia sine lumine gratiae gratum
223 1768 2004 1838 facientis, quae proprie gratia dicitur, bene manent fides & spes. Non ergo habent illae virtutes aliquid aliud re praesupposi-
224 1824 2003 1887 tum, in ordine cuius perficiunt, nisi puram naturam animae. Virtutes ergo infusae inquantum virtu
230 1872 2011 1943 tes sunt, non oportet quod aliquid re differens ab eis aliud a natura animae praesupponant in ordine cuius perfi
230 1931 1998 2000 ciunt: sicut neque praesupponunt aliud virtutes acquisitae: vt secundum hoc nulla sit differentia inter
224 1988 2005 2048 eas. Et secundum hoc nuilum restat dubium de differentia gratiae gratum facientis ad alias virtutes
231 2039 1999 2103 a charitate, quin re differant. Patet etiam ex iam dictis, quod nullo modo debet poni re differre a charita
231 2092 2001 2158 te: eo quod actus eliciendus a charitate est proprius actus rei constitutae in esse gratuito, quod non habet eli
232 2148 1998 2212 cere natura rei, nisi per formam illam qua constituitur in tali esse gratuito: ita quod si charitas ponatur dif-
222 2193 2003 2261 ferre secundum rem a gratia, non esset necessaria ad eliciendum illum actum sola natura rei: sed ipsa na-
237 2252 1996 2314 tura rei adiuta gratia supernaturaliter eliceret ipsum, & charitas esset solummodo ad ipsum faciliter &
235 2307 2003 2371 expedite eliciendum. Et sic oporteret ponere quod charitas esset habitus & dispositio quaedam in anima, non so-
229 2355 1999 2424 lum in potentia animae, sed etiam in aliquo quod esset potentia ipsius gratiae: quia principium actionis ad facili
232 2412 1995 2472 ter eliciendum non est nisi vt dispositio in potentia principaliter elicientis, quod patet de virtutibus ac-
236 2465 1995 2527 quisitis quae sunt in potentiis animae. Et sic charitas non esset solum in anima, aut in aliqua potentia
236 2519 2001 2590 animae: vt in subiecto, sed in ipsa gratia, aut in aliqua potentia eius: vt necesse habeamus ponere chari
230 2578 1997 2642 tatem habere potentiam sicut & animam: quae omnia absurda sunt. AD propositam ergo quaestio-
234 2627 1999 2690 nem decidendam dicimus, quod gratia, proprie loquendo quae est gratum faciens, non solum gratis data, de
240 2682 2003 2747 qua intelligo quaestionem, est donum dei ordinatum ad gratificandum sibi intellectualem naturam, &
250 2734 2007 2800 voluntatem liberam: & hoc vt per eam sit digna vita aeterna. Charitas autem viae proprie vt charitas, prin
240 2784 2013 2845 cipium est actionum quibus natura deo grata habet promereri vitam aeternam: vt ex hoc secundum
240 2839 2006 2907 quod processit secundum argumentum, gratia, vt gratia, dicatur esse in essentia: vt essentia est deo grata
237 2898 2009 2964 charitas vero dicatur esse in potentia, vt potentia est, quae habet extendi in opus. Nunc autem ita est quod se-
237 2947 1998 3020 cundum eundem modum debent perfectiones se habere adinuicem & perfectibilia. Cum igitur secundum quod
245 2996 2008 3069 alias determinauimus in quadam quaestione de Quolibet, anima & suae potentiae re idem sunt: ita quod nul
240 3053 2006 3124 la substantia spiritualis, & suae potentiae naturales re differunt: sed quod potentia nominat ipsam essenti
243 3116 2002 3187 am sub ratione cuiusdam respectus ad actionem: cum essentia ratione qua essentia dicit quid in se &
