2484 3737
449 251 2243 372 absolute. Secundum hoc ergo dicendum est quod gratia & charitas non differunt re: immo id ipsum quod
457 337 2230 419 in ipsa essentia est gratia, inquantum consideratur absolute, vel sub ratione essentiae, id ipsum est charitas
461 395 2242 479 in ea inquantum consideratur sub ratione potentiae. & hoc ideo maxime: quia in actu gratificandi con-
455 446 2230 533 ueniunt, & similiter eliciendi actum gratum vt dictum est. Vnde & charitas secundum suum nomen
455 503 2240 580 dicitur a charis graecae quid est gratia latine: vt sicut non est aliud, sed idem re essentia in se & extensa in ope
451 556 2240 635 ratione: sic est eadem perfectio eius re, differens solum ratione in statu vtroque: ne sit necessarium propter
452 616 2239 701 hoc aliquam realem differentiam inter gratiam & charitatem fingere. Virtus enim secundum phi-
455 675 2246 757 losophum est, quae habentem perficit, & opus eius bonum reddit, non alia & alia: sed vna & eadem. Et com
457 730 2236 810 similiter dicendum est de fide & spe: quod si ex se sunt gratiae gratis datae non gratum facientes: licet si-
455 797 2242 864 ne illis nuilus possit gratificari: inquantum sunt gratiae, sunt in essentia animae: inquantum virtutes
466 862 1217 924 sunt in potentiis. Et per hoc patent obiecta.
792 898 2240 972 Irca secundum arguitur: quod deus non possit diligi supe omnia dilectione naturali, quia
788 968 2243 1023 dicit philosophus in octauo Ethicorum. Amicabilia ad alterum procedunt ex eis quae
777 1016 2239 1089 sunt amicabilia ad seipsum. sed origo amicitiae semper magis diligitur. ergo dilectio
786 1067 2239 1133 semper maior est cuiuscumque ad seipsum quam ad alterum: & sic plus quam seipsum nuilus potest
789 1132 2248 1195 diligere deum. CONtra. bonum per se & naturaliter est diligibile. ergo magis bo-
781 1174 2243 1258 num magis: & maxime siue summe bonum, maxime siue summe est diligibile naturali
785 1238 2233 1305 ter. deus est bonum huiusmodi, & naturali dilectione diligitur bonum secundum quod
472 1287 2234 1370 naturaliter diligibile. ergo &c. HIC oportet primo videre quid sit dilectio siue amor. Secundo qui
486 1343 2240 1420 sunt gradus dilectionis siue amoris. Tertio quae sit differentia dilectionis naturalis & liberalis siue vo
479 1393 2235 1487 luntariae. Et ex hoc Quarto quomodo sunt duae species dilectionis. Quinto oportet videre modos dili
485 1450 2243 1542 gendi: & tunc demum per singulos discurrere: vt videamus quo vel quibus eorum deus diligi vel non di
476 1519 2240 1597 ligi possit super omnia. ClRca primum sciendum: quod amor seu dilectio est inclinatio vel motus in bo
475 1563 2240 1657 num. Bonum enim est proprium obiectum dilectionis: ita quod omnis dilectio est boni: & quod nihil diligi-
472 1620 2247 1717 tur nisi bonum: & quod omne bonum quantum est ex se, diligibile est: ita quod dilectio simpliciter sit motus si
477 1674 2246 1763 ue inclinatio in bonum. Dicente Augustino super psalmum nonum. Amore mouetur tanquam ad locum: ita
473 1732 2253 1820 quod semper moueatur in ipsum: nisi habet impedimentum motus: quod non est nisi vnicum in dilectione
465 1787 2247 1886 pure naturali: quae est absque cognitione, & non est nisi appetitus quidam naturalis. Illud autem est com
473 1844 2253 1922 trarium prohibens: secundum quod terrae nascens naturali amore inclinatur in actum pullulandi & ger
473 1894 2253 1977 minandi, quod est bonum suum, & opus suae perfectionis. sed quandoque impeditur calor viuisicus quo
468 1946 2252 2043 actus huiusmodi habet exequi, per frigus contrarium. Similiter graue naturali dilectione inclinatur deor
474 2006 2253 2090 sum: tanquam vbi esse est sibi bonum & perfectum: sed impeditur a determinante sursum, & motum eius pro
473 2057 2249 2143 hibente. In dilectione vero quae est per cognitionem, est duplex impedimentum motus, scilicet ignoram
473 2118 2262 2207 tia boni in quod esset mouendum. Dilectio enim per cognitionem non mouetur nisi in cognitum vel
473 2166 2262 2269 apprehensum. secundum quod determinat Augustinus nono de Trinitate vt iam dicetur. Vel violentia
481 2222 2259 2306 aliqua metus, aut timoris, aut alicuius alterius: quae impedit motum exteriorem: licet non motum de-
479 2274 2264 2364 siderii interiorem, qui est vel in bonum non habitum vt adipiscatur: vel in bonum habitum: & hoc vel fruibi-
481 2335 2261 2426 le: vt eo delectabiliter fruatur: vel visibile: vt ad operandum vel obtinendum id quo fruendum est, eo vta
482 2385 2269 2471 tur, secundum quod patet ex definitionibus frui & vti. Et secundum hoc sunt diuersi gradus dilectionis
481 2438 2259 2539 quibus motus sit in bonum dupliciter: vel per impetum naturae cui non potest resistere motum: vel
492 2496 2259 2588 per libertatem electionis. Motus in bonum primo modo est dilectionis naturalis, vt naturalis est, tam
487 2551 2262 2637 in inanimatis & insensibilibus: in quibus dilectio naturalis nihil aliud est quam naturalis inclina-
486 2607 2262 2699 tio siue appetitus in sibi bonum & conueniens: quam in animatis sensibilibus irrationalibus: vt in bru-
485 2663 2263 2745 tis: in quibus motus naturalis, licet sit cum aliqua praecedenti cognitione: tamen vt vult loannes Da-
489 2726 2269 2801 mascenus, in suis appetitibus plus aguntur quam agant. Vnde de appetitu duplici naturali in istis dicit
494 2768 2267 2854 commentator super finem primi Physico. Appetitus alius est naturalis sine sensu: vt appetitus plan-
495 2834 2268 2905 tarum ad nutrimentum: & alius cum sensu: vt appetitus an imalium ad nutrimentum. Motus in bo-
490 2878 2265 2961 num per libertatem electionis, est dilectionis liberalis vel deliberatiuae: & est solum in mouentibus se &
493 2934 2268 3025 appetentibus aliquid per liberum arbitrium in omnibus talibus. Et quia motus dilectionis naturalis est per impe
492 2991 2270 3067 tum naturae, dilectio naturalis est quasi pondus naturaliter inclinans ad motum: quemadmodum gra
504 3049 2268 3116 ue inclinat deorsum. Et ideo Augustinus naturalem dilectionem comparat ponderi: cum dicit libro
501 3105 2274 3172 Confessionum. Amor meus pondus meum: eo feror quocumque feror. Motus autem dilectionis liberalis
499 3152 2273 3221 est quasi pes, voluntarie se extendens ad processum & ad prosequendum bonum conueniens. Et ideo Au-
500 3200 2278 3293 gustinus liberalem dilectionem comparat pedi. secundum quod dicit Augustinus super illud psal, noni. Com-
