2449 3755
803 285 2266 384 Equuntur quaestiones pertinentes ad principium formale compositi ex materia & for
792 364 2268 427 ma, & hoc inquantum habet esse in composito. Et erant tria. Vnum erat de eius vnitate
805 422 2266 488 Vtrum in quiditate rerum sensibilium materialium cadunt plures formae substan-
805 487 2265 546 tiales re differentes. Secundum de eius inchoatione. Vtrum in materia sit ratio se-
800 534 2263 600 minalis: quae est formae inchoatio. Tertium de eius completione. Vtrum forma substan-
802 588 2252 662 tialis recipiat magis & minus. ClRca primum arguitur, quod in quiditate rerum sensibilium ma
774 622 2259 699 terialium cadunt plures formae simul re differentes. Ex arguitur quod sic: quia in septimo Me-
489 700 2262 764 taphysica dicitur quod omnis definitio habet partes, & quod partes definitionis sunt partes formae, & eaedem defini
493 759 2259 815 tionis & esse rei. hoc autem non esset nisi essent plures formae cuiuslibet talium. CONtra. ex materia &
488 811 2259 870 forma sit vnum sicut ex eo quod est in potentia, & de quid est in actum: ita quod materia sit potentia & forma sit actus
486 871 2264 940 qui est causa vnitatis in composito: sicut & esse. Si ergo essent plures formae in eodem: & ita plures actus:
485 927 2259 994 essent plura in actum, & in esse, non vnum, quod falsum est: dicente Boetio. Omne quod est ideo est quia vnum
497 976 2257 1050 est. CVM secundum philosophum in principio secundi de Anima, Triplex sit substantia, materis. scilicet for-
492 1034 2243 1102 ma, & compositum: nobis autem manifesta sunt, & certa magis mixta & composita, vt dicit in primo Phy
489 1089 2254 1166 sicorum. & vt dicit post principium septimi Metaphysica manifesta est materia quoquo modo in forma vero est
490 1150 2261 1218 maximus error, & praecipue temporibus istis de gradu formarum substantialium quo ad numerum earum
493 1202 2255 1280 & ordinem in eodem: super quo mota est proposita quaestio: & similiter quo ad articulos duarum quaestionum
493 1260 2246 1330 proxime sequentium de principiis seminalibus formarum, & de magis & minus in eisdem: Idcirco ergo
488 1316 2248 1371 eas prosequemur non breui sermone quid nobis visum sit respondendum ad eas proponendo: sed sermone
486 1372 2246 1438 exquisito pro posse nostro quid in ea ab aliis sentiri cognoscere potuimus pertractando. Et primo circa
490 1424 2245 1489 iam propositam quaestionem hoc ordine. Primo enim perscrutabimur positionem ponentium gradus pluri
477 1483 2255 1534 mos & pluralitatem formarum substantialium in omnibus rebus materialibus, cum rationibus eorum. Se-
480 1532 2246 1602 cundo perscrutabimur positionem remouentium gradus & pluralitatem formarum ab omnibus, simili-
483 1590 2247 1660 ter cum eorum rationibus, & defensionibus. Tertio declarabimus secundum intentionem nostram in
474 1645 2252 1705 quibus poni debet gradus & pluralitas formarum, & in quibus non, & quare, & quomodo. ClRca pri-
473 1697 2255 1767 mum ergo sciendum: quod sicut in formis separatis a materia quod sint, & quomodo haec quidem sit prima: haec autem secun
468 1763 2250 1823 da: hoc philosophus perscrutatus est ex numero & ordine motuum caelestium: vt determinatur in duodecimo Me
469 1812 2251 1883 taphysica simili modo ponentes numerum, & gradum, & ordinem formarum materialium in eodem, hoc ponunt moti
463 1871 2252 1939 ex numero, gradu, & ordine actionum formarum materialium. Formae enim proprium est agere. vnde etiam forma
467 1922 2249 1986 dicitur actus ab agendo: & formas nobis occultas cognoscere non possumus, nisi ex actibus earum no-
466 1974 2250 2047 bis manifestis. Agit autem forma naturalis, & materialis triplicem actum, tanquam principium eius & origo.
463 2028 2258 2090 Primo enim agit dando actum essendi composito seipsa informando materiam. Vnde philosophus vocans
473 2089 2250 2151 formam substantiam: dicit in secundo de amina. Causa ipsius esse in omnibus substantia est. & ab hoc actu
464 2143 2250 2209 forma ipsa nominatur perfectio siue quodquid est in re. Secundo agit dando generaliter actum operandi com
473 2204 2255 2269 posito, diffundendo per ipsum suam virtutem ad manifestationem alicuius effectus. & ab hoc actu dicitur na
465 2263 2255 2317 tura in quinto Metaphysicae &. ii. Physicorum, & virtus siue potentia compositi, in secundo de Generatione.
468 2305 2252 2364 Materiae enim pati est & moueri: mouere autem & facere alterius potentiae: vt dicitur ibidem. Vn-
469 2355 2255 2426 de vnaquaeque res sicut habet propriam formam: sic habet propriam operationem ei debitam. Secundum enim quod
469 2413 2248 2477 dicitur in fine. iiii. Meapa. vniuersa sunt determinata operatione. Tertio agit forma dando composito spe
473 2466 2248 2537 cialiter actum intelligend i e. vt ipsum intelligatur per abstractionem: transferende scilicet per adiutorium intellectus agentis
460 2530 2251 2599 seipsam in animam sub ratione vniversalis. vnde dicitur in septimo Metaphysicae Res totaliter aggregata: verbi genra: iste
465 2576 2249 2642 circulus aut aliquid particularium cum recedunt a sensu non manifestantur: sed cognoscuntur sermone vniuer
469 2632 2251 2701 sali. vbi dicit commentator id est per formam. & secundum hoc forma nominatur species, idea, exemplar, ratio, aut para-
471 2683 2251 2761 digma. EST autem positio ponentium gradus formarum in omnibus, talis, videlicet quod in qualibet re na
472 2737 2256 2808 turali & indiuiduali sunt plures formae substantiales naturales ordinem & colligantiam naturalem
463 2793 2256 2866 adinuicem habentes, simul per suam substantiam existentes in eodem: quarum illa quae est vltimo ad
475 2850 2250 2918 ueniens, completiua est entis illius. & hoc secundum alios ex eis, tanquam formalis & completiua respectu
469 2904 2260 2974 praecedentium: sed secundum alios tanquam illa ex qua cum aliis praecedentibus resultat vna forma: quae non
474 2957 2251 3032 est simplex: sed ex illis multis composita: alia ab omnibus aliis componentibus eam: quae est forma totius
468 3010 2250 3072 compositi, & materiae, & omnium aliarum formarum ex quibus componitur. Et per hunc modum secundum
468 3064 2250 3139 illos quodlibet ens naturale indiuiduum vnum est ab vna forma perfectiua totius: sub qua tamen plu
469 3119 2253 3179 res aliae continentur. Et hoc declarant primo ex operatione formae prima, quam agit in composito per suam
472 3169 2252 3240 essentiam. Secundo ex secunda: quam agit per suam virtutem. Tertio ex tertia: quam agit per suam abstra
473 3221 2259 3310 ctionem. EX prima operatione sic. Cum enim(vt dicunt) forma per suam essentiam dat esse naturale com
