2443 3708
483 292 2265 399 mo adueniret: altera vero secundo. aliter enim non esset gradus & ordo in eis. Et tunc quaero de illa pri
495 385 2270 446 ma: vtrum sit simplex aut composita: & est idem processus vt prius. Forma ergo adueniens immediate
494 436 2272 502 post primam formam necessario est simplex & incomposita. Et eadem ratione quaelibet posteriorum: si pertra-
499 487 2270 559 ctetur eadem ratio vsque ad formam vltimo aduenientem: & similiter si nullae ponantur intermediae. Et
500 547 2275 612 eadem ratione etiam illa forma vltima necessario est simplex & incomposita: quia aliter erit procedere
496 597 2267 662 in infinitum ex parte post in formis vltimis: sicut & ex parte ante in formis primis: vt patet pertractanti.
500 652 2271 712 Quamquam ergo formae plures secundum gradum & ordinem se habentes ponantur esse in eodem: omnes tamen ne-
497 708 2271 776 cesse est esse simplices in natura & essentia sua. & hoc siue fuerint extremae, siue mediae. Si vero sit ali-
506 761 2271 826 qua forma composita in sua essentia ex aliis formis, oportet quod non sit vna ex illis quae secundum gra
498 816 2273 876 dum & ordinem per immediationem se habent in eodem: sed quod sit composita ex omnibus eis quae secundum
499 876 2274 939 gradum & ordinem se habent: vel ex quibusdam aliis ordinem inter se non habentibus. Et hoc non potest
503 919 2272 983 intelligi nisi dupliciter. Aut quod illae formae simplices in illa forma composita integrae non maneant: sed
506 973 2273 1035 solum secundum virtutes suas licet remisse: sicut formae elementorum in forma mixti manere dicuntur
503 1036 2274 1096 a quibusdam. Aut quod maneant integrae in ea, & hoc dupliciter. Aut tanquam plura, quorum primum se habet vt
511 1091 2276 1152 potentia: & sequens vt actus: & tunc quod ex eis fiat vnum per informationem vt ex potentia & actum. Sed hoc
513 1135 2279 1196 iterum contingit intelligi dupliciter. Vno modo quod illud vnum contineat in sua essentia illa composita:
504 1199 2265 1256 nec sit in re aliquid extra illa: quemadmodum compositum ex materia & forma nihil est rei praeter materiam & for
504 1244 2273 1309 mam: sed solummodo continens ea per informationem & compositionem. Alio modo vt sit forma alia praeter il
504 1299 2271 1356 las adinuicem compositas, nullam illarum continens in natura sua & essentia: sed ex eis resultans, quem
504 1348 2273 1412 admodum si ex sensibili & rationali compositis in homine resultet humanitas: & sit forma tertia, alia o-
514 1411 2279 1467 mnino per essentiam ab ambabus illarum: secundum quod dicunt aliqui: vt sic in vniuerso quatuor modis ima
515 1465 2271 1524 ginetur forma composita ex formis. Si primo modo esset vna forma composita ex pluribus, hoc esset per
509 1510 2280 1576 earum corruptionem & illius generationem: sicut contingit in generatione mixti ex elementis. Sed cum vna
515 1559 2282 1630 forma generatur quae est perfectio materiae & compositi subsistentis per aliarum corruptionem in materia, illae non sunt
514 1624 2277 1686 dicendae esse vel fuisse vnquam formae illius compositi, cuius forma illa generata est perfectio: sed magis compo
502 1669 2273 1737 siti corrupti vnius vel plurium: quemadmodum contingit cum corrumpuntur formae elementorum & ipsa
508 1731 2282 1790 elementa: quando ex eis generatur mixtum in forma mixti. Propter pluralitatem ergo formarum ex quibus
517 1776 2275 1842 vna dicitur componi, quae est perfectio indiuidui subsistentis, continens alias virtute solum, nullo modo prasent dici
518 1830 2269 1900 plures formae secundum gradus & ordinem esse in eodem: sicut neque in mixto dicuntur esse plures formae
514 1883 2280 1951 propter formas elementorum ex quibus generatur mixtum. Si vero secundo modo ponatur vna forma composi-
508 1936 2277 2006 ta ex pluribus vt quarum vna se habet ad alteram sicut potentia se habet ad actum: & sit de essentia com
513 1993 2273 2058 positae ex eis, quemadmodum vnum corpus ex pluribus membris: cum prima illarum necessario prius adueniat
517 2053 2280 2110 materiae vt suo fundamento, quam alia aduenit ei, illa prima cum materia facit compositum & hoc aliquid: &
510 2097 2277 2163 sic quaelibet alia forma ei accidentaliter aduenit: nec potest facere vnum per se & per essentiam cum ea.
514 2151 2274 2212 Non restat ergo eis nisi tertius modus, & ille(vt credo) est in quo confidunt scilicet quod ex pluribus for
508 2209 2274 2275 mis componatur tertia: quae per essentiam omnino differt ab illis. Sed apparet statim quod illa forma
514 2260 2274 2319 tertia ex quo alias non includit in sua essentia, est aeque simplex cum qualibet earum: & sic non fit ex eis
513 2314 2264 2380 nisi per generationem & illarum corruptionem, non enim est ponere formam consequentem com-
516 2370 2278 2436 positum manens nisi secundum rationem & intellectum: vt infra videbitur. Sic ergo patet quod im-
516 2421 2278 2488 possibile est aliquam formarum substantialium quae est substanti alis perfectio materiae, ponere esse composi
515 2479 2279 2541 tam in aliquo indiuiduo materiali. Si ergo ponatur gradus formarum substantialium in aliquo, opor-
514 2528 2272 2588 tet quod ille ponatur in formis omnino simplicibus: ita quod vltima earum sit completiua & perfectio materia: & o-
509 2576 2278 2640 mnium praecedentium & totius compositi. Vnde salsum est quod dicunt: quod formae simplices colligatae constitu
514 2632 2277 2691 unt vnam compositam, qualis est humanitas in homine ex colligantia sensibilis & rationalis: quae est perfectio to
524 2691 2270 2757 tius, vt infra videbitur. Nec valet simile quod adducunt de diuersis partibus integralibus corporis con
514 2740 2279 2807 stituentibus vnum corpus compositum: & de diuersis partibus materiae constituentibus vnam materiam
514 2794 2277 2863 totius, quoniam diuersae partes corporis & diuersae materiae partes sub ipsis colligantiam habent & continentur
513 2849 2275 2906 in composito sub vna forma totius. secundum quod vult Philosophus in fine primi de anima. Quas quidem partes
516 2902 2272 2971 necesse est ponere diuersas propter diuersas operationes animae, in quibus vtitur eis vt organis appro
517 2955 2275 3021 priatis diuersis operibus & diuersis partibus animae. Propter nullam autem necessitatem operationum neces-
519 3010 2281 3078 se est ponere diuersas formas in eodem praeterquam in homine, vt in sequentibus videbitur. Et quod assumunt:
519 3063 2270 3135 quod humanitas in homine est forma totius resultans ex sensibili & rationali: Dicendum quod hoc per
529 3116 2276 3180 errorem dictum est. Est enim quaedam forma quae est principium indiuidui compositi & altera pars com
517 3172 2282 3256 ponentium ipsum, quoniam homo in esse naturali componitur ex corpore & anima: quae est forma eius naturalis:
