2490 3767
497 274 2314 359 esse in composito aut in partibus eius: vt expositum est in quadam quaestione alterius Quodlibet. Et
501 345 2314 413 similiter dicunt de tertio actum qui consistit in operatione rationis: quod videlicet ab eadem forma simplici
506 412 2312 469 in homine inquantum continet virtute omnes inferiores, fit abstractio omnium intentionum quae
510 468 2303 530 praedicantur de homine: quibus differt ab aliis: vel conuenit cum eis absque omni differentia reali: sed sola
510 521 2303 577 differentia intentionum. Propter quod dixit Philosophus quod vegetatiuum est in sensitiuo, & sensitiuum
501 569 2303 625 in intellectiuo: sicut trigonum in tetragono, & tetragonum in petagono. Vnde partes definitionis
514 625 2302 692 partes sunt secundum rationem intentionis: non secundum rem, homo enim non est ab alia re rationale & sen
514 687 2309 747 sitiuum: neque sensitiuum hominis est aliud re a sensitiuo simpliciter existente in homine: & similiter de
512 735 2302 804 vegetatiuo & aliis superioribus: sed solum secundum intentionem. Non decet ergo ponere in aliqua re na
504 793 2299 863 turali plures formas substantiales simplices vel vnam ex plurium compositione, quae est forma perfe-
518 853 2293 918 ctiua totius. Neque oportet hoc ponere propter diuersitatem quarumcunque operationum: vt visum est.
550 904 2291 966 Vnde quia aliquibus apparet quod non sit alia ratio quare in eodem plures formas secundum gradus po
516 961 2290 1019 nere oportebat, quam diuersitas dictarum operationum, negant pluralitatem formarum de qualibet re na
505 1022 2284 1080 turali & etiam de homine. Quorum positio est: quod in vnoqucque ente vno singulari vna tantum est for
516 1071 2290 1134 ma substantialis dans esse essentiale subiecto composito ex ipsa & materia, & omnibus quae in eo
506 1128 2290 1191 sunt. verbi gratia: anima rationalis in homine adueniens corpori humano dat homini quod sit homo, & quod
514 1181 2280 1239 sit iste homo: quod sit animal & quod sit hoc animal, quod sit corpus & quod sit hoc corpus, quod sit substantia &
516 1235 2280 1305 quod sit haec suba, quod sit ens & quod sit hoc ens. dat etiam carni quod substantialiter sit caro & ista caro quae est homi
506 1293 2280 1362 nis: & ossi quod sit os & hominis os, & sic de aliis. & quod rationes differentes inter se non habet nisi accidem
510 1344 2273 1410 taliter: per quae fiunt organa apta ad exercendum diuersas animae actiones per ipsa: vt oculo quod videat: auri quod
506 1401 2276 1475 audiat, & sic de caeteris operibus animalis. Ad istam suam positionem confirmandam adducunt vnum
510 1458 2278 1534 medium ex primo actu entis qui est esse, sic. Esse simpliciter vnum, est vnius entis: eo quod esse est actus
510 1507 2276 1585 primus: & primum in vncquoque non est nisi tantum vnum illus generis. Quare cum esse quod est
498 1568 2282 1628 actus primus, sit a forma substantiali: & esse vnum a forma vna vnius entis non est nisi vnica for-
499 1632 2282 1693 ma substantialis. lta quod omnis forma alia superueniens erit accidentalis composito: & esse accidentale
490 1682 2269 1755 erit illud quod confert: quia sequitur post constitutionem rei in esse primo. & sic quantum est de ratione
498 1738 2277 1800 subiecti potest ei adesse & abesse praeter suam corruptionem. Inducunt autem medium aliud ex ratione
487 1793 2277 1860 primi compositi constituti in esse ex materia prima & forma: sic. Prima materia cum prima forma fa
490 1841 2274 1911 cit compositum quoddam & hoc aliquid: secunda autem forma superueniens si facit hoc aliquid & com
485 1906 2264 1971 positum, hoc erit non ex materia & forma: sed ex forma & composito: quid iam per aliam formam erat hoc ali-
495 1959 2265 2027 quid. Et sic idem erit plura hoc aliquid: & in eodem erunt plures compositiones substantiales: & non erunt
502 2009 2272 2085 proxima principia cuiuslibet compositi substantialis materia & forma: quod absurdum videtur. Tertium
492 2060 2269 2128 medium inducunt ex vnione formae cum materia, sic. Si plures sint formae in eodem secundum gradum & ordi
491 2123 2268 2196 nem, posterior vnietur materiae mediante priore: & sic non sunt eadem ratione perfectio materiae: nec
491 2173 2265 2249 habent eandem rationem formae nisi aequiuoce dictam: quod non videtur esse ponendum in formis. INducunt
492 2231 2257 2298 etiam quartum medium ex actu generationis, sic. Geniatio hominis est vna transmutatio numero & est mo-
495 2293 2258 2349 tus ad formam: ergo debet habere vnum terminum numero: & vna numero debet esse forma geniti. er-
498 2339 2262 2411 go &c. lSta vt puto sunt fundamenta negantium omnino gradus formarum: licet forte possunt esse ra
500 2401 2256 2467 tiones plures aliae apparentes: quas prtractatio excludet. lsta positio multum applicabilis est animo:
495 2451 2262 2521 quia subsistenti vnico simplici attribuit quicquid pluribus eidem possit attribui. Dignius autem est
490 2499 2262 2570 fieri per pauciora quam per plura vnumquodque: vt dicitur in primo physicorum. Et vt dicitur secundo
490 2557 2258 2627 caeli & mundi: de aptitudine naturae est vt faciat melius semper & vtilius & nobilius. & hoc non
489 2621 2268 2682 est nisi dignius. Sed additur, Secundum quod est possibile. Si ergo non sit possibile ex natura
485 2661 2259 2741 rei in aliquo omnia praedicta fieri vno: vt videbitur: non est inconueniens ea ponere non fieri
491 2729 2261 2788 nisi a pluribus: vt in homine: ab vno videlicet quod sit forma corporis mixti, carnis, & ossis &
499 2781 2262 2842 huiusmodi: ab alio quod sit vegetabile, & sensibile, & rationale. SED quod in omnibus aliis ab ho
500 2840 2257 2899 mine debeamus negare formarum substantialium pluralitatem, contra primam positionem,
494 2892 2262 2952 arguitur sic. Vt dicit Philosophus in sexto physicorum, tria sunt quae dicuntur secundum mu
496 2943 2266 3006 tationem, quod mutatur, & in quo, & in quid, vt homo, tempus, & album. Et vt dicit in quinto, mo
502 2996 2259 3044 tus simplex vnus qui est vnus numero est secundum tria praedicta: quorum vnumquodque oportet
499 3040 2262 3121 esse vnum numero: scilicet quid, & in quid, & quando. Vnus ergo motus vel mutatio numero non
507 3097 2257 3168 est nisi in vnum terminum numero. Sed generatio cuiuslibet rei naturalis est mutatio numero vna: quia
504 3150 2258 3217 secundum Boetium in Commento super Porphyrium, Omne quod est, ideo est quia vnum numero est, ergo in omni
507 3212 2257 3294 generatione naturali est tantum terminus vnus numero: in quem scilicet. hic autem non est nisi forma acquisita
