<?xml version="1.0" encoding="UTF-8" standalone="yes"?>
<PcGts xmlns="http://schema.primaresearch.org/PAGE/gts/pagecontent/2013-07-15" xmlns:xsi="http://www.w3.org/2001/XMLSchema-instance" xsi:schemaLocation="http://schema.primaresearch.org/PAGE/gts/pagecontent/2013-07-15 http://schema.primaresearch.org/PAGE/gts/pagecontent/2013-07-15/pagecontent.xsd">
    <Metadata>
        <Creator>prov=University of Rostock/Institute of Mathematics/CITlab|PLANET AI GmbH/Gundram Leifert/gundram.leifert@planet-ai.de:name=Badius1518-m5(htr_id=23184)::::v=2.6.6
prov=University of Rostock/Institute of Mathematics/CITlab|PLANET AI GmbH/Tobias Gruening/tobias.gruening@planet-ai.de:name=de.uros.citlab.module.baseline2polygon.B2PSeamMultiOriented:v=2.6.6
prov=University of Rostock/Institute of Mathematics/CITlab|PLANET AI GmbH/Tobias Gruening/tobias.gruening@planet-ai.de:name=/net_tf/LA73_249_0mod360.pb:de.uros.citlab.segmentation.CITlab_LA_ML:v=2.6.0
Transkribus</Creator>
        <Created>2019-12-09T23:46:50.807+01:00</Created>
        <LastChange>2020-04-22T15:29:12.788+02:00</LastChange>
        <TranskribusMetadata docId="291873" pageId="11634704" pageNr="255" tsid="28136058" status="IN_PROGRESS" userId="25065" imgUrl="https://files.transkribus.eu/Get?id=QGTCVPXGDSUDWQCJHTSGBKWP&amp;fileType=view" xmlUrl="https://files.transkribus.eu/Get?id=WMETJMPPTZSCLLDWZEWLLRIX" imageId="8013745"/>
    </Metadata>
    <Page imageFilename="254.jpg" imageWidth="2462" imageHeight="3705">
        <ReadingOrder>
            <OrderedGroup id="ro_1587600619196" caption="Regions reading order">
                <RegionRefIndexed index="0" regionRef="TextRegion_1581443158356_3740"/>
            </OrderedGroup>
        </ReadingOrder>
        <TextRegion orientation="0.0" id="TextRegion_1581443158356_3740" custom="readingOrder {index:0;}">
            <Coords points="243,361 2028,365 1994,3285 225,3267"/>
            <TextLine id="r2l3" custom="readingOrder {index:0;}">
                <Coords points="244,423 2033,438 2034,358 244,356"/>
                <Baseline points="255,400 343,400 431,400 520,400 608,400 696,400 785,400 873,401 961,401 1050,401 1138,401 1226,401 1315,402 1403,402 1491,403 1580,404 1668,405 1756,407 1845,409 1933,411 2022,413"/>
                <TextEquiv>
                    <Unicode>in composito: etiam licet compositum per se dicatur generari: quia secundum formas acquisitas per </Unicode>
                </TextEquiv>
            </TextLine>
            <TextLine id="r2l4" custom="readingOrder {index:1;}">
                <Coords points="236,465 2033,479 1984,421 237,421"/>
                <Baseline points="248,453 336,453 425,453 513,453 602,453 691,453 779,454 868,454 957,454 1045,454 1134,455 1223,455 1311,456 1400,457 1489,458 1577,459 1666,460 1755,461 1843,462 1932,464 2021,465"/>
                <TextEquiv>
                    <Unicode>mutationem distinguuntur mutationes genere, specie, aut numero: vt vult Philosophus in quinto physicorum. Er</Unicode>
                </TextEquiv>
            </TextLine>
            <TextLine id="r2l5" custom="readingOrder {index:2;}">
                <Coords points="247,531 2028,527 1993,473 248,467"/>
                <Baseline points="258,506 345,506 433,506 521,507 609,507 697,507 785,507 873,508 961,508 1049,508 1137,509 1224,509 1312,510 1400,511 1488,511 1576,512 1664,513 1752,514 1840,515 1928,516 2016,517"/>
                <TextEquiv>
                    <Unicode>go vna generatio naturalis tantum ad vnam formam numero terminatur. sed in re naturali generata non est</Unicode>
                </TextEquiv>
            </TextLine>
            <TextLine id="r2l6" custom="readingOrder {index:3;}">
                <Coords points="243,574 1855,592 2023,580 2024,531 243,534"/>
                <Baseline points="254,560 346,560 439,561 531,561 624,561 716,561 809,561 902,562 994,562 1087,562 1179,562 1272,563 1364,563 1457,564 1550,565 1642,566 1735,567 1827,569 1920,571 2013,573"/>
                <TextEquiv>
                    <Unicode>aliqua forma substantialis nisi per generationem habita: vt patebit in sequenti quaestione de principiis</Unicode>
                </TextEquiv>
            </TextLine>
            <TextLine id="r2l7" custom="readingOrder {index:4;}">
                <Coords points="245,629 1888,647 2016,639 2017,582 245,571"/>
                <Baseline points="256,612 343,613 431,614 518,615 606,616 693,616 781,616 868,617 956,617 1043,617 1131,617 1218,617 1306,617 1393,617 1481,618 1568,619 1656,619 1743,621 1831,623 1918,625 2006,628"/>
                <TextEquiv>
                    <Unicode>seminalibus. In eadem ergo re naturali generata non est ponere plus quam vnam formam substantialem. FOR</Unicode>
                </TextEquiv>
            </TextLine>
            <TextLine id="r2l8" custom="readingOrder {index:5;}">
                <Coords points="234,675 2008,695 1991,637 234,633"/>
                <Baseline points="246,667 333,668 421,669 508,670 596,671 683,671 771,671 858,671 946,671 1033,671 1121,671 1208,671 1296,671 1383,672 1471,672 1558,673 1646,674 1733,675 1821,676 1908,678 1996,680"/>
                <TextEquiv>
                    <Unicode>te dicet Aduersarius: quod in generatione rei naturalis non est tantum vnica mutatio generationis secundum</Unicode>
                </TextEquiv>
            </TextLine>
            <TextLine id="r2l9" custom="readingOrder {index:6;}">
                <Coords points="238,735 2010,749 1979,691 238,678"/>
                <Baseline points="248,720 335,721 423,722 510,723 598,724 685,724 773,724 860,724 948,725 1035,725 1123,725 1210,725 1298,725 1385,725 1473,726 1560,726 1648,727 1735,728 1823,730 1910,732 1998,734"/>
                <TextEquiv>
                    <Unicode>numerum: sed plures secundum pluralitatem formarum: ita quod quaelibet forma est terminus vnius mutationis in </Unicode>
                </TextEquiv>
            </TextLine>
            <TextLine id="r2l10" custom="readingOrder {index:7;}">
                <Coords points="249,802 2014,810 1983,745 249,742"/>
                <Baseline points="260,774 347,775 434,777 521,777 608,778 695,778 782,778 870,778 957,778 1044,778 1131,778 1218,778 1305,778 1392,778 1480,779 1567,779 1654,780 1741,782 1828,783 1915,786 2003,788"/>
                <TextEquiv>
                    <Unicode>generato. Quod non potest stare. quoniam mutationes siue motus illi plures numero ad diuersas formas in eo-</Unicode>
                </TextEquiv>
            </TextLine>
            <TextLine id="r2l11" custom="readingOrder {index:8;}">
                <Coords points="249,842 2023,846 1857,794 249,802"/>
                <Baseline points="260,827 347,829 435,830 522,831 610,832 697,832 785,833 872,833 960,833 1047,833 1135,833 1223,833 1310,833 1398,833 1485,834 1573,834 1660,835 1748,836 1835,838 1923,839 2011,841"/>
                <TextEquiv>
                    <Unicode>dem mobili vel mutabili aut procedunt successiue vnus post alterum: vt vbi terminatur generatio vnius</Unicode>
                </TextEquiv>
            </TextLine>
            <TextLine id="r2l12" custom="readingOrder {index:9;}">
                <Coords points="240,906 2016,906 2016,850 240,839"/>
                <Baseline points="250,881 337,883 425,884 513,885 600,885 688,886 776,886 863,886 951,887 1039,887 1127,887 1214,887 1302,887 1390,887 1477,888 1565,888 1653,889 1740,890 1828,891 1916,892 2004,894"/>
                <TextEquiv>
                    <Unicode>formae, incipiat generatio alterius: aut fiunt omnes simul: vt idem simul in eodem tempore: aut instanti mouetur:</Unicode>
                </TextEquiv>
            </TextLine>
            <TextLine id="r2l13" custom="readingOrder {index:10;}">
                <Coords points="241,955 2013,960 2013,911 1853,901 241,906"/>
                <Baseline points="252,936 339,937 427,937 514,938 602,939 689,940 777,940 864,941 952,941 1039,941 1127,942 1214,942 1302,943 1389,943 1477,943 1564,944 1652,944 1739,945 1827,945 1914,946 2002,946"/>
                <TextEquiv>
                    <Unicode>aut mutatur diuersis motibus aut mutationibus. Si primo modo: aut ergo de eadem potentia mate</Unicode>
                </TextEquiv>
            </TextLine>
            <TextLine id="r2l14" custom="readingOrder {index:11;}">
                <Coords points="236,1001 2012,1026 1997,958 237,957"/>
                <Baseline points="248,990 335,991 423,992 511,993 598,994 686,994 774,995 861,995 949,995 1037,996 1125,996 1212,996 1300,996 1388,997 1475,997 1563,998 1651,998 1738,999 1826,1000 1914,1001 2002,1002"/>
                <TextEquiv>
                    <Unicode>riae: aut de diuersis. Et cum secundum Conmentatorem supe duodecimum metaphysicae potentiae materiae di</Unicode>
                </TextEquiv>
            </TextLine>
            <TextLine id="r2l15" custom="readingOrder {index:12;}">
                <Coords points="238,1059 2010,1067 2010,1025 1841,1008 238,1004"/>
                <Baseline points="250,1043 337,1044 424,1045 512,1046 599,1047 687,1047 774,1048 861,1048 949,1049 1036,1049 1124,1049 1211,1050 1298,1050 1386,1051 1473,1051 1561,1051 1648,1052 1735,1053 1823,1053 1910,1054 1998,1055"/>
                <TextEquiv>
                    <Unicode>uersificantur secundum diuersitatem formarum specialissimarum: vt iam dicetur, si de eadem, tunc ergo forma pri-</Unicode>
                </TextEquiv>
            </TextLine>
            <TextLine id="r2l16" custom="readingOrder {index:13;}">
                <Coords points="237,1121 2016,1125 1985,1065 238,1068"/>
                <Baseline points="248,1097 335,1098 423,1099 511,1100 599,1101 687,1101 774,1102 862,1102 950,1103 1038,1103 1126,1104 1213,1104 1301,1105 1389,1105 1477,1105 1565,1106 1652,1106 1740,1107 1828,1107 1916,1108 2004,1108"/>
                <TextEquiv>
                    <Unicode>mo generata &amp; secundo &amp; tertio, &amp; sic deinceps, non sunt nisi vna forma in specie specialissima differem</Unicode>
                </TextEquiv>
            </TextLine>
            <TextLine id="r2l17" custom="readingOrder {index:14;}">
                <Coords points="241,1168 1979,1186 2009,1124 241,1119"/>
                <Baseline points="253,1151 340,1151 427,1152 514,1153 602,1154 689,1154 776,1155 863,1156 951,1156 1038,1157 1125,1158 1212,1158 1300,1159 1387,1159 1474,1160 1561,1160 1649,1161 1736,1161 1823,1161 1910,1161 1998,1161"/>
                <TextEquiv>
                    <Unicode>tes solo numero. Nunc autem in eodem numero non possunt esse formae eiusdem speciei specialissimae</Unicode>
                </TextEquiv>
            </TextLine>
            <TextLine id="r2l18" custom="readingOrder {index:15;}">
                <Coords points="238,1217 2007,1232 2007,1183 1757,1166 238,1175"/>
                <Baseline points="249,1206 336,1206 423,1206 511,1206 598,1207 685,1207 773,1208 860,1208 947,1209 1035,1210 1122,1211 1209,1211 1297,1212 1384,1213 1471,1214 1559,1214 1646,1215 1733,1215 1821,1216 1908,1216 1996,1216"/>
                <TextEquiv>
                    <Unicode>diuersae numero &amp; re: vt duae albedines: aut duae terrestreitates: aut duae carneitates: sed si differen</Unicode>
                </TextEquiv>
            </TextLine>
            <TextLine id="r2l19" custom="readingOrder {index:16;}">
                <Coords points="241,1268 2004,1284 1955,1226 241,1217"/>
                <Baseline points="253,1260 344,1259 436,1259 527,1258 619,1259 710,1259 802,1259 893,1260 985,1261 1076,1262 1168,1263 1259,1264 1351,1265 1442,1266 1534,1267 1625,1268 1717,1269 1808,1269 1900,1269 1992,1269"/>
                <TextEquiv>
                    <Unicode>tia aliqua cadat in eodem secundum eandem formam specialissimam, hoc non potest esse differentia reali: sed </Unicode>
                </TextEquiv>
            </TextLine>
            <TextLine id="r2l20" custom="readingOrder {index:17;}">
                <Coords points="238,1324 2003,1335 1972,1280 238,1268"/>
                <Baseline points="249,1314 336,1313 423,1312 510,1312 597,1312 684,1312 771,1312 859,1313 946,1314 1033,1315 1120,1316 1207,1317 1294,1318 1381,1319 1469,1320 1556,1321 1643,1322 1730,1323 1817,1323 1904,1323 1992,1323"/>
                <TextEquiv>
                    <Unicode>solum intentionis: secundum quod in eadem albedine in numero sit motus a gradu intentionis minoris</Unicode>
                </TextEquiv>
            </TextLine>
            <TextLine id="r2l21" custom="readingOrder {index:18;}">
                <Coords points="229,1381 2003,1387 2003,1336 229,1319"/>
                <Baseline points="241,1367 328,1366 416,1365 503,1365 591,1365 678,1365 766,1365 853,1366 941,1367 1028,1368 1116,1369 1204,1371 1291,1372 1379,1373 1466,1374 1554,1375 1641,1377 1729,1377 1816,1378 1904,1378 1992,1379"/>
                <TextEquiv>
                    <Unicode>ad gradum intentionis maioris. Si ergo de eadem potentia materiae procedat generatio successiue: aut nul</Unicode>
                </TextEquiv>
            </TextLine>
            <TextLine id="r2l22" custom="readingOrder {index:19;}">
                <Coords points="235,1433 1996,1440 1976,1389 235,1377"/>
                <Baseline points="246,1419 332,1418 419,1418 506,1418 593,1418 680,1418 767,1419 854,1419 941,1420 1028,1421 1115,1423 1201,1424 1288,1425 1375,1426 1462,1427 1549,1428 1636,1429 1723,1430 1810,1431 1897,1431 1984,1431"/>
                <TextEquiv>
                    <Unicode>la erit omnino diuersitas secundum gradus in generato: aut est solummodo secundum diuersos gradus intentio</Unicode>
                </TextEquiv>
            </TextLine>
            <TextLine id="r2l23" custom="readingOrder {index:20;}">
                <Coords points="241,1495 1993,1498 1993,1442 1916,1439 242,1437"/>
                <Baseline points="252,1472 338,1471 424,1472 511,1472 597,1472 684,1473 770,1473 857,1474 943,1475 1030,1476 1116,1477 1202,1478 1289,1479 1375,1480 1462,1481 1548,1482 1635,1483 1721,1483 1808,1484 1894,1485 1981,1486"/>
                <TextEquiv>
                    <Unicode>nis: secundum magis &amp; minus. Aut igitur non est possibile quod fiant plures formae substantiales in eodem</Unicode>
                </TextEquiv>
            </TextLine>
            <TextLine id="r2l24" custom="readingOrder {index:21;}">
                <Coords points="232,1550 1759,1569 1997,1549 1997,1493 232,1495"/>
                <Baseline points="242,1529 329,1527 416,1526 503,1526 590,1526 677,1526 764,1526 852,1527 939,1528 1026,1529 1113,1530 1200,1531 1287,1533 1374,1534 1462,1535 1549,1536 1636,1537 1723,1538 1810,1539 1897,1540 1985,1540"/>
                <TextEquiv>
                    <Unicode>genito per quodcumque agens vnum vel plures: aut solum est illa pluralitas secundum differentias graduum &amp; in </Unicode>
                </TextEquiv>
            </TextLine>
            <TextLine id="r2l25" custom="readingOrder {index:22;}">
                <Coords points="232,1589 1993,1611 1994,1549 233,1547"/>
                <Baseline points="244,1578 330,1578 417,1578 504,1579 591,1579 678,1580 765,1580 851,1581 938,1582 1025,1583 1112,1584 1199,1585 1286,1587 1373,1588 1459,1590 1546,1591 1633,1593 1720,1594 1807,1596 1894,1598 1981,1600"/>
                <TextEquiv>
                    <Unicode>tentionum penes magis &amp; minus. &amp; sic non erit re &amp; numero nisi vna forma substantialis: qua vnum </Unicode>
                </TextEquiv>
            </TextLine>
            <TextLine id="r2l26" custom="readingOrder {index:23;}">
                <Coords points="233,1642 1998,1666 1998,1612 1932,1607 233,1591"/>
                <Baseline points="243,1634 330,1633 417,1633 504,1633 591,1633 679,1633 766,1634 853,1635 940,1635 1027,1637 1115,1638 1202,1639 1289,1641 1376,1642 1463,1644 1551,1645 1638,1647 1725,1648 1812,1650 1899,1651 1987,1653"/>
                <TextEquiv>
                    <Unicode>&amp; idem dicitur ens, substantia, corpus &amp;c. differens solum secundum esse &amp; magis &amp; minus. Et sic forma sub</Unicode>
                </TextEquiv>
            </TextLine>
            <TextLine id="r2l27" custom="readingOrder {index:24;}">
                <Coords points="236,1711 1925,1721 1994,1717 1995,1666 236,1642"/>
                <Baseline points="248,1687 334,1687 421,1686 508,1686 594,1687 681,1687 768,1688 854,1688 941,1689 1028,1690 1115,1692 1201,1693 1288,1695 1375,1696 1461,1697 1548,1699 1635,1701 1721,1702 1808,1704 1895,1705 1982,1707"/>
                <TextEquiv>
                    <Unicode>stantialis specifica quaelibet cuiuslibet rei naturalis educta de potentia materiae vna &amp; eadem numero ma- </Unicode>
                </TextEquiv>
            </TextLine>
            <TextLine id="r2l28" custom="readingOrder {index:25;}">
                <Coords points="230,1761 1977,1780 1998,1720 230,1706"/>
                <Baseline points="242,1740 329,1740 416,1740 503,1740 591,1741 678,1741 765,1742 852,1743 940,1744 1027,1745 1114,1746 1201,1747 1289,1748 1376,1750 1463,1751 1550,1752 1638,1754 1725,1755 1812,1756 1899,1758 1987,1759"/>
                <TextEquiv>
                    <Unicode>nens susciperet magis &amp; minus: quemadmodum &amp; forma accidentalis: quod est impossibile: vt patebit in se</Unicode>
                </TextEquiv>
            </TextLine>
            <TextLine id="r2l29" custom="readingOrder {index:26;}">
                <Coords points="230,1817 1995,1830 1995,1773 1922,1765 230,1763"/>
                <Baseline points="242,1794 329,1794 416,1794 503,1794 590,1795 677,1795 764,1796 851,1797 938,1798 1025,1799 1112,1800 1199,1801 1286,1802 1373,1803 1460,1805 1547,1806 1634,1807 1721,1809 1808,1810 1895,1811 1983,1813"/>
                <TextEquiv>
                    <Unicode>quenti quaestione. Si vero formae diuersae producantur successiue in eodem vna post alteram de diuersis</Unicode>
                </TextEquiv>
            </TextLine>
            <TextLine id="r2l30" custom="readingOrder {index:27;}">
                <Coords points="225,1870 1997,1872 1997,1823 1927,1820 226,1819"/>
                <Baseline points="236,1848 323,1848 410,1848 498,1848 585,1849 673,1849 760,1850 848,1851 935,1852 1023,1853 1110,1854 1197,1855 1285,1856 1372,1857 1460,1858 1547,1860 1635,1861 1722,1862 1810,1864 1897,1865 1985,1867"/>
                <TextEquiv>
                    <Unicode>potentiis materiae: quia aliter vt dictum est non possunt esse re diuersae. De formis enim re diuersis produ </Unicode>
                </TextEquiv>
            </TextLine>
            <TextLine id="r2l31" custom="readingOrder {index:28;}">
                <Coords points="221,1912 1993,1935 1960,1875 222,1870"/>
                <Baseline points="232,1901 319,1902 407,1902 494,1903 582,1903 669,1904 757,1905 844,1905 932,1906 1019,1907 1107,1908 1194,1908 1282,1909 1369,1910 1457,1912 1544,1913 1632,1914 1719,1916 1807,1917 1894,1919 1982,1921"/>
                <TextEquiv>
                    <Unicode>cendis ex materia dicit Commentator supe. xii. metaphysicae: quod non quodlibet fit ex qualibet potentia</Unicode>
                </TextEquiv>
            </TextLine>
            <TextLine id="r2l32" custom="readingOrder {index:29;}">
                <Coords points="231,1963 1994,1992 1948,1931 231,1910"/>
                <Baseline points="241,1954 328,1954 415,1955 502,1956 589,1956 676,1957 763,1958 850,1959 937,1960 1024,1961 1111,1962 1198,1963 1285,1964 1372,1965 1459,1966 1546,1967 1633,1968 1720,1969 1807,1970 1894,1972 1982,1973"/>
                <TextEquiv>
                    <Unicode>sed vnumquodque entium fit ex eo quod est in potentia id quod fit: eo quod numerus potentiarum sit sicut nume</Unicode>
                </TextEquiv>
            </TextLine>
            <TextLine id="r2l33" custom="readingOrder {index:30;}">
                <Coords points="226,2018 1989,2038 1905,1981 226,1978"/>
                <Baseline points="238,2007 325,2008 412,2009 499,2010 586,2011 673,2011 760,2012 847,2013 934,2014 1021,2015 1108,2016 1195,2016 1282,2018 1369,2018 1456,2020 1543,2021 1630,2022 1717,2023 1804,2024 1891,2026 1978,2027"/>
                <TextEquiv>
                    <Unicode>rus specierum entium generabilium &amp; corruptibilium. Et hoc ita quod aeque immediate &amp; de proximo quaelibet</Unicode>
                </TextEquiv>
            </TextLine>
            <TextLine id="r2l34" custom="readingOrder {index:31;}">
                <Coords points="229,2083 1916,2098 1987,2094 1988,2039 230,2021"/>
                <Baseline points="241,2061 327,2062 414,2063 501,2064 588,2064 675,2065 761,2066 848,2067 935,2067 1022,2068 1109,2069 1195,2070 1282,2071 1369,2072 1456,2073 1543,2074 1629,2076 1716,2077 1803,2079 1890,2081 1977,2082"/>
                <TextEquiv>
                    <Unicode>potentia siue habilitas materiae ad formam, secundum quam forma producitur ex materia, inhaeret materiae</Unicode>
                </TextEquiv>
            </TextLine>
            <TextLine id="r2l35" custom="readingOrder {index:32;}">
                <Coords points="230,2134 1989,2143 1989,2094 1781,2085 231,2081"/>
                <Baseline points="242,2115 328,2115 415,2116 502,2117 589,2118 676,2118 763,2119 849,2120 936,2121 1023,2122 1110,2123 1197,2124 1284,2125 1371,2126 1457,2127 1544,2128 1631,2130 1718,2131 1805,2132 1892,2133 1979,2135"/>
                <TextEquiv>
                    <Unicode>Si inquam de diuersis huiusmodi potentiis eiusdem materiae in eodem plures formae successiue pro-</Unicode>
                </TextEquiv>
            </TextLine>
            <TextLine id="r2l36" custom="readingOrder {index:33;}">
                <Coords points="235,2185 1983,2197 1983,2140 236,2127"/>
                <Baseline points="246,2168 332,2169 418,2169 504,2170 591,2171 677,2172 763,2173 849,2174 936,2175 1022,2176 1108,2177 1194,2178 1281,2179 1367,2180 1453,2182 1539,2183 1626,2184 1712,2185 1798,2186 1884,2187 1971,2188"/>
                <TextEquiv>
                    <Unicode>ducantur in esse: tunc sicut in potentiis illis non est ordo respectu materiae inhaerendo secundum prius</Unicode>
                </TextEquiv>
            </TextLine>
            <TextLine id="r2l37" custom="readingOrder {index:34;}">
                <Coords points="232,2231 1997,2254 1980,2196 1738,2186 232,2189"/>
                <Baseline points="242,2223 329,2224 416,2224 503,2225 590,2226 678,2227 765,2227 852,2228 939,2229 1026,2230 1114,2231 1201,2232 1288,2233 1375,2234 1462,2235 1550,2236 1637,2238 1724,2239 1811,2240 1898,2242 1986,2243"/>
                <TextEquiv>
                    <Unicode>aut posterius: quia omnes aeque immediate inhaerent illi, &amp; nulla illarum mediante altera: similiter neque in </Unicode>
                </TextEquiv>
            </TextLine>
            <TextLine id="r2l38" custom="readingOrder {index:35;}">
                <Coords points="224,2289 1962,2312 1994,2252 224,2238"/>
                <Baseline points="234,2275 321,2276 408,2277 496,2279 583,2280 671,2281 758,2281 845,2283 933,2284 1020,2284 1108,2285 1195,2286 1282,2287 1370,2288 1457,2289 1545,2291 1632,2292 1719,2293 1807,2294 1894,2295 1982,2297"/>
                <TextEquiv>
                    <Unicode>formis ex eis productis: maxime cum quaelibet forma immediate ex propria potentia producitur: vt di</Unicode>
                </TextEquiv>
            </TextLine>
            <TextLine id="r2l39" custom="readingOrder {index:36;}">
                <Coords points="228,2338 1882,2371 1986,2363 1987,2308 228,2287"/>
                <Baseline points="238,2330 324,2331 411,2332 498,2332 585,2333 672,2334 759,2335 845,2336 932,2337 1019,2338 1106,2339 1193,2340 1280,2341 1367,2342 1453,2343 1540,2344 1627,2346 1714,2347 1801,2348 1888,2349 1975,2350"/>
                <TextEquiv>
                    <Unicode>ctum est: quia omnino non est ponere aliquam eius inchoationem in materia tanquam principium eius: vt pate-</Unicode>
                </TextEquiv>
            </TextLine>
            <TextLine id="r2l40" custom="readingOrder {index:37;}">
                <Coords points="217,2395 1778,2424 1980,2417 1981,2357 218,2333"/>
                <Baseline points="229,2384 316,2385 403,2386 490,2386 577,2387 664,2388 751,2389 838,2390 925,2391 1012,2391 1099,2392 1186,2393 1273,2394 1360,2395 1447,2396 1534,2398 1621,2399 1708,2400 1795,2401 1882,2403 1970,2404"/>
                <TextEquiv>
                    <Unicode>bit in sequenti quaestione. lta quod si sit aliquis ordo in ipsis formis: ille est quo ad naturae dignitatem ma</Unicode>
                </TextEquiv>
            </TextLine>
            <TextLine id="r2l41" custom="readingOrder {index:38;}">
                <Coords points="221,2451 1980,2470 1923,2412 222,2397"/>
                <Baseline points="232,2438 318,2439 405,2440 492,2441 579,2442 666,2442 753,2443 839,2444 926,2445 1013,2446 1100,2447 1187,2448 1274,2449 1361,2450 1447,2451 1534,2452 1621,2453 1708,2454 1795,2455 1882,2456 1969,2458"/>
                <TextEquiv>
                    <Unicode>iorem &amp; minorem: quod &amp; ipsi ponunt: non autem quo ad modum inhaerendi materiae. Ex quo sequitur quod quaelibet</Unicode>
                </TextEquiv>
            </TextLine>
            <TextLine id="r2l42" custom="readingOrder {index:39;}">
                <Coords points="223,2509 1977,2536 1978,2470 1816,2461 224,2451"/>
                <Baseline points="234,2490 320,2492 407,2493 493,2494 580,2495 667,2496 753,2497 840,2498 927,2499 1013,2500 1100,2501 1187,2502 1273,2503 1360,2504 1447,2505 1533,2506 1620,2507 1707,2508 1793,2509 1880,2511 1967,2512"/>
                <TextEquiv>
                    <Unicode>illarum aeque immediate &amp; perfecte secundum gradum suum perficit materiam, &amp; nulla illarum mediante alia. lta quod </Unicode>
                </TextEquiv>
            </TextLine>
            <TextLine id="r2l43" custom="readingOrder {index:40;}">
                <Coords points="223,2553 1977,2576 1911,2520 223,2509"/>
                <Baseline points="234,2545 320,2546 407,2547 493,2547 580,2548 666,2549 753,2550 839,2551 926,2552 1012,2553 1099,2555 1186,2556 1272,2557 1359,2558 1445,2559 1532,2560 1618,2561 1705,2562 1791,2563 1878,2563 1965,2564"/>
                <TextEquiv>
                    <Unicode>nulla illarum respectu materiae sit praecedens aliam: aut materialis: aut dispositiua ad illam, faciens compo-</Unicode>
                </TextEquiv>
            </TextLine>
            <TextLine id="r2l44" custom="readingOrder {index:41;}">
                <Coords points="219,2608 1976,2632 1941,2573 220,2562"/>
                <Baseline points="230,2596 316,2598 403,2599 490,2601 577,2602 663,2603 750,2604 837,2605 924,2607 1010,2608 1097,2609 1184,2609 1271,2610 1357,2611 1444,2612 1531,2613 1618,2614 1704,2615 1791,2616 1878,2617 1965,2618"/>
                <TextEquiv>
                    <Unicode>situm quoddam incompletum cum materia quid completur per formam aliam superuenientem. immo nulla al-</Unicode>
                </TextEquiv>
            </TextLine>
            <TextLine id="r2l45" custom="readingOrder {index:42;}">
                <Coords points="227,2668 1977,2683 1977,2630 1811,2621 228,2611"/>
                <Baseline points="238,2650 324,2652 410,2653 497,2654 583,2656 669,2657 756,2658 842,2659 928,2660 1015,2661 1101,2662 1187,2663 1274,2664 1360,2665 1446,2666 1533,2667 1619,2668 1705,2669 1792,2670 1878,2671 1965,2672"/>
                <TextEquiv>
                    <Unicode>teri superuenit: aut aliquid imperfectum relictum ab ea complet: sed quaelibet perfecte complet materiam</Unicode>
                </TextEquiv>
            </TextLine>
            <TextLine id="r2l46" custom="readingOrder {index:43;}">
                <Coords points="228,2720 1948,2745 1985,2677 228,2669"/>
                <Baseline points="238,2705 324,2705 411,2706 498,2707 585,2708 671,2710 758,2711 845,2712 932,2714 1018,2715 1105,2716 1192,2718 1279,2719 1365,2720 1452,2721 1539,2722 1626,2723 1712,2723 1799,2723 1886,2723 1973,2723"/>
                <TextEquiv>
                    <Unicode>&amp; compositum quoddam cum ipsa facit perfectum in esse secundum genus &amp; gradum naturae suae: quemadmo-</Unicode>
                </TextEquiv>
            </TextLine>
            <TextLine id="r2l47" custom="readingOrder {index:44;}">
                <Coords points="222,2771 1981,2796 1981,2732 223,2722"/>
                <Baseline points="234,2757 320,2758 407,2759 494,2760 581,2762 668,2763 754,2764 841,2766 928,2767 1015,2768 1102,2769 1188,2771 1275,2772 1362,2773 1449,2774 1536,2775 1622,2776 1709,2777 1796,2778 1883,2778 1970,2779"/>
                <TextEquiv>
                    <Unicode>dum facit in diuersis. ita enim est lapis perfectus in genere mixti per formam mixti: sicut planta in ge</Unicode>
                </TextEquiv>
            </TextLine>
            <TextLine id="r2l48" custom="readingOrder {index:45;}">
                <Coords points="225,2824 1850,2858 1981,2842 1982,2798 226,2771"/>
                <Baseline points="236,2810 322,2811 409,2812 496,2814 582,2815 669,2816 756,2818 842,2819 929,2821 1016,2822 1103,2823 1189,2825 1276,2826 1363,2827 1449,2828 1536,2829 1623,2829 1709,2830 1796,2830 1883,2830 1970,2830"/>
                <TextEquiv>
                    <Unicode>nere plantae per formam vegetabilis: aut animal in genere animalis per formam sensibilis. Et sic quemad-</Unicode>
                </TextEquiv>
            </TextLine>
            <TextLine id="r2l49" custom="readingOrder {index:46;}">
                <Coords points="227,2875 1826,2908 1970,2892 1971,2843 228,2824"/>
                <Baseline points="238,2865 324,2865 410,2866 496,2867 582,2868 668,2869 754,2871 840,2872 926,2874 1012,2875 1099,2877 1185,2878 1271,2880 1357,2881 1443,2882 1529,2883 1615,2884 1701,2884 1787,2884 1873,2884 1960,2883"/>
                <TextEquiv>
                    <Unicode>modum illic diuersa per diuersas formas huiusmodi sunt diuersa perfecta in actum: similiter hic idem per diuer-</Unicode>
                </TextEquiv>
            </TextLine>
            <TextLine id="r2l50" custom="readingOrder {index:47;}">
                <Coords points="224,2937 1972,2949 1972,2892 225,2877"/>
                <Baseline points="236,2918 322,2919 408,2920 494,2921 581,2922 667,2923 753,2925 839,2926 926,2928 1012,2929 1098,2931 1184,2932 1271,2933 1357,2935 1443,2936 1529,2937 1616,2937 1702,2938 1788,2938 1874,2938 1961,2938"/>
                <TextEquiv>
                    <Unicode>sas formas erit diuersa entia in actu perfecta. Nec restat: nisi quod illic per diuersas materias separatas: hic</Unicode>
                </TextEquiv>
            </TextLine>
            <TextLine id="r2l51" custom="readingOrder {index:48;}">
                <Coords points="229,2984 1958,3021 1981,2953 229,2939"/>
                <Baseline points="240,2971 326,2972 413,2973 499,2974 586,2976 672,2977 759,2979 845,2980 932,2982 1018,2983 1105,2984 1191,2986 1278,2987 1364,2988 1451,2989 1537,2990 1624,2991 1710,2992 1797,2992 1883,2993 1970,2993"/>
                <TextEquiv>
                    <Unicode>vero per vnicam. Et sic sequitur quod idem simpliciter erit habens plura esse substantialia: &amp; quod sit plura</Unicode>
                </TextEquiv>
            </TextLine>
            <TextLine id="r2l52" custom="readingOrder {index:49;}">
                <Coords points="219,3048 1980,3051 1912,3001 220,2981"/>
                <Baseline points="230,3024 316,3026 403,3027 490,3028 577,3030 664,3031 751,3033 838,3034 925,3035 1012,3037 1099,3038 1185,3039 1272,3040 1359,3042 1446,3042 1533,3043 1620,3044 1707,3045 1794,3045 1881,3046 1968,3046"/>
                <TextEquiv>
                    <Unicode>hoc aliquid, &amp; alia plurima inconuenientia. Et sic sequitur etiam aparte quod idem secundum materiam eandem nu-</Unicode>
                </TextEquiv>
            </TextLine>
            <TextLine id="r2l53" custom="readingOrder {index:50;}">
                <Coords points="220,3099 1981,3127 1982,3051 221,3046"/>
                <Baseline points="232,3078 323,3080 415,3081 506,3082 598,3084 689,3085 781,3087 872,3088 964,3090 1055,3091 1147,3092 1238,3094 1330,3095 1421,3096 1513,3097 1604,3098 1696,3098 1787,3099 1879,3100 1971,3100"/>
                <TextEquiv>
                    <Unicode>mero erit vere mixtum inanimatum secundum vnam formam, &amp; secundum aliam vera pleata, &amp; secundum tertiam brutum</Unicode>
                </TextEquiv>
            </TextLine>
            <TextLine id="r2l54" custom="readingOrder {index:51;}">
                <Coords points="213,3152 1974,3165 1974,3121 1850,3106 214,3099"/>
                <Baseline points="224,3132 310,3134 397,3135 484,3137 571,3138 658,3139 745,3141 832,3142 919,3143 1006,3144 1093,3145 1179,3146 1266,3147 1353,3148 1440,3149 1527,3150 1614,3151 1701,3152 1788,3153 1875,3154 1962,3155"/>
                <TextEquiv>
                    <Unicode>animal: &amp; secundum quartam homo. &amp; hoc non concurrentibus eis in constitutionem alicuius vnius vt formae</Unicode>
                </TextEquiv>
            </TextLine>
            <TextLine id="r2l55" custom="readingOrder {index:52;}">
                <Coords points="218,3196 1981,3221 1968,3163 219,3145"/>
                <Baseline points="229,3186 316,3187 403,3189 490,3190 577,3191 664,3193 751,3194 838,3196 925,3197 1012,3198 1099,3200 1186,3201 1273,3202 1360,3203 1447,3204 1534,3205 1621,3206 1708,3207 1795,3208 1882,3208 1970,3209"/>
                <TextEquiv>
                    <Unicode>alicuius compositi: sicut dictum est supra: aut suppositi: aut compositi: quia omnino sunt distinctae &amp; diuisae abinui</Unicode>
                </TextEquiv>
            </TextLine>
            <TextLine id="line_1581443176187_3753" custom="readingOrder {index:53;}">
                <Coords points="212,3272 1979,3293 1980,3219 213,3194"/>
                <Baseline points="223,3241 236,3242 327,3243 418,3244 509,3246 601,3248 692,3249 783,3251 874,3252 965,3254 1057,3255 1148,3257 1239,3258 1330,3259 1421,3260 1513,3261 1604,3262 1695,3262 1786,3262 1877,3262 1969,3262"/>
                <TextEquiv>
                    <Unicode>cem secundum aliam &amp; aliam potentiam materiae: vt dictum est iam. Si autem motus illi siue mutationes</Unicode>
                </TextEquiv>
            </TextLine>
            <TextEquiv>
                <Unicode>in composito: etiam licet compositum per se dicatur generari: quia secundum formas acquisitas per 
mutationem distinguuntur mutationes genere, specie, aut numero: vt vult Philosophus in quinto physicorum. Er
go vna generatio naturalis tantum ad vnam formam numero terminatur. sed in re naturali generata non est
aliqua forma substantialis nisi per generationem habita: vt patebit in sequenti quaestione de principiis
seminalibus. In eadem ergo re naturali generata non est ponere plus quam vnam formam substantialem. FOR
te dicet Aduersarius: quod in generatione rei naturalis non est tantum vnica mutatio generationis secundum
numerum: sed plures secundum pluralitatem formarum: ita quod quaelibet forma est terminus vnius mutationis in 
generato. Quod non potest stare. quoniam mutationes siue motus illi plures numero ad diuersas formas in eo-
dem mobili vel mutabili aut procedunt successiue vnus post alterum: vt vbi terminatur generatio vnius
formae, incipiat generatio alterius: aut fiunt omnes simul: vt idem simul in eodem tempore: aut instanti mouetur:
aut mutatur diuersis motibus aut mutationibus. Si primo modo: aut ergo de eadem potentia mate
riae: aut de diuersis. Et cum secundum Conmentatorem supe duodecimum metaphysicae potentiae materiae di
uersificantur secundum diuersitatem formarum specialissimarum: vt iam dicetur, si de eadem, tunc ergo forma pri-
mo generata &amp; secundo &amp; tertio, &amp; sic deinceps, non sunt nisi vna forma in specie specialissima differem
tes solo numero. Nunc autem in eodem numero non possunt esse formae eiusdem speciei specialissimae
diuersae numero &amp; re: vt duae albedines: aut duae terrestreitates: aut duae carneitates: sed si differen
tia aliqua cadat in eodem secundum eandem formam specialissimam, hoc non potest esse differentia reali: sed 
solum intentionis: secundum quod in eadem albedine in numero sit motus a gradu intentionis minoris
ad gradum intentionis maioris. Si ergo de eadem potentia materiae procedat generatio successiue: aut nul
la erit omnino diuersitas secundum gradus in generato: aut est solummodo secundum diuersos gradus intentio
nis: secundum magis &amp; minus. Aut igitur non est possibile quod fiant plures formae substantiales in eodem
genito per quodcumque agens vnum vel plures: aut solum est illa pluralitas secundum differentias graduum &amp; in 
tentionum penes magis &amp; minus. &amp; sic non erit re &amp; numero nisi vna forma substantialis: qua vnum 
&amp; idem dicitur ens, substantia, corpus &amp;c. differens solum secundum esse &amp; magis &amp; minus. Et sic forma sub
stantialis specifica quaelibet cuiuslibet rei naturalis educta de potentia materiae vna &amp; eadem numero ma- 
nens susciperet magis &amp; minus: quemadmodum &amp; forma accidentalis: quod est impossibile: vt patebit in se
quenti quaestione. Si vero formae diuersae producantur successiue in eodem vna post alteram de diuersis
potentiis materiae: quia aliter vt dictum est non possunt esse re diuersae. De formis enim re diuersis produ 
cendis ex materia dicit Commentator supe. xii. metaphysicae: quod non quodlibet fit ex qualibet potentia
sed vnumquodque entium fit ex eo quod est in potentia id quod fit: eo quod numerus potentiarum sit sicut nume
rus specierum entium generabilium &amp; corruptibilium. Et hoc ita quod aeque immediate &amp; de proximo quaelibet
potentia siue habilitas materiae ad formam, secundum quam forma producitur ex materia, inhaeret materiae
Si inquam de diuersis huiusmodi potentiis eiusdem materiae in eodem plures formae successiue pro-
ducantur in esse: tunc sicut in potentiis illis non est ordo respectu materiae inhaerendo secundum prius
aut posterius: quia omnes aeque immediate inhaerent illi, &amp; nulla illarum mediante altera: similiter neque in 
formis ex eis productis: maxime cum quaelibet forma immediate ex propria potentia producitur: vt di
ctum est: quia omnino non est ponere aliquam eius inchoationem in materia tanquam principium eius: vt pate-
bit in sequenti quaestione. lta quod si sit aliquis ordo in ipsis formis: ille est quo ad naturae dignitatem ma
iorem &amp; minorem: quod &amp; ipsi ponunt: non autem quo ad modum inhaerendi materiae. Ex quo sequitur quod quaelibet
illarum aeque immediate &amp; perfecte secundum gradum suum perficit materiam, &amp; nulla illarum mediante alia. lta quod 
nulla illarum respectu materiae sit praecedens aliam: aut materialis: aut dispositiua ad illam, faciens compo-
situm quoddam incompletum cum materia quid completur per formam aliam superuenientem. immo nulla al-
teri superuenit: aut aliquid imperfectum relictum ab ea complet: sed quaelibet perfecte complet materiam
&amp; compositum quoddam cum ipsa facit perfectum in esse secundum genus &amp; gradum naturae suae: quemadmo-
dum facit in diuersis. ita enim est lapis perfectus in genere mixti per formam mixti: sicut planta in ge
nere plantae per formam vegetabilis: aut animal in genere animalis per formam sensibilis. Et sic quemad-
modum illic diuersa per diuersas formas huiusmodi sunt diuersa perfecta in actum: similiter hic idem per diuer-
sas formas erit diuersa entia in actu perfecta. Nec restat: nisi quod illic per diuersas materias separatas: hic
vero per vnicam. Et sic sequitur quod idem simpliciter erit habens plura esse substantialia: &amp; quod sit plura
hoc aliquid, &amp; alia plurima inconuenientia. Et sic sequitur etiam aparte quod idem secundum materiam eandem nu-
mero erit vere mixtum inanimatum secundum vnam formam, &amp; secundum aliam vera pleata, &amp; secundum tertiam brutum
animal: &amp; secundum quartam homo. &amp; hoc non concurrentibus eis in constitutionem alicuius vnius vt formae
alicuius compositi: sicut dictum est supra: aut suppositi: aut compositi: quia omnino sunt distinctae &amp; diuisae abinui
cem secundum aliam &amp; aliam potentiam materiae: vt dictum est iam. Si autem motus illi siue mutationes</Unicode>
            </TextEquiv>
        </TextRegion>
    </Page>
</PcGts>
