2494 3724
486 302 2279 395 ea secundum rationem & intentionem esse incompletissimi formalis, vt sub ratione mixti, & sic gradatim vsque
482 376 2275 445 ad rationem vltimae intentionis sub quae informatur sub ratione esse formae naturalis completissimae, vt est sensibile in anima
485 428 2272 508 li. Si vero intelligatur in diuersis rebus, tunc intelligitur illa compositio secundum gradus & ordinem rerum
486 496 2272 559 & formarum: vt sic inter primam materiam nudam & formam vltimam quae est sensibile in animali sub intentione
490 546 2272 605 sensibilis, dicamus esse plura composita ex materia & forma: in quibus secundum diuersos gradus
488 596 2268 661 sunt materiae & formae compositae: vt in mixto sub ratione mixti: & in planta sub ratione vegetabi-
493 645 2275 719 lis: & sic de aliis si plura sint media. Et secundum huiusmodi gradus vel rerum in diuersis vel in-
493 700 2273 774 tentionum in eodem debet procedere ordinata doctrina in rebus naturalibus. Vnde Commenta-
487 753 2276 814 tor post illud dictum suum subdit immediate. Et innuit per hoc quod doctrinae ordinatae est incipere a
487 805 2278 868 cognitione primarum causarum rei cognoscendae perfecte vsque ad causas propinquas. Et secundum
489 870 2278 936 hoc iuxta determinationem in fine quarti Metaphysicae, quanto consideratio rei est magis se-
494 923 2274 985 cundum materiam & esse materiale & minus formale, tanto habet in naturalibus considerari in prio
494 968 2274 1045 ri scientia: & quanto est magis secundum formam & esse magis formale, tanto habet in naturalibus
494 1028 2276 1092 considerari in posteriori scientia. semper enim materialiter posterius est in priori: formaliter vero
497 1078 2272 1154 prius in posteriori. secundum quod dicit ibidem Commentator & exponit. Si nos (inquit) secundum for
501 1139 2272 1201 mam consideramus res naturales, semper prius formaliter erit in posteriori: quia in ipso formam
498 1186 2269 1253 accipit & esse. Vnum enim elementum cum alio compositum accipit esse mixti: mixtum autem carnis: ca-
502 1245 2268 1309 ro autem cum alio manus: manus autem cum aliis, animalis: cuius forma per modum proportio-
501 1301 2265 1363 nalem informat & terminat omnes formas dissimiles & similes. Econtrario autem accidit si res
503 1344 2265 1415 naturales considerentur materialiter. tunc enim posteriora sunt in prioribus: quia indiuiduum com
502 1399 2277 1473 pletum est in partibus dissimilibus compositis: illae autem in similibus: similia vero in mixto in com-
502 1467 2284 1518 muni: mixtum autem in elementis. Per hunc ergo modum praedictum, gradus & ordo formarum substan
499 1510 2283 1578 tialium cum inuitur in scripto philosophi esse in vna & eadem re: aliquando debet exponi secundum
510 1566 2272 1632 diuersos gradus rationum siue intentionum: aliquando etiam secundum gradus virtutum & principiorum ope-
501 1613 2268 1676 randi. semper enim prius in esse imperfecto & magis materiali virtute, etsi non re, est in posteriori magis
501 1667 2270 1736 formali: vt supra dictum & expositum est. & sic elementum est in mixto: mixtum in vegetabili: vegetabi
519 1723 2273 1785 le vero in sensibili. VNde illud quod Commentator supe duodecimum metaphysicae dicit de Philosopho. Opinatur
509 1787 2269 1853 quod prima materia est vna secundum subiectum, & multa secundum habilitates. Primo enim habet habilitates
510 1839 2269 1905 ad recipiendum primas contrarietates: scilicet formas quatuor elementorum. Secundo vero habet poten-
517 1894 2265 1947 tias consimilium partium mediantibus formis quatuor elementorum. debet exponi quo ad diuersas virtutes &
511 1935 2273 2002 secundum gradus earum quae sunt principia agendi. Materia enim dicitur primo habere habilitates ad formas elemen
510 1991 2270 2060 torum: quia maxime materiales sunt: in quaerum formis est prima virtus formarum materialium, quae est in posteri
513 2055 2277 2111 oribus magis formalibus. Propter quid secundo & mediantibus formis elementorum dicitur esse in potentia
515 2108 2273 2171 ad formas mixti consimilium partium, non quia in mixto sub forma mixti actu in materia sunt formae elemento-
515 2162 2266 2220 rum: immo in mixto non est nisi vna forma mixti aeque simplex in natura & essentia sua, sicut forma elemen-
510 2221 2281 2278 ti: sed quia in forma mixti virtutes sunt formarum elementorum sub esse cuiusdam temperamenti & medii. Et
509 2259 2276 2331 per eundem modum materia mediante forma mixti recipit formam vegetabilis. est enim virtus mixti in vege
516 2314 2273 2381 tabili. Similiter mediante forma vegetabili recipit formam sensibilis. est enim vegetabile virtute in sensi
514 2367 2278 2422 bili. Et talis compositio formae penes diuersitatem intentionum virtutum in ipsa, attestatur multum super eius no
510 2420 2281 2486 bilitate & elongatione a materia. Vnde nisi aliud obstaret in homine: competenter ponendum est quod in ipso esset
515 2475 2273 2539 vnica forma scilicet anima rationalis: virtute & intentione habens in se quicquid habent formae praecedentes omnes
518 2533 2276 2596 & agens in composito quicquid separatim in aliis agunt omnes formae aliae substantiales & materiales. In quo
517 2582 2274 2652 plures suffulti negant pluralitatem formarum in homine: sicut & in aliis pure naturalibus ab agente vni
519 2635 2268 2699 co naturali secundum formam specificam in esse productis. SED contra istos ad ponendum gradus duarum for
516 2693 2273 2755 marum in homine eo modo quo posuimus eas in Christo in quaedam quaestione de Quolibet: videlicet vtrum
520 2751 2273 2813 anima Christi a corpore suo separata remansit aliquam forma in ipso eius corpore: oportet procedere aliter
521 2803 2283 2864 probando gradus formarum in homine, quam praedicti probabant eos in omnibus rebus: scilicet ex diuersitate
524 2851 2272 2917 operationum formae. haec enim nullam habet efficaciam: neque in homine: neque in aliis: vt supra tactum est. Sed opor-
513 2901 2282 2955 tet contra eos procedere duplici alia via: vna a priori & a causa, arguendo ostensiue ex eis quae in ope-
523 2956 2277 3021 ribus naturae convincimus: altera vero a posteriori & ab effectu, arguendo ad ipossibile ex eis quae in operibus
521 3015 2276 3077 gratiae ex fide tenemus. Secundum primum modum arguitur sic. Diuersorum agentium & diuersis
516 3064 2284 3126 mutationibus impossibile est terminum esse vnum & eundem numero. quoniam secundum Philosopum in secundo
521 3123 2283 3184 physicorum. Sanitas primo corrupta & iterum generata in eodem, non potest esse eadem sanitas nu
514 3181 2280 3261 mero: si actus vel motus qui est ad primam sanitatem & secundam, sunt duo numero. Sed homo siue
