2443 3755
453 284 2233 385 viuo & mortuo: licet sub alia & alia forma substantialiter: sic idem est corpus vtrobique & sit semper tran
452 379 2233 439 substantiatio sacramentalis in vnum & idem corpus secundum numerum, non secundum formam: sed se-
453 415 2225 494 cundum materiam. lsta opinio tacta fuit alias a nobis in quadam quaestione de Quolibet: quae licet pro
449 476 2223 561 babilius ponat corpus posse dici aliquid in homine substantialiter praeter animam rationalem in quid
452 529 2228 614 fiat transubstantiatio, & in idem, siue sit viuum siue mortuum: tamen secundum rem non ponit transubstantiatio
445 601 2232 664 nem fieri nisi in substantiam materiae. Illud enim corpus quantuncumque habeat partes materiae extensas sub
443 641 2229 719 quantitate, nihil tamen est praeter substantiam materiae: est si per accidens suum quod est quantitas, habeat
450 701 2227 788 partem extra partem: quid non haberet ex se. Et quo ad hoc videtur esse aliquid plus quam materia, quid etsi pro
450 754 2231 834 pter huiusmodi pilus dicatur corpus, hoc est valde aequiuoce cum corpore illo quod est corpus a forma substantia
451 813 2232 888 li. Et iterum aperte patet quod de tali corpore suo non intellexit Christus quod in ipsum deberet fieri tran
448 869 2229 939 substantiatio: quia alibi Christus satis explicat transubstantiationem fiendam non nisi in corpus suum
450 925 2229 1008 quod vere possit dici caro & sanguis: cum dixit in loanne. Nisi manducaueritis carnem filii homi
449 988 2236 1059 nis, & biberitis eius sanguinem, non habebitis vitam in vobis. Et tale corpus quid potest dici caro & san
462 1037 2230 1115 guis, intelligimus mansisse idem in Christo viuo & mortuo: & in ipsum fieri conuer sionem. Con-
456 1100 2228 1166 stat autem quod materia extensa secundum partes substantiales pura, non est neque potest dicicaro aut
455 1146 2220 1217 sanguis: quia caro non dicitur caro: neque sanguis dicitur sanguis, nisi ab aliqua forma substantiali in
457 1204 2229 1275 formante materiam: vt satis ostensum est in quibusdam aliis quaestionibus de Quolibet. Quia autem
453 1259 2225 1346 sic debeat intelligi de sanguine: scilicet quod id in quo sit transubstantiatio in consecratione sanguinis
457 1313 2227 1399 est compositum ex materia & forma substantiali quae dat termino transubstantiationis siue illi in
462 1371 2221 1450 quod sit per se transubstantiatio, quod possit dici quod est verus sanguis compositus ex materia & vera for
454 1422 2230 1499 ma substantiali sanguinis: patet. quoniam ecclesia tenet quod verba consecrationis effectiua sunt transubstan-
461 1476 2226 1550 tiationis substantiae vini in id quod in forma verborum exprimitur esse terminus consecrationis. Sed
453 1533 2234 1606 in forma verborum quae sunt transubstantiatiua vini, terminus transubstantiationis qui exprimitur, est
450 1594 2237 1672 sanguis. secundum quod dixit Christus Matthaei. xxvi. cum primo consecrauit. Bibite ex hoc omnes. Hic est san
451 1654 2229 1728 guis meus. ergo verba consecrationis sub stantiae vini sunt effectiua eius quod vere est sanguis Chri-
446 1708 2240 1777 sti. Sed manifestum est quod non potest vere dici sanguis Christi sola materia: quocumque modo intelliga
441 1759 2237 1832 tur habere partes essentiales extensas sub quantitate, non enim dicitur aliquid esse vere sanguis nisi a
447 1810 2233 1889 vera forma sanguineitatis. Aut ergo mendacium fictum est in verbis consecrationis super substantia vi
442 1869 2227 1946 ni: aut transubstantiatio fit non solum in materiam: sed in id quod compositum est ex mat eria & vera for
439 1916 2225 1999 ma substantiali. Sed eadem veritas & efficacia debet esse in verbis consecrationis super vinum & su-
446 1978 2220 2065 per panem. Si igitur in verbis consecrationis super vinum vt in ipsis verbis veritas habeatur necesse est
447 2037 2235 2121 quod fiat transubstantiatio non in solam materiam, sed in compositum ex materia & forma substantiali san
455 2087 2229 2172 guineitatis, vt ostensum est: ergo similiter vt veritas consimilis in consecratione panis habeatur, opor
458 2140 2230 2217 tet quod transubstantiatio panis fiat non in solam materiam sed in compositum ex materia & vera for
453 2199 2229 2278 ma substantiali corporeitatis. Si forte dicat aliquis quod non est simile de transubstantiatione in san
451 2257 2234 2336 guinem, & de transubstantiatione in corpus: quia sanguis existens in venis non informatur substan-
458 2301 2230 2389 tialiter ab anima, sed ab aliqua alia forma propria a qua sanguis dicitur: in quam non obstante fi
451 2364 2230 2436 de ecclesiae quae dictat quod in animam non sit transubstantiatio, potest dici fieri transubstantiatio ipsius
457 2411 2230 2494 vini. Sed corpus Christi non informatur alia forma substantiali quam anima: in quam, vt dictum est, secum
454 2468 2231 2542 dum quod tenet ecclesia, non sit transubstantiatio. Et sic non potest dici quod in aliquam formam substantialem
444 2521 2230 2602 fiat transubstantiatio panis: sed solum in aliquid quod in Christo est, & citra ipsam formam substantialem
454 2579 2230 2663 corporis Christi. CONtra hoc arguitur. In id quid denominat terminum consecrationis, debet vni
458 2634 2228 2717 formiter fieri transubstantiatio virtute verborum in consecratione panis & vini. quia Christus nullam di
450 2701 2231 2768 uersitatem circa hoc expressit: sed vniformiter sicut in consecratione sanguinis dixit: Hic est sanguis
451 2746 2232 2826 meus: ita in consecratione panis, Hoc est corpus meum. In consecratione autem panis exprimitur tan
456 2810 2239 2878 quam terminus consecrationis corpus Christi: sicut in consecratione vini exprimitur tanquam terminus con
455 2853 2223 2927 secrationis vini, sanguis eius. Vniformiter ergo debet fieri transubstantiatio in id a quo corpus Chri
454 2912 2230 2979 sti quod est terminus consecrationis panis, dicitur corpus: sicut & in id a quo sanguis Christi, qui est ter-
467 2963 2232 3041 minus consecrationis vini, dicitur sanguis. Sed in formam substantialem a qua sanguis Christi denomina
468 3021 2235 3085 tur sanguis, vt terminus consecrationis vini, fit transubstantiatio vini. ergo similiter in id quidcunque
466 3070 2231 3140 sit illud a quo corpus dicitur corpus, quid est terminus consecrationis panis, debet dici fieri transub-
463 3123 2237 3194 stantiatio ipsius panis. Si ergo illud est quantitas: ergo in quantitatem sit transubstantiatio: cuius com
459 3169 2235 3242 trarium tenet ecclesia, quae tenet: quod sicut transubstantiatio non sit in animam, ita nec in aliquod accidens
472 3228 2233 3327 Non potest ergo dici quod illud corpus quid est terminus consecrationis panis, dicitur corpus propter corporeitatem
