2397 3709
474 278 2243 367 scilicet supremum, & spiritus infimum, quibus sine naturarum confusione, personali tamen vnione ne-
476 354 2234 424 cti possunt facile. similia enim gaudent similibus. ltaque anima quae vere spiritus est, & caro quae ve
480 407 2221 477 re corpus est, in suis extremitatibus facile & conuenienter vniuntur: id est in phantastico animae: quid
476 464 2236 527 non est corpus: sed simile corpori: & sensualitas carnis: quae spiritus est corporeus. Sicut enim supre-
476 517 2236 583 mum animae, id est intelligentia siue mens imaginem & similitudinem gerens sui superioris: id est
472 579 2238 638 dei: vnde eius susceptiua esse potuit ad vnitatem personalim: sic supremum carnis animae gerens si-
480 624 2236 687 militudinem ad personalem vnionem essentiam eius suscipere potest. Mira fsocietas carnis & animae
481 676 2243 742 spiritus vitae & limi terrae. Sicut enim scriptum est, fecit deus hominem de limo terrae, & inspira-
480 729 2231 789 uit in faciem eius spiraculum vitae, dans ei sensum & intellectum, vt per sensum lutum sibi socia-
486 785 2235 850 tum viuificaret, & per intellectum regeret. Plenum fuit miraculo, quod tam diuersa & tam diuisa ab
478 838 2233 894 inuicem: adinuicem potuerunt coniungi. Nec minus mirabile fuit, quod limo deus seipsum coniumxit.
484 891 2235 946 Vnde si tam diuersae naturae, vt diuina & humana, vniri potuerunt vere in vnitate esse & personalis
483 945 2237 1010 subsistentiae: quod solum ab vna illarum naturarum erat alteri communicatum: vt humanae a diuina:
486 995 2242 1063 quid mirum si caro quae est forma naturalis cum materia, vniri potuit cum rationali anima in vni
485 1057 2234 1116 tate esse & personalis subsistentiae: quod simul ab ambabus, licet ab vna imperfecte & inchoatiue, ab
490 1105 2241 1162 alia vero completiue causatur: et simul ab vtraque: ita quod a neutra naturaliter causari posset neque in
486 1160 2233 1223 toto neque in parte prius quam ab altera: neque ab vna fine altera: sed tantummodo simul ab vtraque: & ab vna per
489 1214 2234 1276 alteram & cum altera: quemadmodum a duplici trahente secundum virtutem sit vnicus & sim-
480 1267 2234 1328 plex tractus. Et sic quemadmodum in Christo sunt plura esse naturae & a pluribus formis: vni
485 1325 2232 1384 cum tamen suppositum: sic & in homine. Cum ergo dicitur in argumento: in vno non est nisi vnum esse:
492 1375 2242 1439 verum est suppositi. possunt tamen plura esse naturae esse in eodem. Et cum assumitur ad eius pro-
490 1426 2239 1488 bationem quod esse vnum non est nisi ab aliqua forma: verum est loquendo de esse naturae non suppo
495 1477 2242 1538 siti, vt visum est. Et sic procedit probatio in aequiuoco. Et in tali aequiuoco similiter processit vlterior
487 1533 2234 1605 probatio: qua dicitur quod alia & alia forma substantialis dat aliud & aliud esse substantiale composi-
483 1585 2237 1655 to. Dicendum quod verum est loquendo de esse naturae: non autem de esse subsistentiae, vt patet ex di
480 1639 2242 1709 ctis. Sed forte dices quod ista responsio non tantum est contra negantes gradus & pluralitatem formarum
489 1693 2238 1748 generaliter in omnibus, pro ponentibus eam in homine: sed etiam est pro ponentibus eam in quolibet alio.
495 1746 2246 1807 Illi enim bene concedunt quod in eodem non est nisi vnum esse suppositi completiue ab vltima for-
487 1801 2243 1863 ma specifica, & inchoatiue ab aliis praecedentibus: sed ponunt secundum diuersas formas in eodem
490 1854 2234 1917 diuersa esse naturae secundum gradus & ordinem se habentes in eodem. Sed non est ita. licet enim
484 1910 2239 1968 ponentes gradus formarum in aliis ab homine possunt ponere ex illis diuersa esse naturae secun-
491 1960 2244 2023 dum diuersas formas in eodem: non tamen sicut nos in homine. quoniam ponendo per im-
486 2017 2242 2080 possibile, licet minus euidens sit quibusdam quod sit impossibile, plures formas esse in eodem alio ab
486 2069 2239 2139 homine: necesse est tamen ponere illas eductas de diuersis potentiis materiae, vt sint diuersae: non
488 2122 2239 2180 solum specie, sed etiam quodammodo genere subalterno. Quia quod ponantur eaedem specie, differen
483 2176 2230 2246 tes solo numero in eodem: hoc est omnibus apertum & manifestum impossibile. Et sic oportet po-
483 2233 2241 2297 nere quod quaelibet illarum formarum per se non cum altera vel per alteram nata sit perficere mate-
487 2282 2234 2343 tiam in perfecto esse, & in gradu naturae determinato, secundum singulas potentias materiae.
493 2335 2236 2400 quia propriae formae respondet propria habilitas siue potentia in materia, vt dicit Commentator
495 2386 2246 2449 super. xii. metaphysicae. Et per hoc quaelibet illarum formarum quantum ex se est. constituet com-
496 2441 2241 2507 positum & suppositum & hoc aliquid cum materia: dans ei & communicans suum esse substantiale
496 2495 2241 2562 ac si eam sola perficeret. Non solum autem ponet in ea quaelibet illarum esse suum naturae: vt ex
492 2549 2239 2613 omnibus proueniat vnum esse suppositi, quia nullam habent in se in perficiendo communicantiam. In ho-
491 2594 2245 2671 mine autem diuersae formae non ponuntur productae, neque de eadem potentia materiae, neque de di-
498 2660 2245 2717 uersis: quia altera illarum tantum educta est de vna potentia materiae naturaliter, vt dictum est: alte-
495 2708 2242 2776 ra vero est ab extrinseco infusa per creationem, vt tenet fides. & etiam philosophus videtur senti-
493 2763 2242 2824 re cum dicit. xvi. de animalibus: quod solus intellectus ab extra est. Quae tamen ambae ordinantur ad
498 2823 2241 2884 perficiendum materiam secundum eandem potentiam & habilitatem: ita quod neutra per se: sed vna
494 2870 2239 2938 cum altera & non sine altera nata est materiam secundum illam potentiam perficere in aliquo gra
496 2927 2245 2988 du perfecto in actu alicuius esse respondenti illi potentiae. Et ita neutra per se nata est facere com-
493 2978 2242 3041 positum, aut suppositum, aut hoc aliquid cum materia. Vnde & corrupta naturaliter illa forma
490 3031 2246 3096 naturali, naturaliter separatur anima a corpore: & econuerso etiam supernaturaliter anima separa
499 3085 2235 3151 ta deficit statim illa forma naturalis: si propriae naturae relinquatur, secundum quod dicit philosophous
492 3138 2246 3224 in fine primi de anima. Anima separata corpus expirat & marcescit. Per quod probat ibidem quod
