2449 3737
505 306 2325 404 ad duas sub communi ratione perficientes materiam ad generationem compositi: ad quod per se termi-
518 391 2321 454 natur generatio. Praeter dictas rationes sunt adductae a quibusdam philosophantibus ad idem quaedam
521 452 2321 511 aliae. Prima talis. si plures sint formae in homine secundum dictum modum, de homine non praedicarentur per ean
520 496 2309 564 dem formam simplicem genus & differentia: quia diceretur corpus a forma naturali educta de potentia
520 547 2311 616 materiae: & vegetabile & sensibile & rationale per formam quae est ab extra. sed secundum artem philosophii
521 607 2305 672 vii metaphysicae, si hoc esset verum, definitum non esset vnum simpliciter & essentialiter: quid per huiusmo
529 662 2299 718 di genus & differentiam definiretur. homo ergo non esset vnus simpliciter & essentialiter: quid falsum est.
527 719 2295 783 ergo &c. Secunda talis. si homo componeretur ex corpore & anima, vt ex partibus differentibus in
528 773 2297 838 esse: cum pars non praedicatur de toto: tunc corpus non praedicaretur vt genus de homine. AD ista intelligendum, sciendum
528 828 2295 894 secundum illa quae exposuimus de differentia inter formam quae est altera pars compositi in esse natu
528 883 2290 942 rae: & de forma quae est quiditas rei & essentia expressa per definitionem. Diximus enim ibi: quod forma
539 939 2285 1011 quae est altera pars compositi etiam in eis quae componuntur ex simplici materia & simplici & vni
532 997 2280 1062 ca forma in esse quiditatiuo, transformatur secundum rationem & conceptum mentis in duplicem intem
531 1048 2282 1111 tionem, scilicet in intentionem formae incompletae & indeterminatae: quae dicitur forma generis: & includit
533 1108 2281 1169 in se materiam & intentionem formae illius quae est illius determinatio & complementum: quaoe dicitur forma differem
530 1162 2274 1228 tiae: quae addita secundum rationem intellectus formae generis, ex vtraque fit forma completa siue perfecta: quae dicitur
534 1217 2273 1280 forma speciei. Et nominant forma generis & forma speciei idipsum re, scilicet formam includentem secundum
524 1272 2266 1335 diuersos modos concipiendi in se materiam. propter quod praedicatur genus de specie in quid, sicut inde
529 1327 2271 1390 terminatum de determinato: & compositum de composito. Forma vero differentiae nominat formam: vt
533 1381 2266 1451 dans esse tali composito determinato: non vt altera pars compositi, sed pars aliqua solius formae, non in esse
523 1434 2266 1507 natura sed rationis. & propter hoc praedicatur de specie in quale: cum tamen tota forma non praedicetur de spe
519 1491 2265 1559 cie, vel de toto composito ex materia & forma, dicendo animal est anima: quia anima non est pars nisi
520 1547 2257 1617 in esse naturae: & nominum impositio sit secundum esse quiditatiuum: cuius partes sunt genus & differentia
527 1605 2264 1668 tamquam formae. Descendendo ergo ad propositum: dico quod licet in homine sunt duae formae: vt partes com
526 1657 2267 1730 positi distinctae contra materiam, & licet differant re & natura, habent rationem eandem formae in infor-
512 1722 2269 1776 mando materiam, & dando esse composito, vt dictum est. Et tota ratio formae existens in duobus diffe-
515 1765 2268 1837 rentibus re, cum transfertur in formam speciei secundum esse quiditatiuum, totum formale in homine trans
514 1821 2263 1891 formatur in formam generis & formam differentiae. Non ita quod forma generis siue proximi siue remoti
520 1881 2270 1944 dicatur forma de potentia materiae educta. Ab illa enim non diceretur homo animal: nec etiam ab
517 1935 2274 1998 illa sola sumitur forma generis quod est corpus: sed totum quod est formale in homine transformatur in
511 1995 2268 2056 formam generis & differentiae: lta quod totum sub ratione incompleti & indeterminati sit forma generis
507 2040 2271 2105 ita quod quanto est forma generis superioris tanto est sub ratione magis indeterminati. Forma vero
510 2095 2270 2174 differentiae vltimae est ipsa tota essentia duarum formarum sub ratione complementi determinan-
504 2151 2268 2217 tis, ex quibus componitur forma speciei. lta quod cum dicitur: quod homo est animal rationale: rationale non sumitur
506 2206 2272 2291 praecise a forma quae est ab extra, sed a tota forma secundum duas naturas. pro illo tamen, quod in ea ad
511 2261 2273 2328 ditur super sensibile, non est enim differentia nisi qua abundat species a genere. Similiter sensibile sumi
512 2325 2265 2386 tur in homine pro eo quid addit animal super vegetatiuum & vegetabile. In vegetatiuo pro eo quid addit super
508 2379 2270 2445 mixtum simpliciter. lta quod secundum hoc istae tres differentiae sequuntur in homine ratione formae supernaturalis
514 2423 2276 2490 & aliae priores ratione formae naturalis, omnes tamen includunt illas duas formas re in suo significato. & hoc
513 2482 2271 2547 non aliter quam si omnes acciperentur ab vnica & simplici forma existente in vno & eodem. ET per hoc
513 2532 2275 2611 patet quod non est minor vnitas definitionis & pertium eius cum definitur homo, quam cum definitur quaecumque
511 2601 2275 2662 alia res: neque maior vnitas hominis definiti inquantum in esse quiditatiuo componitur ex genere &
520 2642 2269 2710 differentia, quam aliorum: licet sit differentia in esse naturae, vt dictum est. Immo sicut idem omnino fi
517 2695 2283 2774 gnificant secundum formam genus, & differentia, &e species: cum sumuntur ab vnica forma simplici naturali
515 2750 2277 2824 in aliis ab homine: sic & in homine cum sumuntur a duplici forma: ita quod rationale aequiuoce accipitur
520 2818 2286 2884 pro substantia animae rationalis: & pro potentia eius, & pro differentia. Vnde sicut in aliis genus & diffe
519 2870 2292 2935 rentia non dicunt multa in actum: neque actus plures in specie: sed eundem omnino: licet diuersimode conceptum &
524 2919 2285 2982 secundum ordinem rationis: similiter & contingit in homine. Et secundum hoc iuxta determinationem philosophi in
521 2965 2298 3040 vii. &. viii. metaphysicae, vnitas definitionis & definiti secundum esse quiditatiuum aequaliter saluatur
516 3021 2296 3090 in homine & in quocumque alio. lta quod ex determinatis ibi, nihil valet quicquid argui possit contra plura
522 3077 2290 3137 litatem formarum in homine secundum esse naturae. PER haec patet ad primum illorum obiectorum: dicendo quod non
523 3129 2303 3189 obstante pluralitate formarum in homine secundum esse naturae, per eandem rationem in esse
523 3175 2312 3254 quiditatiuo praedicantur de ipso genus & differentia: sicut & de aliis: licet ab vna forma simplici
523 3236 2303 3327 sumantur in aliis: in homine vero a pluribus simul modo praedicto. PER idem etiam patet
