2425 3682
165 274 1931 361 virtute diuina prodierunt in effectum ad producendum haerbas, plantas, & animalia, secundum quod
178 337 1924 414 dicit in cap. praecedenti: comparando semina secundum illud secundum genus causae quo prima mundi ele-
154 400 1904 472 menta dicuntur semina aliorum ad semina secundum quartum genus causae, quae materi alia principia pro
162 447 1921 506 ducta ex rebus quae sunt in tertio genere causae, dicuntur semina eorum quae modo generantur. Alia (in
164 501 1927 569 quit) sunt enim semina haec iam perspicua oculis nostris ex fructibus & animantibus. Alia vero illa oc
164 561 1927 618 culta seminum semina. Vnde iubente creatore produxit aqua prima natatilia: Terra autem sui generis
164 609 1916 678 prima germina: & prima sui generis animalia. Neque enim tunc in huiusmodi foetibus producta sunt
168 667 1911 731 vt in eis quae producta sunt vis illa consumpta sit, ne scilicet maneat adhuc in eis a quibus producta
156 709 1919 776 sunt. Et quamuis ita sit: tamen sicut per illa semina ex illis primis elementis non processerunt prima re
159 764 1915 831 rum indiuidua sine speciali iussu dei, nec procedere potuerunt: sic nec modo per illa semina: si tamen ibi
161 828 1915 886 aliqua sunt ex illis elementis, vel sine speciali dei iussu, qui est opportunitas quaedam, vel ex aliqua
154 873 1928 933 alia opportunitate naturali, vt impressione aliqua facta a corpore caelesti ad generationem mixto-
157 931 1913 1002 rum inanimatorum. Vel etiam aliquorum animalium, secundum quod dicit ibidem. Nisi talis aliqua
158 983 1913 1059 vis esset in istis elementis, non plerunque nascerentur ex terra quae ibi seminata non essent. Intellige
159 1034 1915 1106 secundum quartum genus causae praedictum. & sequitur. Neque similium tam multa nulla ma-
152 1091 1919 1149 rium foeminarumque commixtione praecedente, siue in terra, siue in aqua: quae tamen crescunt: &
153 1145 1918 1213 coeundo animalia pariunt, cum illa nullis coeuntibus parentibus orta sint. Incertae apes semina
152 1194 1913 1263 filiorum suorum non coeundo suscipiunt, sed tanquam sparsa per terras ore colligunt. Vel elementis
161 1247 1913 1311 deductis in forma mixti in cibo animalis impressione facta ab ipso in illo, vt fiat semen generandae
156 1301 1917 1354 sobolis per propagationem: vt sic generaliter omnium seminum proximorum in mixtis sunt prio-
153 1361 1914 1418 ra semina in elementis. secundum quod sequitur. Inuisibilium enim seminum creator ipse creator est
157 1413 1907 1482 omnium rerum: quoniam quaecunque nascendo &c. sicut supra. Et accepta tali opportunitate tunc
154 1459 1909 1534 primo sicut matres grauidae sunt &c. vt supra. Sicut enim matres concipiendo proprium semen
159 1522 1909 1584 propter imperfectam rationem seminalem in ipso non possunt fieri grauidae sine opportunitate accepta
157 1575 1911 1632 a semine virili: sic mundus non potest esse grauidus ex ratione seminali quae est ex creatione in primis elementis, nisi
152 1630 1920 1691 opportunitate accepta ex aliis causis iam dictis. Qua accepta, adhibitis naturalibus causis partus artifi
158 1675 1908 1744 cialiter potest accelerari ad foetum, & per homines, & per angelos bonos & malos, secundum quod determinat
160 1733 1915 1802 Augustinus idem tertio de Trinitate, capitulo octauo & nono per totum. Quia tamen omnia ista
154 1785 1913 1845 principia, & agentia, & materialia non habent esse, neque conseruari in esse, neque vires suas nisi a deo
161 1838 1913 1898 ipsa in primis operibus creante: ideo quae per haec fiunt deo tanquam creanti attribuuntur, secundum
148 1895 1911 1956 quod ea ei attribuit Augustinus cum dicit duodecimo de Ciuitate dei, capitulo vigesimo sexto. Cum
150 1947 1908 2007 alia sit species quae adhibetur extrinsecus, sicut operantur homines, & effigiant formas similes cor
148 1996 1903 2061 poribus animalium: alia quae intrinsecus efficientes causas habeat de supradicta: illa species arti
151 2055 1912 2112 ficibus quibusque. tribuatur: haec autem alteri non, nisi vni artifici & creatori & conditori deo. Quid
154 2106 1908 2165 postquam declarauit inducendo in multis generationibus naturalibus, in fine capituli concludit di-
152 2159 1908 2223 cens. Quapropter si in illa specie quam forinsecus corporalibus opifices rebus imponunt, vrbem
156 2207 1906 2280 Romam, & vrbem Alexandrinam non fabros, non architectos, sed reges, quorum voluntate, consi
153 2263 1905 2327 lio, & imperio fabricatae sunt: illam Romulum, illam Alexandrum dicimus habuisse conditores
156 2321 1908 2384 quanto potius non nisi deum debemus conditorem dicere naturarum: qui neque ex materia facit aliquid
156 2369 1904 2432 quam ipse non fecerit, neque operarios habet nisi quos ipse creauit: Et si potentiam suam, vt ita di-
155 2426 1900 2489 cam, fabricatoriam rebus subtrahat, ita non erunt sicut antea quam fierent non fuerunt. Quis enim
150 2483 1903 2547 alius creator est temporum nisi qui fecit ea quorum motibus currunt ipsa: Ecce quam manifeste dicit
156 2535 1899 2596 deum facere siue creare illa quae dicimus fieri ex causis naturalibus: quia ipse eis dedit vt agerent
152 2581 1897 2653 non quin ipsae res naturales virtutibus sibi inditis sunt proximae causae rerum naturalium & for
156 2641 1897 2703 marum earundem: quemadmodum artifices sunt proximae causae formarum artificialium. Et secundum hoc
156 2700 1906 2764 exponenda sunt dicta Augustini, vbicunque attribuit. productionem formarum naturalium deo per
152 2742 1902 2809 creationem. Peruenit enim (ut dicit Augustinus tertio de Trinitate capitulo secundo in fine poten
150 2801 1898 2868 tia voluntatis dei per creaturam spiritualem vsque ad effectus visibiles atque sensibiles creaturae corpo
146 2851 1902 2911 ralis. Vbi enim non operatur sapientia dei omnipotentis quod vult: quae pertingit a fine vsque ad finem forti-
153 2902 1895 2973 ter & disponit omnia suauiter, vt dicitur Sapientiae quarto. Et secundum hoc, vt causae primae omnia quae
144 2956 1902 3019 fiunt naturaliter deo vt creatori tribuenda sunt: vt causis tamen proximis, rebus naturalibus, vt aparte
147 3007 1903 3067 determinat Augustinus in cap. proximo sequenti. & secundum hoc procedit sua determinatio vlterius per totum
150 3062 1902 3134 librum: vbi attribuit deo & creationi quaecunque fiunt in rebus naturalibus ex principiis seminali-
139 3112 1911 3208 bus. ASPICIENDO igitur ad iam declarata, rationes seminales ponere debemus primo in ele-
