2449 3755
488 302 2266 406 quiditatiuo componitur ex materia vt est sub ratione incompleta formae generis contenta: & differem
490 402 2266 460 tia vt est complementum tanquam ex potentia & actum: ita quod in esse quiditatiuo genus est potentia species
492 442 2265 511 composita: ex quo vt de potentiali extrahitur species composita, quasi per rationalem generationem
490 501 2265 572 differentiae in specie per se generata. & secundum hoc haec duo quae sunt potentia & actus, dant esse rei quod signi
494 558 2267 629 sicat definitio in omnibus rebus habentibus materiam & formam: vt in definitione circuli quod est figura
488 615 2266 685 plana: figura est quasi materia, &de plana quasi forma. Et dicit quasi: quia genus non nominat solam ma
492 671 2259 735 teriam: sicut nominat eam id quod est in potentia compositum in generatione naturali: sed nominat ma
493 725 2264 796 teriam cum forma sub ratione incompleti. Propter quod dicit philosophus in quinto Metaphysicae quod genus
489 784 2260 851 est pars formae. Forma autem speciei, vt dicit commentator, diuiditur in genus & differentiam: ita quod licet
491 833 2267 901 forma in esse naturae non habet partem & partem: habet tamen in esse rationis: quod est accidentale respectu esse na
492 900 2263 964 turae: & accidit formae vt natura est in esse naturae, quod habeat rationem formae generis & differentiae.
508 942 2263 1001 Propter hanc tamen diuersitatem distinguuntur in quinto Metaphysicae, diuersi modi partium eius-
495 1005 2266 1076 dem compositi, scilicet quod partes sunt illa in quae diuiditur totum: vt forma: & habens formam: & etiam
494 1061 2261 1130 illa quae sunt in definitione. Vbi etiam dicit commentator: quod forma secundum quod est genus, & differentia
502 1118 2263 1182 differunt a formis secundum quod sunt formae. Illas enim esse genus aut differentiam: accidens est quod
504 1173 2261 1237 accidit eis. Ex quo patet: quod ex magna ignorantia procedit quod propter diuisionem formae secundum
504 1230 2259 1294 partes in esse rationis & quiditatiuo, penes completum & incompletum, ponunt aliqui consimilem
500 1278 2260 1343 eius diuisionem siue partitionem in esse naturae, & generationis naturalis: vt scilicet forma sub esse in
506 1336 2255 1405 completo sit in materia naturali secundum esse naturae principium seminale ad formam compositi
502 1394 2253 1462 acquisitione complementi per generationem naturalem: quemadmodum forma sub esse incompleto
503 1450 2259 1514 est in materia secundum esse rationis considerata in genere: ex qua in esse rationis appositione diffe-
497 1502 2248 1571 rentiae acquiritur esse perfectum formae speciei. Vt secundum hoc exponant illud quod dicit commen
501 1557 2263 1627 tator super illud secundi Metaphysicae. Quoniam in fundamento &c. falso, & contra intentionem com
488 1614 2266 1684 mentatoris, ad suam opinionem confirmandam illud adducendo. Quomodo autem vere exponi de-
493 1666 2262 1735 bet dictum illud, habitum est in quaestione praecedenti. Quia autem illorum expositio omnino repugnet
484 1725 2257 1794 dicto & intentioni commentatoris: patet ex hoc: quoniam si ita esset vt dicunt: tunc materia vt subiectum ge
487 1780 2260 1846 nerationis naturalis, non differret a genere: immo ipsa esset genus: quia non est subiectum generatio-
491 1840 2253 1906 nis secundum illos materia nuda absque omni forma & completa & incompleta: sed esset informata for
495 1894 2261 1958 ma incompleta, quae est forma generis secundum ipsos: cui expresse contrariatur ipse in illo dicto
486 1940 2261 2004 suo. dicit enim sic. In principio ex quo est generatio, scilicet in principio secundum materiam, non de
492 1991 2257 2065 bet esse aliquid omnino eorum quae generantur ex eo in actum. Quoniam si ex eo fiunt omnes disposi-
491 2049 2260 2117 tiones substantiales & accidentales: & generatio non est ex eo quod est ens: sed ex eo quod est non ens: ma
479 2115 2272 2177 nifestum est quod illud principium non debet esse in aliqua dispositione: neque secundum accidentalem:
488 2166 2265 2233 neque secundum substantialem, quoniam si diceretur de eo aliquod istorum: tunc esset antequam generare
488 2222 2259 2282 tur. Manifestum est enim quoniam non generaretur nisi quod non est: & ideo necesse est, vt in eo sit ne-
489 2267 2262 2344 gatio omnium formarum, id est quod cum eo non admisceatur aliqua natura. Vnde super hoc fundatae
489 2323 2262 2397 sunt rationes nostrae contra eos superius inductae: vt patet inspicienti. Vnde etiam ex hoc eodem ibi-
489 2385 2260 2450 dem aperte impugnat eos commentator subdens. Quoniam si ita esset: tunc entia essent species: & ma
491 2438 2262 2502 teria esset genus eorum, quod falsum est. quia secundum quod subdit, genus est aliud a materia. Ge-
492 2488 2261 2557 nus enim est forma vniuersalis: materia autem secundum quod in ea non debet esse aliquid in actum om-
488 2550 2266 2617 nino, ex eis quae recipit nullam habet formam omnino: neque vniuersalem. Et est similis generi: sed dif-
488 2601 2266 2665 fert a genere: quia est vna numero in multis: secundum quod esse eius est in potentia. Genus autem est
493 2652 2259 2725 vnum media forma inter actum & potentiam. Et ideo genus praedicatur de pluribus speciebus & in
490 2705 2263 2774 diuiduis earum: materia autem non potest praedicari de speciebus generatis ex ea. & hoc ideo maxi-
494 2763 2263 2830 me: quia etsi esset in ea forma seminalis: vt dicunt: ipsa non esset nisi indiuidua & vna numero: quia ma
492 2813 2263 2886 teria non recipit nisi formas indiuiduales: vt dicit super tertium de Anima: & ita re differret a forma
492 2868 2261 2939 superaddita in specie: & esset in specie formarum aggregatio: quarum vna de alia non praedicatur:
494 2920 2254 2989 quare neque de toto. sicut enim pars non praedictatur de parte: sic neque de toto. Sed genus prae-
493 2969 2266 3042 dicatur propter communitatem quae est secundum esse rationis. Intellectus enim siue ratio recipit
499 3031 2265 3084 formas vniuersales: vt dicit super tertium de Anima. EX quo patet quam erroneum est dicere: dictum
500 3079 2262 3145 illud rationi congruere, scilicet quia materia est in potentia, & de singulare in actum, & vniuersale est simi
503 3133 2263 3189 liter in potentia ad singulare in actum. Patet enim ex dictis quam aequiuoce materia est in potentia.
505 3187 2258 3249 in esse naturae: & genus siue vniuersale in esse rationis. Nec deberet talis aequiuocatio decipe-
499 3235 2266 3332 re viros industrios. EX quo etiam patet quam absurdum sit. dicere quod dictum illud concordat
