2379 3621
149 271 1892 381 sibi per vltimam mutationem motus praecedentis determinatus gradus secundum sursum & deorsum inter
154 352 1871 425 centrum & circunferentiam: qui & respectu centri dicitur sursum & respectu circunferentiae dicitur deorsum. Con
158 413 1877 476 similiter hic puta in caliditate extensa virtualiter inter summum eius quod habet in igne. Ignis enim vt di-
150 465 1882 527 cit philosophus in ii. meteoro. est in fine caliditatis: & inter imum quod habet in corpore minime susceptiuo
154 515 1875 591 caloris per naturam, sunt infiniti gradus in potentia signandi: quorum quilibet respectu summi & eorum gra-
158 569 1864 637 duum qui sunt summo proximiores dicitur minus intensum & minus calidum, & magis respectu imi & eorum quae
152 624 1877 684 sunt ei proximiores. lta quod in intermedio aliquo gradu intensionis signato in actu inter illum & summum
151 677 1879 737 aut imum, sunt infiniti gradus intensionis in potentia signandi secundum magis intensum & minus. Simili-
153 728 1876 792 ter inter quoslibet duos gradus actu signatos in medio inter summum & imum. Et propter hoc omnis transsa
155 781 1869 842 tio alterationis inter summe calidum & minime calidum eius quid calore afficitur est secundum motum calefa-
154 832 1871 899 ctionis continuum acquirendo sibi calorem secundum plus quousque cesset motus: aut in summe calido: aut in mi
159 887 1872 957 nime calido: aut in aliquo gradu intermedio signato, qui sibi est iam actu acquisitus per vltimam muta-
154 937 1882 994 tionem: qui est terminus motus praecedentis. Qui quidem dicitur minus calidus respectu summi: & magis respe
155 992 1876 1062 ctu imi. Et est hic aduertendum: quod sicut in longitudine dicta extensa mole inter centrum & circunferentiam
160 1048 1876 1106 cuius vnus punctus in vna extremitate centralis est: alter autem punctus eius in alia extremitate cir-
149 1098 1877 1152 cunferentialis est: duo est considerare: scilicet essentiam siue naturam ipsius longitudinis, quae quantitas quaedam
154 1151 1873 1218 est: & rationem situs siue ordinis partium in toto & inter se: quae est differentia quaedam quantitatis. secundum quod diuiditur
155 1204 1878 1268 quantitas in quantitatem positionem habentem & non habentem positionem, a philosopho in praedicamentis. Consimiliter in ca
158 1258 1875 1320 liditate virtute secundum rationem intelligendi inter summum & imum in calore: vt cuius vnus terminus sit
160 1311 1879 1382 imum: alter vero summum: duo est considerare: scilicet essentiam & naturam ipsius caliditatis, quae est quali
159 1372 1874 1437 tas quaedam: & rationem intensionis & remissionis: quae sunt quasi gradus: & ordo partium perfectionis & vigoris
163 1428 1876 1484 quae est differentia quaedam qualitatis: secundum quod qualitas diuidi potest in qualitatem habentem intensionem & non
155 1475 1872 1538 habentem: quemadmodum quantitas in habentem positionem, & non habentem. Et sicut in illa longitudine secundum quod longi
158 1526 1872 1582 tudo est considerantur magnum & paruum secundum partes extensionis molis: & secundum hoc in natura & essentia
160 1582 1875 1645 longitudinis consideratur comparatio secundum maius & minus: vt dicatur maior linea quae intelligitur inter alterum
159 1629 1875 1700 terminorum & signum medium inter extrema: quam illa quae intelligitur inter alterum extremorum & signum inter ipsum
161 1687 1878 1738 extremum & medium: secundum vero quod situata est considerantur in ea magis & minus secundum signa si
157 1736 1876 1803 tuationis sursum & deorsum, vt dicatur signum vnum signatum magis sursum, vel minus quam alterum: secun
154 1793 1883 1851 dum quod est propinquius vel remotius signo quod est simplicitur sursum: aut signo quod est simpliciter deor
154 1844 1877 1914 sum: & accipimus hic sursum & deorsum, secundum quod sunt essentiales termini dimensionis siue quanti
152 1903 1879 1972 tatis vnius habentis positionem partium in toto: non autem secundum quod sunt termini positionis siue situs se-
155 1956 1874 2013 cundum locum: quia sic sunt accidentia quantitatis locatae, & differentiae essentiales positionum diuersarum spe
156 2012 1875 2070 cie: priori autem modo non sunt differentiae sed partes vel signa distinctiua partium integralium eius di
166 2066 1878 2131 mensionis siue quantitatis secundum numerum: consimiliter in ista caliditate secundum quod caliditas est con
164 2116 1874 2176 sideratur magnum & paruum secundum partes virtutis: vt secundum hoc in essentia & natura caliditatis com-
153 2167 1870 2230 sideretur comparatio secundum maius & minus: vt dicatur maior caliditas quae intelligitur in gradu qui mi-
164 2229 1882 2288 nus distat a summe calido: & minor quae intelligitur in gradu qui magis distat. Non dico distantia
158 2277 1881 2345 situali quae non est nisi eius quod est magnum mole: sad distantia naturali quae est eius quod est magnum
159 2342 1883 2399 non mole: sed bonitate virtutis. & hoc secundum duplicem perfectionem. Quarum vna consistit in na
159 2385 1874 2453 tura & essentia rei: alia vero in potentia eius operatiua. Quarum prima, proprie appellatur naturalis
153 2443 1879 2504 bonitas: secunda vero naturalis vigor. De prima dicit Augustinus in quinto de trinitate capitulo
163 2499 1872 2558 octauo. In his rebus quae non mole magnae sunt, hoc est maius esse quod est melius esse. De secunda ve
160 2540 1877 2611 ro dicit in nono de trinitate capitulo. iiii. Vita quaelibet corpore quolibet maior est non mole: sed
162 2596 1872 2654 vi. Et potest addi simile verbum illi quid prius. In his enim rebus quae mole magnae non sunt, hoc est ma
162 2647 1872 2706 ius esse quod est vigorosius esse. Secundum vero quod caliditas ipsa habet in se perfectionem in na-
164 2703 1874 2755 tura & vigore, consideratur in ea magis & minus secundum signa & gradus persectionis ma-
162 2753 1873 2816 ioris et minoris: vt dicatur secundum signum siue secundum gradum vnum caloris maior quam
154 2804 1879 2863 secundum alterum: secundum quod plus vel minus distat simpliciter a calore qui est in summe cali-
165 2859 1873 2921 do, non dico distantia situali: sed virtuali vt prius. Et est hic secundum hoc aduertenda diuersi-
154 2912 1877 2974 tas & conuenientia partium totius integri per extensionem, et totius virtualis per perfectionem.
150 2961 1873 3030 lbi enim est pars extra partem secundum rem et naturam: & minor pars aut est extra maiorem:
156 3027 1875 3088 aut maior continet in se minorem cum quadam alia, vel quibusdam aliis: quarum vna est extra
149 3072 1877 3140 aliam. Hic vero est totum idipsum simplex in re: nec habet partem extra partem: aut partem in parte:
153 3117 1881 3202 sed in simplici habet gradus perfectionis contentos virtute. lta quod sicut vna quantitas molis
