2216 3603
29 328 1748 412 sed solum id cuius principium est extra, vim inferens passo non conferente, sed in contrarium agente. Sed fuit eo-
45 403 1744 452 rum opinio quod naturali motu quo sequaeretur dispositionem corporum caelestium ageretur ad volendum. & est opinio
41 450 1745 508 ista contraria omni philosophiae non solum Theologiae. Tollit enim omne meritum, deliberationem, consilium, admonitionem, ex
45 505 1742 562 hortationem, & caetera huiusmodi. Vnde contra istam opinionem dicit philosophus in iii. ethicor,m quod virtutes & malitias non
47 558 1749 620 habemus in alia principia reducere praeter ea quae in nobis: quorum autem principia in nobis: & hoc in nobis: & volum
47 612 1736 675 taria quibus testantur ea quae fiunt a legislatoribus. puniunt nm & cruciant operantes mala: bona autem operantes ho
44 672 1743 732 norant: velut hos quidem prouocantes: hos autem prohibentes. & quaecumque neque in nobis sunt, neque voluntaria
41 721 1735 786 nullus prouo: at operari: puta non calefieri positum ad ignem: vel non dolere laesum: vel non esurire famelicum. Nihil
45 774 1732 838 enim minus patiemur hoc. Si autem ponamus seorsum voluntatis appetitum: & seorsum rationis iudicium: hoc ma
43 825 1738 895 gis pertinet ad quaestionem qua quaeritur, an tunc voluntas habeat liberam electionem cum iudicio: vel contra iudicium ratio
37 888 1734 948 nis, vel non: sed necesse sit eam adhaerere iudicio rationis siue recto, siue erroneo. Quia voluntas sic accepta
38 937 1741 998 necessitetur per violentiam alicuius quid eam de non volente faciat volentem, hoc a nemine ponitur: quia omnino repugnat
45 990 1736 1056 libertati eius. & est contra philosophum, vt iam dictum est. Si ergo necessitatem habet volendi aliquid, oportet quod
38 1039 1737 1103 hoc sit necessitate motus naturalis alicuius figentis ipsum in volitum. Quid autem circa hoc sentiendum sit, con-
38 1087 1731 1150 siderandum est. Cum igitur vt dicit Damas. impossibile est substantiam expartem esse naturali operatione, sicut in re
46 1140 1734 1213 bus aliis est aliquod principium actiuum propriarum operationum, ita & in homine: quodquidem est voluntas. Princi
42 1200 1737 1271 pium autem actiuum multipliciter est in rebus. Est enim quiddam principium actiuum pure naturale ex naturali in
38 1263 1735 1316 clinatione ad actum sine omni cognitione: sicut grauia mouentur de necessitate deorsum, & leuia sursum
48 1302 1738 1377 Tale principium non potest dici voluntas, quia non agit sine cognitione praecedente, vt dictum est. Est autem & aliud
45 1362 1740 1428 principium actiuum naturale ex naturali impetu in actum: cognitione tamen aliqua praecedente: sicut est appeti
49 1422 1735 1483 tus sensitiuus in brutis ex naturali iudicio aestimationis. Quis enim videns lupum naturali iudicio iu-
51 1467 1744 1527 dicat esse fugiendum: & non potest iudicare non esse fugiendum: & sequitur necessario naturalis appetitus
49 1519 1733 1585 fugiendi, & fugit si potest: nec potest non prosequi iudicium naturale aestimationis. propter quid dicit Da
60 1582 1734 1646 mascenus, quod irrationabilia non sunt liberi arbitrii. aguntur enim magis a natura quam agant, & non contradicunt
56 1628 1732 1698 naturali appetitui: sed simul cum appetierint quendam impetum faciunt. vnde irroinabilia neque laudantur, neque vi
50 1683 1734 1747 tuperantur. Tale igitur principium actiuum non potest dici voluntas in homine: quia vt dicit Damasc, homo ratio
43 1739 1734 1803 nale ens magis agit naturam quam agatur. si quidem velit, habet potestatem refraenandi appetitum, vel sequi eum:
41 1787 1740 1854 & ideo laudatur, vel vituperatur. Vnde vt dicit idem ibidem, & appetitus est irrationalis irrationabili
44 1851 1743 1910 um, & aguntur a naturali appetitu. & ideo voluntas non dicitur irrationabilis appetitus neque consiliatio. Vo
40 1890 1742 1960 luntas enim est rationalis & liberi arbitrii naturalis appetitus. in omnibus enim rationabilibus entibus ducit
41 1953 1730 2022 magis rationabilis appetitus quam ducitur: & hoc libero arbitrio. ClRCAquid adhuc tota vis quaestionis
49 2014 1727 2074 vertitur, penes quid consistit illa libertas principaliter, an penes intellectum, an penes voluntatem. Quidam enim opi-
41 2055 1738 2127 nantur quod quia in homine iudicium istud circa particularia operanda non est ex naturali instinctu, sicut in brutis: sed
41 2128 1732 2181 ex collatione quadam quae potest in diuersa ferri: quod ideo homo dicitur agere libera voluntate: quia potest in illa di-
49 2174 1742 2235 uersa secundum rationis determinationem inclinari: quamquam voluntas ipsa non possit se diuertere ab eo quod intellectu
45 2218 1729 2278 & ratione iudicatum est. vt sic naturam liberi arbitrii consideremus ex electione includente liberum discursum rationis
40 2272 1735 2336 in qua ex parte intellectus & rationis requiritur consilium per quod diiudicatur quid sit alteri praeferendum. Ex parte autem voluntatis
49 2336 1735 2397 quod acceptetur id quid consilio iudicatu est: ita quod voluntas non possit obuiare non appetendo id quod ratio praetulit:
42 2380 1739 2454 vt sic voluntatis actus sit quaedam inclinatio, consequens de necessitate formam intellectus determinati per iudicium
43 2435 1736 2488 sicut appetitus naturalis in brutis per cognitionem: vel in naturalibus sine cognitione est inclinatio sequens
41 2482 1736 2552 formam naturalem in naturalibus, vel formam delectabilis apphensam in brutis: ex quibus necessario sequitur
42 2546 1735 2608 actio. Sed in hoc solum est differentia: quod forma naturalis, quia de se est in actum, actu semper mouet: & quia fine co
47 2600 1740 2658 gnitione & apprhensione, ad vnum tantum mouet, vt forma grauis deorsum nisi sit impedita. sed appetitus
44 2645 1737 2713 brutalis: quia non mouet nisi per cognitionem, non mouet de se nisi cognitione sensitiua informata specie ap
45 2707 1740 2766 petibilis & delectabilis: nec mouet ad vnum determinate: quia diuersis speciebus diuersorum delectabilium
43 2759 1736 2817 pont cognitiua sensibilis informari. Sed in hoc differt a voluntate, quia appetitus sensitiuus statim mo
40 2809 1740 2872 uetur per impetum ad id quid magis apperet delectabile sensui sine omni collatione habita de apprhensis. Voluntas
44 2850 1741 2927 autem non necessario mouetur ad aliquod apprehensorum nisi facta collatione apprhensorum in iudicio rationis: sed
46 2914 1734 2972 collatione & deliberatione habita & sententia consilii apud intellectum firmata: tunc necesse est primo vo
48 2957 1743 3027 luntatem sequi per appetitum id quid melius iudicatum est consilio rationis, & inclinari ad illud: vt in tali puncto
47 3013 1740 3071 actus voluntatis sit inclinatio quaedam naturalis sequens formam intellectam, sicut appetitus naturalis
50 3056 1741 3129 est inclinatio quaedam naturalis consequens formam naturalem, & appetitus brutalis est inclinatio quaedam con
45 3100 1744 3194 sequens formam delectabilis apprehensama sensu: ita quod solum pro tanto homo dicatur esse liberi arbitrii
53 3155 1750 3266 quia motus voluntatis non est ex pura inclinatione naturali: sicut est motus formarum naturalium
