2491 3705
458 213 2255 341 CONtra, tunc angelus esset naturaliter transmutabilis circa materiam secundum suam formam, quia mate
461 301 2276 386 ria secundum philosopum, est principium omnis transmutationis. ALIquorum erat opinio quam tenet Anicebron
462 368 2256 456 in libro fontis vitae, quod omnia citra primum, cuiusmodi sunt omnia creata, habent materiam. Cuius ratio vna
465 410 2263 498 est ex natura generis iam posita. Et alia erat proprietas subiecti & recipientis: quae non est nisi a materia
474 458 2267 564 quia secundum Boetium de trinit. Forma simplex subiectum esse non potest. Angelus autem receptiuus est multarum
475 514 2258 602 dispositionum vt subiectum. Et tertia ratio erat quod vnus angelus conuenit cum alio angelo secundum
474 562 2275 653 rationem esse substantialis indeterminati: & differt ab eo secundum rationem, proprii esse determinati. Ratio autem
477 622 2262 706 indeterminati sicut & ratio infiniti non est nisi a materia: quemadmodum ratio determinationis & finiti
473 675 2266 750 est a forma. SClendum est ergo: quod quidam ponebant materiam in omnibus: & dicebant eam vnius rationis: de quo-
483 726 2273 826 rum numero videtur esse Anicebron, quid patet ex rationibus quae vniformiter omnia complectuntur. Quidam autem
489 784 2272 879 ponunt materiam in corporalibus tantum: sed dicunt eam eiusdem rationis in omnibus in quibus inuenitur: eo quod cum
488 835 2276 920 materia secundum se sit quoddam ens in potentia tantum, nullam actualitatem habens: non potest esse in materia secun
485 889 2271 982 dum se aliquid: vnde vna possit ab alia differre. Alii vero ponebant materiam in corporalibus tantum: sed diuer-
495 941 2267 1036 sae rationis in diuersis. Sed quod nec prima opinio nec secunda potest stare, declaratur per hoc quid dicit Commenta
496 1005 2268 1090 tor supe finem primi physicorum, secundum mentem philosophi: quod trasmutatio docuit materiam. Vnde & dicit in se-
494 1050 2271 1139 cundo metaphysicae, quod oportet imaginari primam materiam in re mota. vbi est ergo vniformis ratio ma
494 1103 2275 1201 teriae, & transmutationis. Cum ergo materia in elementis & elementaribus sit transmutabilis per naturalem
492 1162 2266 1247 generationem secundum formas ab vna in alteram: & cum est actu sub vna est in potentia ad omnes alias: eadem
505 1216 2268 1301 ergo materia transmutabilis esset a forma elementi in formam caeli aut angeli & econuerso: quod
502 1277 2276 1350 aperte falsum est. ergo &c. Ergo cum a nulla harum formarum fiat transmutatio ad alteram: non est er
504 1317 2270 1413 go materia sub forma elementi eiusdem rationis cuius est illa quae est sub forma caeli: neque aliqua ista
503 1384 2277 1462 rum est eiusdem rationis cum illa quae est sub forma angeli. Sed dices: reuera materia cuiuslibet ho
498 1424 2275 1505 rum est in potentia ad quodlibet: sed deficit agens naturale quod potest formam educere. CON-
507 1474 2270 1558 tra. tunc inuanum & frustra esset ibi potentia: vel deficeret aliqua vis actiua naturalis quae esset de
506 1534 2276 1628 perfectione vniuersi: cum de perfectione vniuersi sit vt cuilibet passiuo respondeat proprium acti-
511 1586 2272 1671 uum. Vnde & philosophus ponit pro impossibili in secundo caeli & mundi: quod stellae sint factae mobiles
504 1645 2280 1723 motu progressiuo: cum natura non dedit eis, propria instrumenta necessaria ad huiusmodi motum.
506 1694 2276 1778 Si ergo in illis omnibus sit materia, necessario oportet quod sit rationis diuersae non vnius. Propter quid
510 1747 2289 1830 dicit philosophus in vndecimo metaphysicae: quod omnia quae transmutantur habent materiam, sed
507 1803 2274 1882 diuersam. lta quod secundum diuersitatem transmutationis oportet iudicari diuersitatem materiae.
518 1858 2279 1935 Propter hoc ergo illa quae non transmutantur secundum substantiam & formas substantiales, non
508 1909 2278 1999 habent materiam qualem habent elementa & elementaria: vt angeli & corpora caelestia. secun-
520 1959 2280 2045 dum quod dicit philosophus in octauo metaphysicae. Nuilum eorum quae non corrumpuntur modo
513 2026 2281 2102 simplici, est in potentia modo simplici. vbi dicit Commentator. Nuilum eorum quae non corrumpun
518 2070 2293 2149 tur secundum substantiam, habent potentiam quod substantiae eorum corrumpantur. Quare neque materia cui com
519 2122 2287 2213 petit talis potentia, cum esse materiae in potentia consistit. Materia enim substantificatur per suum posse: vt di
519 2177 2285 2256 citur in de substantia orbis. Propter quid philosophus in primo caeli & mundi remouens a corporibus caelestibus
521 2227 2285 2310 materiam elementorum, dicit quod non habent materiam: quia essent generabilia & corruptibilia. & super finem
519 2284 2282 2366 decimi metaphysicae dicit Commentator. Si corpus incorruptibile est compositum ex materia & forma, dicetur
532 2336 2287 2428 aequiuoce cum materia & forma generabilis & corruptibilis. Et propter idem cum angeli non trasmutantur
525 2391 2290 2473 motu locali secundum vbi, quemadmodum caelestia corpora: vt in sequenti quaestione apparebit: non habentta
529 2455 2292 2532 lem materiam qualem habent corpora caelestia. de quorum materia dicitur in. viii. metaphysicae quod non est in poten
536 2504 2297 2574 tia nisi sit de vbi in vbi. & hoc nihil prohibet vt hoc sit materia. vbi dicit Commentator. Hoc quo cor
538 2551 2288 2639 pus caeleste non denudatur a potentia in vbi: nihil prohibet vt sit materia. haec est enim dispositio materiae.
534 2617 2284 2685 vnde & philosophus in duodecimo metaphysicae loquens de intelligentiis quas nos vocamus ange-
528 2653 2289 2745 los. secundum Auicennam in decimo metaphysicae, dicit. lstae substantiae sunt extra materiam. Conment. Cui
537 2715 2291 2794 non admisceatur potentia neque in substantia neque in loco. DIcunt ergo alii quod angeli habent vnam, propriam rationem
532 2779 2288 2845 materiae. Quod si rationabiliter dicatur: oportet quod secundum iam dicta super hoc nos doceat aliqua transmutatio.
534 2821 2293 2895 Transmutatio autem quam ratione conuicere possumus in angelis: propter quam ratione receptionis ponere pos
529 2876 2297 2953 sumus materiam in eis, propriam: illa non est nisi secundum intellectum & voluntatem, quia illa quae est secundum
530 2928 2298 3011 locum ponitur propter limitationem: quam indifferenter in angelis ponitur siue sint formae purae siue mate
534 2984 2295 3063 riales. Sed hoc non potest docere nos aliqua transmutatio secundum intellectum: quare neque secundum
536 3041 2292 3117 voluntatem: cum actio intellectus magis consistit in recipiendo quam voluntatis. cuius probatio est summa ex ratione opera
531 3088 2301 3173 tionis intellectualis. & hoc per ea quae dicit philosophus circa intellectus nostri immaterialitatem. Cum enim
