2442 3743
216 324 2037 427 lum in loco, dictum est in alio Quolibet in quaestione mota super hoc. Et dictum est ibi quod angelus non
213 398 2029 469 habet per substantiam nisi forte in assumpto corpore & ita per accidens esse in loco vt contentum & circum
227 455 2034 537 scriptum a loco. Hoc enim proprium est magnitudinum extensarum: quae etiam proprie habent moueri
223 509 2023 586 localiter partim existendo in termino a quo: & partim in termino ad quem: vt procedit prima ratio.
227 563 2023 636 quod non conuenit angelis nisi per accidens per corpora quae ab ipsis mouentur localiter per se: si tamen ve
215 627 2015 697 rum sit quod per accidens moueantur & non moueant sine sua mutatione locali. Dico quemadmodum dixe
225 673 2016 755 runt philosophi, intelligentias motrices orbium in mouendo non moueri localiter nec per se nec per
222 731 2009 803 accidens. Alio modo dictum est in dicta quaestione quod dicitur esse aliquid in loco extendendo rationem lo-
222 778 2015 852 ci ad situm: vt dicatur esse in loco quod situm aliquem sibi determinat in loco in quo est nunc vel tunc:
228 832 2018 911 ita quod non alibi. Quod potest intelligi vno modo determinatione facta per applicationem virtutis in
227 895 2017 965 aliquid agendo vbi dicitur situari. Alio modo determinatione siue applicatione facta per substantiam
225 940 2012 1023 solam absque omni applicatione virtutis & operationis. Primo modo dupliciter. Aut naturaliter: aut vo
216 995 2009 1068 luntarie. Primo modo animae habent esse determinatum naturaliter in suis corporibus: per quae de-
214 1048 2015 1129 terminatur eis initium essendi: quae localiter mouentur per accidens motis suis corporibus. Hoc modo an
217 1103 2007 1182 geli dicendi sunt non moueri localiter: nisi quis ponat quod habent corpora sibi connaturalia sicut animae: aut
217 1163 2002 1229 quod diuersi angeli in suo esse naturali diuersis partibus vniuersi determinantur, quibus naturaliter
226 1215 2000 1292 praesideant, & circa quas actiones aliquas naturales exerceant, quibus dirigantur in suum finem, licet
213 1276 2002 1345 non sint forma & perfectio illarum, quemadmodum philosophi posuerunt diuersas intelligentias inclu-
208 1326 1998 1401 sas diu rsis orbibus corporum caelestium. Et vterque horum modorum est impossibilis circa ange
213 1371 2000 1441 los: quia non sunt actus corporum sicut animae: & quia propriae operationes eorum essentiales ab
214 1429 1999 1499 omni substantia corporali abstrahuntur: quae sunt velle & intelligere: ad quae nullo corporali indigent
219 1488 1997 1552 vt organo vel instrumento. Vnde si per applicationem virtutis intelligantur applicari loco, hoc non
218 1533 2001 1607 est nisi quia locus vel situale indiget eius operatione & influentia voluntaria. Hoc enim modo secun
219 1587 1999 1660 dum fidem catholicam angeli intelliguntur mouere orbes caelestes. dicente Augustino octauo de
213 1647 1996 1716 trinitate capitu. iii. Cogitantur angeli mundi spiritus caelestia corpora inspirantes, atque ad arbitrium
220 1699 2000 1772 quo seruiunt deo mutantes atque versantes voluntarie. Ergo angelus potest dici moueri localiter in
210 1751 1995 1823 nouando operationes suas & influentias circa loca & corpora. & hoc vel continue infiuendo ab ex
211 1809 1998 1874 tremo in extremum per totum medium: & sic mouebitur ab extremo in extremum per medium in
210 1861 1988 1928 continuo & tempore. vel alternando influentias modo in vno extremo, modo in altero & non in me
213 1924 1995 1990 dio: & tunc mouebitur ab extremo in extremum sine medio. & hoc vel continuando in vtroque vel
215 1967 1995 2039 altero extremorum opus, vel transferendo opus a signo in signum per atoma temporum. Sed hoc est
210 2026 1993 2103 improprie moueri & per accidens: & est proprie istud moueri eius circa quod operatur angelus, non
209 2082 1982 2156 angeli. Quia huiusmodi motus inquantum respicit angelum actio est, & actus perfecti secundum quod
217 2127 1980 2210 perfectum est. Inquantum vero respicit id circa quid operatur, passio est, & actus imperfecti secundum quod
210 2188 1984 2264 imperfectum est. Et licet in tali operatione angelus non potest vere dici secundum substantiam suam
209 2237 1987 2307 moueri: vere tamen dicitur quod substantia eius est in loco: quia nihil operatur nisi applicatione virtu
202 2298 1987 2363 tis suae circa illud in quod operatur. & hoc non per emissionem eius: sed via generationis & multiplica
209 2349 1987 2423 tionis eius extra se, quemadmodum sol multiplicat lumen & virtutes suas in toto medio: & secundum
207 2396 1985 2481 hoc per virtutem suam habet esse in toto medio. In angelo enim huiusmodi generatiua vis non est
204 2455 1982 2528 ad transmutandum aliquod corporale. Oportet ergo quod applicatio virtutis suae sit per praesentiam sub
202 2498 1973 2585 stantiae suae illi cui eam applicat: vnde per eam illud moueat: & sic operetur modo hic modo ibi:
203 2556 1976 2629 & sit praesens modo hic modoibi: & cum operatur alicubi praesens sit ibi & non alibi. secundum quod vide
210 2615 1981 2693 tur sentire Ioan. Damascenus in praenominata quaestione. Si tamen ita non sit quod per suam essentiam
199 2671 1963 2744 adomnem situm aequaliter se habet dum nihil omnino operatur: immo quod improprie dicatur quod pro-
207 2725 1974 2804 pior sit essentia sua orienti quam occidenti, vel per aequidistantiam se habeat ad ambo: quemadmodum
203 2775 1969 2851 hoc dicitur proprie de quolibet puncto signato in medio: eo quod natura angeli nullo modo secun-
203 2833 1965 2897 dum suam essentiam habet esse prope vel longe: sicut neque albedo habet esse dulcis vel amara: eo
197 2887 1973 2961 quod prope & longe solum nata sunt conuenire situm siue positionem habentibus in natura sua: sicut
194 2946 1974 3006 amarum & dulce saporibus: vt sic angelicus intellectus absque omni operatione circa rem corporalem
193 2993 1971 3070 intelligatur esse in vniuerso sicut pars in toto: quod est vnum non continuatione & situatione sed partium
196 3045 1969 3126 secundum diuersos gradus perfectionis ordinatione respectu vnius finis: & secundum hoc quod substantia angeli non de
196 3103 1965 3176 terminatur loco omnino, sed solum virtus eius applicatur, non per generationem alicuius transeuntis per aliquid in
200 3153 1965 3241 quo vel vbi non sit eius substantia, quemadmodum virtus solis transit per medium: in quo tamen non est eius substantia
