2480 3680
460 275 2262 373 est igitur: quod quaecumque in tota vniuersitate fiunt, a deo fiunt, vel operante mediate vel immediate, aut permit
465 353 2264 420 tente: sed omnia ordinante. dicente Augustino tertio de trinitate. capitulo tertio. Nihil fit nisi dei vo
461 407 2253 482 luntate. Sed plerisque non apparet. Licuit vanitati philosophorum causis aliis ea quae fiunt tribuere:
465 459 2264 528 sed proximis: cum omnino videre non poterant superiorem caeteris causam: id est voluntatem dei.
465 517 2260 596 Et sequitur in capitulo quinto. Illam caelestem atque supernam, vnde peregrinamur, patriam cogite
471 575 2254 640 mus: illic dei voluntas tanquam in excelsa, & sancta, & secreta sede praesidens inde se quibusdam ordina-
473 621 2265 689 tissimis creaturae motibus primo spiritualibus deinde corporalibus per cuncta diffundit: ac per hoc
476 678 2262 742 voluntas dei est prima & summa causa omnium. Nihil enim fit quod non de interiori inuisibili atque
470 741 2262 802 intelligibili aula summi imperatoris aut iubeatur aut permittatur, secundum ineffabilem iustiti-
471 786 2263 855 am praemiorum atque poenarum, gratiarum & retributionum, in ista totius creaturae amplissima
477 849 2267 915 quadam immensaque Republica. Et secundum hoc cuncta relata ad diuinam voluntatem causam ne
484 900 2267 958 cessariam & rationabilem habent inquantum respiciunt regulas inflexibiles iustitiae quae sunt in deo
484 943 2259 1016 quae sunt id quod ipse. Et ita causa rerum qua vult ipsa fieri vel non fieri, inquantum fieri vel non fie
481 998 2265 1080 ri respicit ipsum, non est nisi ipse: nec accipit omnino causam vel occasionem aliunde super quocum
482 1053 2257 1134 quod. Relata vero ad inferiora circa quae fiunt quandoque iuxta cursum institutum rerum naturalium
483 1105 2267 1174 causas determinatas habent naturales & necessarias, quibus fiunt vt semper vel saepe: quae dicuntur cau
475 1176 2261 1229 sae rerum proximae: quas considerauerunt Philosophi: super quas est voluntas dei vt causa prima potens fa
483 1225 2267 1283 cere in singulis aliud quam habent eorum causae naturales: vt habitum est supra in quaestione de causis
485 1269 2260 1335 seminalibus. Quandoque autem habent causas indeterminatas & per accidens: vt illa quae dicuntur fie
479 1328 2267 1399 ri a casu & fortuna: quorum tamen voluntas diuina est causa determinata, & quantum est ex parte sui ne
484 1374 2272 1437 cessaria. luxta illud quod dixit Plato in Timaeo. Nihil est cuius ortum non praecessit causa legitima
483 1436 2271 1499 & necessaria. Et Augustinus primo de Academicis. Nihil aliud in rebus casum vocamus nisi cuius ra-
488 1496 2274 1553 tio & causa secreta est. Quandoque vero habent causas determinatas non necessarias: sed liberas
497 1548 2271 1603 vt illa quae fiunt circa ea quae tangunt liberum arbitrium creaturae intellectualis: quorum vnum est effe
486 1601 2270 1661 ctus praedestinationis: de qua quaestio proposita est. ClRca quam sciendum: quod praedestinatio & nominat ope
488 1656 2274 1716 rationem aeternam diuinae voluntatis: & connotat effectum circa creaturam: vt dictum est in praecedenti quae
485 1698 2278 1765 stione. Inquantum ergo respicit diuinam voluntatem: vt iam tactum est in generali, & ibidem dictum est ma-
500 1759 2272 1831 gis in speciali: nullam causam aliam habet quam ipsam & regulas iustitiae aeternae, quae sunt ipsa. Et quo
493 1824 2279 1876 ad hoc: nec in hoc singulari praedestinato: nec in communi de praedestinatis vlla est causa vel ratio praede-
488 1858 2279 1933 stinationis omnino: neque alicuius omnino quod sit vel non sit. Nec in hoc est differentia in praedestinatione, & in
488 1923 2272 1986 reprobatione, & in quocumque alio actum. Vnde de actu electionis qui includitur in praedestinatione, dicit Augustinus super
494 1975 2273 2039 illud psalmi. xxx. In manibus tuis fortes meae. Sortem dicit quantum ego aestimo gratiam quae salua
491 2025 2273 2092 ti sumus. Nam vbi dicitur iste facit: iste non facit: merita considerantur: electio est non fors. quando
505 2072 2282 2149 autem deus nulla nostra merita inuenit, forte voluntatis suae saluos nos fecit: quia voluit: non quia di
506 2139 2281 2210 gni fuimus. haec fors occulta est in humano genere, veniens de occulta dei voluntate: apud quem
496 2195 2279 2256 non est iniquitas. Non enim personas accipit: sed occulta illius iustitia fors est. ltem supe idem in alio
493 2234 2275 2312 tractatu. Neque vllum video meritum quo de vniuersitate generis humani me elegisti ad salutem. Etsi
509 2291 2280 2359 apud te est iustus & occultus ordo electionis meae: ego tamen quem hoc latet, ad curiam domini mei
506 2346 2270 2410 forte peru eni. Et super illud Coml. primo. Dignos nos fecit in partem fortis sanctorum. Omnia facit
507 2400 2276 2472 per iustitiam etsi occultam. Si ergo causam quaerimus actus praedestinationis in praedestinato, illam
509 2456 2277 2528 solummodo circa ipsam creaturam, vt innuunt praedictae auctoritates, quaerere debemus: inquantum
504 2505 2281 2576 respicit creaturam circa quam fit, & connotat effectum temporalem. Et similiter de quibus-
506 2574 2276 2632 cumque aliis diuinis actionibus: vt sunt electio, praescientia, reprobatio, obduratio, & caetera quae-
497 2616 2281 2684 cunque fiunt circa creaturam: vel aliquid connotant circa ipsam. ET est dicendum: quod generaliter
500 2674 2282 2737 omnium talium ratio est non solum ex parte diuinae voluntatis, quae necessaria est, aeterna, &
501 2726 2276 2792 immutabilis: sed ex parte eius quod habet fieri: licet non necessaria: ex eo scilicet quod non fuisse
509 2776 2275 2855 potuit: vt secundum illam quaecunque fiunt quantum est ex parte creaturae iuste fiant siue mala
500 2831 2273 2899 moris: vel poenae: siue bona: & cum hoc tamen misericorditer quantum est ex parte dei. Vnde
500 2891 2281 2955 super illud psalmi. xxx. Diligit misericordiam & iudicium. dicit Augustinus in originali. Ne putetis
505 2937 2280 3011 fratres quia ista a se possunt in deo aliquo separari modo. Neque enim in misericordia amittit
505 2993 2275 3062 iudicium: neque in iudicio misericordiam. Habet iudicium in ipsa misericordia. Rursum in illo iu
505 3060 2277 3119 dicio habet misericordiam. Sed huiusmodi causa cum dicitur misericordia: aliter poni debet circa
493 3108 2277 3170 malos & damnandos in operibus obstinationis, & reprobationis quo ad mala culpae: aliter vero
503 3163 2282 3239 circa bonos & saluandos in operibus electionis, praedestinationis, & huiusmodi. Illa enim ex parte malorum habent causam
