<?xml version="1.0" encoding="UTF-8" standalone="yes"?>
<PcGts xmlns="http://schema.primaresearch.org/PAGE/gts/pagecontent/2013-07-15" xmlns:xsi="http://www.w3.org/2001/XMLSchema-instance" xsi:schemaLocation="http://schema.primaresearch.org/PAGE/gts/pagecontent/2013-07-15 http://schema.primaresearch.org/PAGE/gts/pagecontent/2013-07-15/pagecontent.xsd">
    <Metadata>
        <Creator>prov=University of Rostock/Institute of Mathematics/CITlab|PLANET AI GmbH/Gundram Leifert/gundram.leifert@planet-ai.de:name=Badius1518-m5(htr_id=23184)::::v=2.6.6
prov=University of Rostock/Institute of Mathematics/CITlab|PLANET AI GmbH/Tobias Gruening/tobias.gruening@planet-ai.de:name=de.uros.citlab.module.baseline2polygon.B2PSeamMultiOriented:v=2.6.6
prov=University of Rostock/Institute of Mathematics/CITlab|PLANET AI GmbH/Tobias Gruening/tobias.gruening@planet-ai.de:name=/net_tf/LA73_249_0mod360.pb:de.uros.citlab.segmentation.CITlab_LA_ML:v=2.6.0
Transkribus</Creator>
        <Created>2019-12-09T23:47:01.225+01:00</Created>
        <LastChange>2020-04-22T16:02:21.950+02:00</LastChange>
        <TranskribusMetadata docId="291873" pageId="11634779" pageNr="309" tsid="28138669" status="IN_PROGRESS" userId="25065" imgUrl="https://files.transkribus.eu/Get?id=CYEKGFOGVRHEJPINHLFUCTHZ&amp;fileType=view" xmlUrl="https://files.transkribus.eu/Get?id=OOSFMJFINSTPAOXOCURCUQLM" imageId="8013820"/>
    </Metadata>
    <Page imageFilename="308.jpg" imageWidth="2439" imageHeight="3725">
        <ReadingOrder>
            <OrderedGroup id="ro_1587600626292" caption="Regions reading order">
                <RegionRefIndexed index="0" regionRef="TextRegion_1581720188787_5905"/>
            </OrderedGroup>
        </ReadingOrder>
        <TextRegion orientation="0.0" id="TextRegion_1581720188787_5905" custom="readingOrder {index:0;}">
            <Coords points="210,361 1993,354 1967,3272 190,3276"/>
            <TextLine id="r2l2" custom="readingOrder {index:0;}">
                <Coords points="211,422 2006,414 1988,338 657,372 212,328"/>
                <Baseline points="223,406 311,405 400,405 488,404 577,403 665,403 754,403 842,403 931,403 1019,403 1108,403 1197,403 1285,404 1374,404 1462,405 1551,406 1639,407 1728,408 1816,409 1905,410 1994,411"/>
                <TextEquiv>
                    <Unicode>condignam propter quam fiunt quantum est ex parte subiecti, sine qua iustitia dei illa fieri non </Unicode>
                </TextEquiv>
            </TextLine>
            <TextLine id="r2l3" custom="readingOrder {index:1;}">
                <Coords points="211,468 1996,475 1941,419 211,422"/>
                <Baseline points="223,458 311,457 399,457 487,457 575,457 663,457 751,457 840,457 928,457 1016,457 1104,457 1192,458 1280,458 1368,458 1457,459 1545,460 1633,461 1721,461 1809,462 1897,464 1986,465"/>
                <TextEquiv>
                    <Unicode>exigeret: licet non sit causa ex parte dei quare ea agat: sed solummodo vt dictum est, sua ipsius</Unicode>
                </TextEquiv>
            </TextLine>
            <TextLine id="r2l4" custom="readingOrder {index:2;}">
                <Coords points="213,526 1990,537 1970,473 213,472"/>
                <Baseline points="225,513 312,513 400,512 487,512 575,512 663,511 750,511 838,511 926,511 1013,512 1101,512 1189,512 1276,512 1364,513 1452,513 1539,514 1627,515 1715,516 1802,516 1890,517 1978,518"/>
                <TextEquiv>
                    <Unicode>iustitia. Illa autem ex parte bonorum: alia circa bonum primae gratiae: &amp; alia circa bonum gratiae</Unicode>
                </TextEquiv>
            </TextLine>
            <TextLine id="r2l5" custom="readingOrder {index:3;}">
                <Coords points="218,587 1990,580 1928,527 218,523"/>
                <Baseline points="229,568 316,567 404,567 491,566 579,566 666,566 754,566 841,566 929,566 1016,566 1104,566 1192,566 1279,566 1367,567 1454,567 1542,568 1629,568 1717,569 1804,570 1892,570 1980,571"/>
                <TextEquiv>
                    <Unicode>vlterioris vsque ad gloriam consummatam. Post primam enim gratiam gratum facientem quodlibet</Unicode>
                </TextEquiv>
            </TextLine>
            <TextLine id="r2l6" custom="readingOrder {index:4;}">
                <Coords points="217,643 1976,646 1952,582 218,585"/>
                <Baseline points="229,622 315,621 402,619 489,619 576,618 663,618 749,618 836,618 923,618 1010,618 1097,618 1183,619 1270,619 1357,620 1444,621 1531,621 1617,622 1704,623 1791,624 1878,624 1965,625"/>
                <TextEquiv>
                    <Unicode>gratiae augmentum in praesenti, &amp; consummatio eius in futuro, causam habet in nobis meriteriam de di- </Unicode>
                </TextEquiv>
            </TextLine>
            <TextLine id="r2l7" custom="readingOrder {index:5;}">
                <Coords points="217,701 1838,707 1980,690 1980,641 217,643"/>
                <Baseline points="227,674 314,673 401,673 488,673 575,673 662,672 749,672 836,672 923,673 1010,673 1098,673 1185,673 1272,674 1359,674 1446,675 1533,676 1620,677 1707,677 1794,678 1881,680 1969,681"/>
                <TextEquiv>
                    <Unicode>gno: opus scilicet elicitum a libero arbitrio in adiutorio gratiae praecedentis vsque ad primam gratiam</Unicode>
                </TextEquiv>
            </TextLine>
            <TextLine id="r2l8" custom="readingOrder {index:6;}">
                <Coords points="218,751 1983,749 1983,696 218,700"/>
                <Baseline points="229,729 316,728 403,728 490,727 577,727 664,727 751,727 839,727 926,727 1013,727 1100,727 1187,728 1274,728 1361,728 1449,729 1536,729 1623,730 1710,730 1797,731 1884,732 1972,732"/>
                <TextEquiv>
                    <Unicode>gratum facientem. Illa enim non habet in nobis causam meritoriam vllam omnino: quia gratis data condo-</Unicode>
                </TextEquiv>
            </TextLine>
            <TextLine id="r2l9" custom="readingOrder {index:7;}">
                <Coords points="212,796 1978,806 1978,748 1880,739 212,749"/>
                <Baseline points="223,784 310,782 397,781 484,780 571,780 658,779 745,779 833,779 920,779 1007,779 1094,780 1181,780 1268,781 1355,781 1443,782 1530,783 1617,784 1704,785 1791,785 1878,786 1966,787"/>
                <TextEquiv>
                    <Unicode>nat peccata: &amp; praecedit primum motum liberi arbitrii meritorium. Dicente Augustino super illud psal.</Unicode>
                </TextEquiv>
            </TextLine>
            <TextLine id="r2l10" custom="readingOrder {index:8;}">
                <Coords points="215,849 1980,856 1918,796 215,796"/>
                <Baseline points="225,835 312,835 399,835 486,834 573,834 661,834 748,834 835,834 922,834 1009,834 1097,834 1184,834 1271,835 1358,835 1445,836 1533,836 1620,837 1707,837 1794,838 1881,839 1969,840"/>
                <TextEquiv>
                    <Unicode>quinti. Scuto bonae voluntatis tuae. Bona voluntas dei praecedit bonam voluntatem nostram vt peccato-</Unicode>
                </TextEquiv>
            </TextLine>
            <TextLine id="r2l11" custom="readingOrder {index:9;}">
                <Coords points="208,909 1985,902 1956,851 1766,841 208,855"/>
                <Baseline points="219,887 306,887 394,888 482,888 570,888 657,888 745,888 833,888 921,888 1008,888 1096,888 1184,888 1272,889 1359,889 1447,889 1535,889 1623,890 1710,890 1798,891 1886,892 1974,893"/>
                <TextEquiv>
                    <Unicode>res vocet in poenitentiam. ldem supe illud psal. xvii. Retribuet mihi secundum iustitiam meam. Bonae volunta</Unicode>
                </TextEquiv>
            </TextLine>
            <TextLine id="r2l12" custom="readingOrder {index:10;}">
                <Coords points="208,953 1974,957 1974,912 1881,901 208,911"/>
                <Baseline points="219,944 306,943 393,943 480,943 567,942 655,942 742,942 829,942 916,942 1003,942 1091,942 1178,942 1265,943 1352,943 1439,943 1527,944 1614,944 1701,945 1788,946 1875,947 1963,948"/>
                <TextEquiv>
                    <Unicode>tis: quae prior tribuit misericordiam antequam haberem bonam voluntatem. Vnde prima gratia datur ex me</Unicode>
                </TextEquiv>
            </TextLine>
            <TextLine id="r2l13" custom="readingOrder {index:11;}">
                <Coords points="217,1017 1984,1011 1984,958 1916,955 217,955"/>
                <Baseline points="228,997 315,997 402,996 489,996 577,995 664,995 751,995 839,995 926,995 1013,995 1101,996 1188,996 1275,996 1362,997 1450,997 1537,998 1624,998 1712,999 1799,1000 1886,1000 1974,1001"/>
                <TextEquiv>
                    <Unicode>ra misericordia. Secunda autem ex iustitia, quia meretur ex prima. Secundum quod dicit Augustinus super illud </Unicode>
                </TextEquiv>
            </TextLine>
            <TextLine id="r2l14" custom="readingOrder {index:12;}">
                <Coords points="217,1068 1983,1065 1947,1009 217,1017"/>
                <Baseline points="229,1051 316,1050 403,1050 490,1049 577,1049 664,1049 751,1049 839,1048 926,1048 1013,1049 1100,1049 1187,1049 1274,1049 1361,1050 1449,1050 1536,1051 1623,1051 1710,1052 1797,1052 1884,1053 1972,1054"/>
                <TextEquiv>
                    <Unicode>psal. septimi. lustum adiutorium meum a domino. Duo sunt officia medicinae. Vnum quo sanatur in </Unicode>
                </TextEquiv>
            </TextLine>
            <TextLine id="r2l15" custom="readingOrder {index:13;}">
                <Coords points="211,1121 1806,1130 1979,1117 1979,1066 211,1070"/>
                <Baseline points="222,1106 309,1105 396,1104 483,1104 571,1104 658,1103 745,1103 833,1103 920,1103 1007,1103 1095,1103 1182,1103 1269,1104 1356,1104 1444,1104 1531,1105 1618,1105 1706,1106 1793,1106 1880,1107 1968,1108"/>
                <TextEquiv>
                    <Unicode>firmitas. Alterum quo sanitas custoditur. luxta illud primum dicitur. Saluum me fac secundum mise-</Unicode>
                </TextEquiv>
            </TextLine>
            <TextLine id="r2l16" custom="readingOrder {index:14;}">
                <Coords points="208,1172 1980,1172 1953,1116 208,1123"/>
                <Baseline points="219,1160 306,1159 393,1158 481,1157 568,1157 656,1156 743,1156 831,1156 918,1156 1006,1156 1093,1156 1180,1156 1268,1157 1355,1157 1443,1158 1530,1159 1618,1159 1705,1160 1793,1161 1880,1162 1968,1163"/>
                <TextEquiv>
                    <Unicode>ricordiam tuam. luxta hoc dicitur. lustum auxilium meum a domino. Ibi misericors auxilium: quia nul-</Unicode>
                </TextEquiv>
            </TextLine>
            <TextLine id="r2l17" custom="readingOrder {index:15;}">
                <Coords points="214,1223 1984,1230 1984,1173 1889,1168 214,1170"/>
                <Baseline points="225,1210 312,1210 399,1210 487,1210 574,1210 661,1210 749,1210 836,1210 923,1210 1011,1210 1098,1210 1185,1210 1273,1210 1360,1210 1447,1211 1535,1211 1622,1212 1709,1213 1797,1214 1884,1215 1972,1217"/>
                <TextEquiv>
                    <Unicode>lum habet meritum peccatorum. Hic autem iustum auxilium: quia iam iusto tribuitur. Et licet iustum</Unicode>
                </TextEquiv>
            </TextLine>
            <TextLine id="r2l18" custom="readingOrder {index:16;}">
                <Coords points="205,1285 1977,1283 1926,1226 205,1230"/>
                <Baseline points="217,1267 304,1266 391,1265 479,1264 566,1263 654,1263 741,1263 828,1263 916,1263 1003,1263 1091,1263 1178,1264 1265,1264 1353,1265 1440,1266 1528,1266 1615,1267 1702,1268 1790,1268 1877,1269 1965,1270"/>
                <TextEquiv>
                    <Unicode>pro eo quod agit cum gratia in merendo liberum arbitrium: est tamen gratuitum: quia a gratia habet quod agit</Unicode>
                </TextEquiv>
            </TextLine>
            <TextLine id="r2l19" custom="readingOrder {index:17;}">
                <Coords points="207,1330 1973,1334 1973,1292 1764,1276 207,1283"/>
                <Baseline points="219,1320 306,1319 393,1318 480,1317 567,1316 654,1316 741,1316 829,1316 916,1316 1003,1316 1090,1316 1177,1317 1264,1317 1351,1318 1439,1319 1526,1319 1613,1320 1700,1320 1787,1321 1874,1322 1962,1322"/>
                <TextEquiv>
                    <Unicode>liberum arbitrium. Propter quid dicit Apostolus Phil. primo. Deus est qui operatur in nobis velle &amp; perficere pro</Unicode>
                </TextEquiv>
            </TextLine>
            <TextLine id="r2l20" custom="readingOrder {index:18;}">
                <Coords points="210,1385 1968,1400 1969,1343 210,1334"/>
                <Baseline points="221,1373 307,1372 394,1371 481,1370 568,1370 655,1369 741,1369 828,1369 915,1369 1002,1369 1089,1370 1175,1370 1262,1371 1349,1371 1436,1372 1523,1373 1609,1374 1696,1375 1783,1376 1870,1377 1957,1378"/>
                <TextEquiv>
                    <Unicode>sua bona voluntate. Glos. Non pro meritis nostris. Et super illud Phil. primo. Qui incepit in vobis</Unicode>
                </TextEquiv>
            </TextLine>
            <TextLine id="r2l21" custom="readingOrder {index:19;}">
                <Coords points="202,1440 1976,1445 1976,1399 1799,1381 202,1392"/>
                <Baseline points="213,1427 300,1426 388,1425 475,1425 563,1424 650,1423 738,1423 825,1423 913,1423 1000,1423 1088,1423 1176,1423 1263,1424 1351,1424 1438,1425 1526,1426 1613,1427 1701,1428 1788,1429 1876,1431 1964,1432"/>
                <TextEquiv>
                    <Unicode>bonum opus, perficiet. Glos. Vt velimus operatur incipiens, qui volentibus cooperatur perficiens ad bo</Unicode>
                </TextEquiv>
            </TextLine>
            <TextLine id="r2l22" custom="readingOrder {index:20;}">
                <Coords points="204,1489 1980,1497 1980,1441 204,1449"/>
                <Baseline points="215,1481 302,1480 390,1479 478,1478 565,1477 653,1477 741,1476 828,1476 916,1476 1004,1476 1092,1477 1179,1477 1267,1477 1355,1478 1442,1479 1530,1480 1618,1481 1705,1482 1793,1483 1881,1484 1969,1486"/>
                <TextEquiv>
                    <Unicode>na opera: sine illo nil valemus. Haec igitur prima gratia nullam causam habet in nobis meritoriam si</Unicode>
                </TextEquiv>
            </TextLine>
            <TextLine id="r2l23" custom="readingOrder {index:21;}">
                <Coords points="207,1540 1977,1551 1933,1493 207,1489"/>
                <Baseline points="219,1532 306,1532 393,1531 480,1531 568,1530 655,1530 742,1530 830,1530 917,1530 1004,1530 1092,1530 1179,1530 1266,1530 1353,1531 1441,1532 1528,1533 1615,1534 1703,1535 1790,1536 1877,1538 1965,1540"/>
                <TextEquiv>
                    <Unicode>cut habet secunda: habet tamen causam congrui non propter quam: sed sine qua non conferetur vni</Unicode>
                </TextEquiv>
            </TextLine>
            <TextLine id="r2l24" custom="readingOrder {index:22;}">
                <Coords points="215,1606 1976,1609 1956,1549 215,1553"/>
                <Baseline points="225,1588 312,1587 399,1586 486,1586 573,1585 660,1584 747,1584 834,1584 921,1584 1008,1584 1095,1584 1182,1584 1269,1585 1356,1585 1443,1586 1530,1587 1617,1588 1704,1589 1791,1590 1878,1591 1965,1593"/>
                <TextEquiv>
                    <Unicode>prima gratia gratum faciens quae alteri denegatur: cum apud deum non sit personarum acceptio</Unicode>
                </TextEquiv>
            </TextLine>
            <TextLine id="r2l25" custom="readingOrder {index:23;}">
                <Coords points="211,1657 1976,1659 1954,1602 211,1606"/>
                <Baseline points="223,1641 310,1640 397,1640 484,1639 571,1639 658,1638 745,1638 832,1638 919,1638 1006,1638 1094,1638 1181,1638 1268,1639 1355,1639 1442,1640 1529,1640 1616,1641 1703,1642 1790,1643 1877,1644 1965,1645"/>
                <TextEquiv>
                    <Unicode>sicut dicit apostolus. Sed aequaliter fauet omnibus: vt dicit Augustinus in originali super illud psal-</Unicode>
                </TextEquiv>
            </TextLine>
            <TextLine id="r2l26" custom="readingOrder {index:24;}">
                <Coords points="209,1704 1979,1710 1979,1661 1702,1649 209,1659"/>
                <Baseline points="221,1695 308,1694 395,1693 482,1692 570,1692 657,1691 744,1691 832,1691 919,1691 1006,1691 1094,1691 1181,1691 1268,1692 1355,1692 1443,1693 1530,1693 1617,1694 1705,1695 1792,1696 1879,1697 1967,1698"/>
                <TextEquiv>
                    <Unicode>mi. xvii. In circuitu eius tabernaculum eius. Vnde ex parte vnius istorum respicitur aliquid sine quo </Unicode>
                </TextEquiv>
            </TextLine>
            <TextLine id="r2l27" custom="readingOrder {index:25;}">
                <Coords points="214,1757 1973,1762 1973,1718 1838,1706 214,1711"/>
                <Baseline points="226,1747 312,1747 399,1747 486,1746 573,1746 659,1745 746,1745 833,1745 920,1745 1006,1745 1093,1745 1180,1745 1267,1746 1353,1746 1440,1747 1527,1747 1614,1748 1700,1749 1787,1751 1874,1752 1961,1754"/>
                <TextEquiv>
                    <Unicode>nullo modo alteri esset praeferendus: quid est ratio praeferendi ipsum alteri. &amp; hoc non ex parte dei &amp; respe</Unicode>
                </TextEquiv>
            </TextLine>
            <TextLine id="r2l28" custom="readingOrder {index:26;}">
                <Coords points="206,1810 1967,1826 1967,1761 206,1752"/>
                <Baseline points="217,1802 303,1801 390,1801 477,1801 564,1800 651,1800 738,1800 825,1800 912,1799 999,1799 1086,1799 1172,1800 1259,1800 1346,1800 1433,1800 1520,1801 1607,1801 1694,1802 1781,1803 1868,1804 1955,1805"/>
                <TextEquiv>
                    <Unicode>ctu actus eius vt est ab ipso &amp; in ipso: sed ex parte subiecti in nobis &amp; respectu actus: vt effectus eius</Unicode>
                </TextEquiv>
            </TextLine>
            <TextLine id="r2l29" custom="readingOrder {index:27;}">
                <Coords points="199,1863 1980,1868 1922,1812 199,1810"/>
                <Baseline points="211,1855 298,1855 386,1854 474,1854 562,1853 650,1853 738,1853 826,1853 914,1853 1002,1853 1090,1853 1177,1853 1265,1853 1353,1854 1441,1854 1529,1855 1617,1856 1705,1857 1793,1858 1881,1859 1969,1861"/>
                <TextEquiv>
                    <Unicode>habet recipi in nobis. Sed tale quid sit omnino nobis inuestigabile est: &amp; est opus clamare cum aposto</Unicode>
                </TextEquiv>
            </TextLine>
            <TextLine id="r2l30" custom="readingOrder {index:28;}">
                <Coords points="203,1919 1975,1936 1976,1868 204,1863"/>
                <Baseline points="215,1910 302,1909 390,1909 477,1908 565,1908 652,1907 740,1907 827,1907 915,1906 1002,1906 1090,1907 1177,1907 1265,1907 1352,1908 1440,1908 1527,1909 1615,1910 1702,1911 1790,1912 1877,1914 1965,1915"/>
                <TextEquiv>
                    <Unicode>lo. O altitudo. &amp;c. Vnde super illud Ephesi. tertio. Vt possitis comprehendere. Glos. Quia isti dat, illi</Unicode>
                </TextEquiv>
            </TextLine>
            <TextLine id="line_1581720169391_5896" custom="readingOrder {index:29;}">
                <Coords points="197,1978 1980,1987 1980,1936 1839,1920 197,1921"/>
                <Baseline points="209,1963 239,1963 330,1962 421,1962 512,1961 603,1961 694,1961 785,1960 876,1960 967,1960 1058,1960 1149,1960 1240,1960 1331,1961 1422,1961 1513,1962 1604,1963 1695,1964 1786,1965 1877,1966 1969,1968"/>
                <TextEquiv>
                    <Unicode>non dat, de profundo iudiciorum dei procedit: quod scrutari nequimus. Exemplum tamen sit nobis</Unicode>
                </TextEquiv>
            </TextLine>
            <TextLine id="r2l32" custom="readingOrder {index:30;}">
                <Coords points="202,2023 1978,2033 1978,1987 1843,1975 202,1976"/>
                <Baseline points="213,2016 300,2016 388,2016 476,2016 563,2015 651,2015 739,2015 826,2015 914,2015 1002,2015 1090,2015 1177,2015 1265,2015 1353,2015 1440,2015 1528,2016 1616,2017 1703,2018 1791,2019 1879,2020 1967,2022"/>
                <TextEquiv>
                    <Unicode>circa habentes vsum liberi arbitrii. puta sint duo peccatores vel infideles: quorum corda aliquo mo</Unicode>
                </TextEquiv>
            </TextLine>
            <TextLine id="r2l33" custom="readingOrder {index:31;}">
                <Coords points="210,2078 1929,2095 1976,2033 210,2029"/>
                <Baseline points="221,2071 308,2070 395,2070 482,2069 569,2069 657,2069 744,2068 831,2068 918,2068 1005,2068 1093,2068 1180,2068 1267,2069 1354,2069 1441,2069 1529,2070 1616,2071 1703,2072 1790,2073 1877,2074 1965,2076"/>
                <TextEquiv>
                    <Unicode>tu gratiae praeuenientis stimulet ad aliquod bonum spirituale credendum, &amp; vnus respuat, recalcitret</Unicode>
                </TextEquiv>
            </TextLine>
            <TextLine id="r2l34" custom="readingOrder {index:32;}">
                <Coords points="212,2131 1971,2144 1949,2084 212,2080"/>
                <Baseline points="223,2124 309,2123 396,2123 483,2123 570,2123 657,2123 743,2122 830,2122 917,2122 1004,2122 1091,2122 1177,2122 1264,2122 1351,2123 1438,2123 1525,2124 1611,2125 1698,2125 1785,2126 1872,2128 1959,2129"/>
                <TextEquiv>
                    <Unicode>statim &amp; contradicat, alter vero sistat nec contradicat, non dico quod aliquem motum in bonum elici-</Unicode>
                </TextEquiv>
            </TextLine>
            <TextLine id="r2l35" custom="readingOrder {index:33;}">
                <Coords points="212,2191 1964,2206 1918,2140 212,2140"/>
                <Baseline points="223,2177 309,2177 395,2177 482,2177 568,2177 655,2177 741,2176 828,2176 914,2176 1001,2176 1087,2176 1173,2176 1260,2176 1346,2177 1433,2177 1519,2178 1606,2179 1692,2179 1779,2180 1865,2182 1952,2183"/>
                <TextEquiv>
                    <Unicode>at. Non est congruum quod contradicenti &amp; non contradicenti aequale fiat. immo contradicens forte mor</Unicode>
                </TextEquiv>
            </TextLine>
            <TextLine id="r2l36" custom="readingOrder {index:34;}">
                <Coords points="206,2242 1972,2245 1972,2201 1872,2191 206,2191"/>
                <Baseline points="218,2231 305,2231 392,2231 479,2231 566,2231 653,2230 740,2230 828,2230 915,2230 1002,2230 1089,2230 1176,2230 1263,2231 1350,2231 1438,2231 1525,2232 1612,2233 1699,2234 1786,2235 1873,2236 1961,2238"/>
                <TextEquiv>
                    <Unicode>taliter peccat: &amp; meretur danmnationem siue reprobationem quo ad effectum eius qui est poena aeter</Unicode>
                </TextEquiv>
            </TextLine>
            <TextLine id="r2l37" custom="readingOrder {index:35;}">
                <Coords points="210,2298 1966,2303 1966,2250 1880,2243 210,2242"/>
                <Baseline points="220,2285 306,2284 393,2284 480,2284 566,2283 653,2283 740,2283 826,2283 913,2283 1000,2283 1087,2283 1173,2283 1260,2283 1347,2284 1433,2285 1520,2285 1607,2286 1693,2287 1780,2289 1867,2290 1954,2292"/>
                <TextEquiv>
                    <Unicode>na: alter vero nihil meretur omnino: quia adiutorium gratiae gratum facientis non habet adhuc. Con</Unicode>
                </TextEquiv>
            </TextLine>
            <TextLine id="r2l38" custom="readingOrder {index:36;}">
                <Coords points="211,2360 1967,2366 1968,2304 211,2302"/>
                <Baseline points="221,2338 307,2338 394,2338 481,2339 568,2339 654,2338 741,2338 828,2338 915,2338 1001,2338 1088,2338 1175,2338 1262,2338 1348,2338 1435,2339 1522,2339 1609,2340 1695,2341 1782,2342 1869,2344 1956,2345"/>
                <TextEquiv>
                    <Unicode>gruum tamen est, vt diuina liberalitas, prouideat ei super adiutorio gratiae gratum facientis &amp; condonantis pecca</Unicode>
                </TextEquiv>
            </TextLine>
            <TextLine id="r2l39" custom="readingOrder {index:37;}">
                <Coords points="207,2402 1968,2408 1906,2352 207,2362"/>
                <Baseline points="218,2393 304,2393 391,2393 478,2392 565,2392 652,2392 739,2392 826,2391 913,2391 1000,2391 1087,2391 1173,2392 1260,2392 1347,2392 1434,2393 1521,2393 1608,2394 1695,2395 1782,2396 1869,2397 1956,2398"/>
                <TextEquiv>
                    <Unicode>ta: quae possit salutem suam promereri: super quo non est aeque congruum prouideri alteri: eo quod voluntarie a</Unicode>
                </TextEquiv>
            </TextLine>
            <TextLine id="r2l40" custom="readingOrder {index:38;}">
                <Coords points="201,2468 1838,2473 1966,2465 1967,2407 201,2406"/>
                <Baseline points="213,2447 300,2447 387,2447 474,2447 561,2447 648,2447 735,2447 822,2447 909,2446 996,2446 1084,2446 1171,2446 1258,2446 1345,2447 1432,2447 1519,2448 1606,2448 1693,2449 1780,2450 1867,2451 1955,2453"/>
                <TextEquiv>
                    <Unicode>parato liberaliter conferre gratiam se auertit: alter autem non. Et hoc reputatur conuerti: vt sibi</Unicode>
                </TextEquiv>
            </TextLine>
            <TextLine id="r2l41" custom="readingOrder {index:39;}">
                <Coords points="200,2524 1965,2520 1923,2461 200,2466"/>
                <Baseline points="211,2499 298,2499 385,2500 472,2500 559,2500 646,2500 733,2500 821,2499 908,2499 995,2499 1082,2499 1169,2499 1256,2500 1343,2500 1431,2500 1518,2501 1605,2502 1692,2503 1779,2505 1866,2506 1954,2508"/>
                <TextEquiv>
                    <Unicode>peccata condonentur. luxta illud quid dicit Augustinus super praenominatum psal. Omnipotens deus neque in </Unicode>
                </TextEquiv>
            </TextLine>
            <TextLine id="r2l42" custom="readingOrder {index:40;}">
                <Coords points="205,2561 1961,2571 1961,2520 1842,2513 205,2524"/>
                <Baseline points="217,2552 303,2553 390,2553 476,2554 563,2554 650,2554 736,2554 823,2554 910,2554 996,2554 1083,2554 1170,2554 1256,2554 1343,2554 1430,2554 1516,2555 1603,2556 1690,2557 1776,2558 1863,2559 1950,2561"/>
                <TextEquiv>
                    <Unicode>misericordia amittit iudicium: neque in iudicio misericordiam: conversis ad se donat peccata: non con</Unicode>
                </TextEquiv>
            </TextLine>
            <TextLine id="r2l43" custom="readingOrder {index:41;}">
                <Coords points="212,2623 1966,2628 1907,2567 212,2570"/>
                <Baseline points="223,2605 309,2606 396,2607 482,2607 569,2607 656,2608 742,2608 829,2608 915,2608 1002,2608 1089,2608 1175,2608 1262,2608 1348,2609 1435,2609 1522,2609 1608,2610 1695,2611 1781,2612 1868,2613 1955,2615"/>
                <TextEquiv>
                    <Unicode>uersis non donat. Misericors est iniustis. nunquid &amp; iudicium amisit: aut non debuit iudicare in </Unicode>
                </TextEquiv>
            </TextLine>
            <TextLine id="r2l44" custom="readingOrder {index:42;}">
                <Coords points="202,2672 1972,2675 1959,2624 202,2617"/>
                <Baseline points="213,2659 300,2660 387,2660 475,2661 562,2661 649,2661 737,2661 824,2661 911,2662 999,2662 1086,2662 1173,2662 1261,2662 1348,2663 1435,2663 1523,2664 1610,2664 1697,2665 1785,2666 1872,2667 1960,2668"/>
                <TextEquiv>
                    <Unicode>ter conversos &amp; non conuersos: An nobis iustum videtur vt conuersus &amp; non conuersus aequaliter ha</Unicode>
                </TextEquiv>
            </TextLine>
            <TextLine id="r2l45" custom="readingOrder {index:43;}">
                <Coords points="207,2721 1966,2731 1966,2678 207,2670"/>
                <Baseline points="219,2712 305,2712 392,2713 479,2714 566,2714 652,2714 739,2715 826,2715 913,2715 999,2716 1086,2716 1173,2716 1260,2716 1346,2717 1433,2717 1520,2718 1607,2718 1693,2719 1780,2719 1867,2720 1954,2721"/>
                <TextEquiv>
                    <Unicode>beantur: vt eodem modo suscipiantur humilis &amp; superbus: Secundum hoc ergo descendendo ad </Unicode>
                </TextEquiv>
            </TextLine>
            <TextLine id="r2l46" custom="readingOrder {index:44;}">
                <Coords points="202,2774 1972,2789 1972,2731 202,2730"/>
                <Baseline points="213,2766 300,2766 387,2766 475,2767 562,2767 650,2768 737,2768 825,2768 912,2769 1000,2769 1087,2770 1174,2770 1262,2771 1349,2771 1437,2771 1524,2772 1612,2772 1699,2772 1787,2773 1874,2773 1962,2773"/>
                <TextEquiv>
                    <Unicode>quaestionem dico: quod in isto singulari praedestinato quocunque est assignare causam &amp; rationem praedesti</Unicode>
                </TextEquiv>
            </TextLine>
            <TextLine id="r2l47" custom="readingOrder {index:45;}">
                <Coords points="204,2838 1918,2846 1970,2787 204,2787"/>
                <Baseline points="216,2819 303,2819 390,2820 477,2820 564,2821 651,2821 738,2822 825,2822 912,2823 999,2823 1087,2824 1174,2824 1261,2825 1348,2825 1435,2825 1522,2826 1609,2826 1696,2826 1783,2826 1870,2826 1958,2826"/>
                <TextEquiv>
                    <Unicode>nationis suae. Non secundum rationem qua ipsa praedestinatio actio voluntatis est in praedestinante: sed se</Unicode>
                </TextEquiv>
            </TextLine>
            <TextLine id="r2l48" custom="readingOrder {index:46;}">
                <Coords points="199,2885 1969,2891 1969,2842 1856,2837 199,2839"/>
                <Baseline points="209,2874 296,2873 383,2873 471,2873 558,2874 646,2874 733,2874 821,2875 908,2876 996,2876 1083,2877 1170,2878 1258,2878 1345,2879 1433,2879 1520,2880 1608,2880 1695,2881 1783,2881 1870,2881 1958,2880"/>
                <TextEquiv>
                    <Unicode>cundum rationem qua connotat effectum receptum in praedestinato. Non dico causam siuerationem</Unicode>
                </TextEquiv>
            </TextLine>
            <TextLine id="r2l49" custom="readingOrder {index:47;}">
                <Coords points="200,2945 1912,2958 1966,2892 200,2885"/>
                <Baseline points="211,2928 298,2928 385,2928 472,2928 559,2928 646,2928 733,2928 821,2929 908,2929 995,2930 1082,2930 1169,2931 1256,2932 1343,2932 1431,2933 1518,2933 1605,2934 1692,2934 1779,2935 1866,2935 1954,2935"/>
                <TextEquiv>
                    <Unicode>meritoriam propter quam sit: sed congruentiae: sine qua non, vt expositum est. AD obiectum pri</Unicode>
                </TextEquiv>
            </TextLine>
            <TextLine id="r2l50" custom="readingOrder {index:48;}">
                <Coords points="206,2998 1960,3015 1960,2950 1885,2943 206,2945"/>
                <Baseline points="216,2980 302,2981 389,2981 475,2981 562,2982 649,2982 735,2983 822,2983 909,2984 995,2985 1082,2985 1169,2986 1255,2986 1342,2986 1429,2987 1515,2987 1602,2987 1689,2987 1775,2987 1862,2987 1949,2987"/>
                <TextEquiv>
                    <Unicode>mum quod nititur probare quod praedestinationis causam in hoc praedestinato est assignare sicut &amp; perfeue-</Unicode>
                </TextEquiv>
            </TextLine>
            <TextLine id="r2l51" custom="readingOrder {index:49;}">
                <Coords points="202,3044 1965,3067 1966,3003 202,2996"/>
                <Baseline points="214,3035 301,3035 388,3035 475,3035 562,3036 649,3036 736,3037 823,3037 910,3038 997,3038 1084,3039 1171,3039 1258,3040 1345,3040 1432,3040 1519,3041 1606,3041 1693,3041 1780,3041 1867,3040 1954,3040"/>
                <TextEquiv>
                    <Unicode>rantiae: Dicendum quod non est omnino verum neque simile. ad plura enim se extendit praedestinatio quam perse-</Unicode>
                </TextEquiv>
            </TextLine>
            <TextLine id="r2l52" custom="readingOrder {index:50;}">
                <Coords points="205,3098 1970,3115 1970,3062 1859,3050 205,3044"/>
                <Baseline points="215,3088 302,3089 389,3089 476,3089 563,3090 650,3090 737,3090 825,3091 912,3091 999,3092 1086,3092 1173,3092 1260,3093 1347,3093 1435,3094 1522,3094 1609,3094 1696,3095 1783,3096 1870,3096 1958,3097"/>
                <TextEquiv>
                    <Unicode>uerantia. Persuerantia enim non est nisi respectu gloriae adipiscendae in futuro. Qui enim perseuera</Unicode>
                </TextEquiv>
            </TextLine>
            <TextLine id="r2l53" custom="readingOrder {index:51;}">
                <Coords points="208,3157 1960,3165 1883,3105 208,3097"/>
                <Baseline points="219,3142 305,3143 392,3143 478,3144 565,3144 651,3144 738,3145 824,3145 911,3146 997,3146 1084,3146 1171,3146 1257,3147 1344,3147 1430,3147 1517,3147 1603,3148 1690,3148 1776,3148 1863,3148 1950,3149"/>
                <TextEquiv>
                    <Unicode>uerit vsque in finem, hic saluus erit. Praedestinatio vero est respectu gratiae cuiuslibet adipiscendae in </Unicode>
                </TextEquiv>
            </TextLine>
            <TextLine id="r2l54" custom="readingOrder {index:52;}">
                <Coords points="199,3217 1960,3218 1927,3158 199,3157"/>
                <Baseline points="211,3195 297,3196 384,3196 471,3197 558,3198 645,3198 732,3199 819,3199 906,3200 993,3200 1080,3200 1166,3201 1253,3201 1340,3201 1427,3202 1514,3202 1601,3202 1688,3202 1775,3202 1862,3203 1949,3203"/>
                <TextEquiv>
                    <Unicode>praesenti etiam respectu primae: quae sola non habet causam meritoriam ex parte subiecti: sicut &amp; omnis</Unicode>
                </TextEquiv>
            </TextLine>
            <TextLine id="r2l55" custom="readingOrder {index:53;}">
                <Coords points="207,3262 1963,3285 1963,3221 1904,3212 207,3217"/>
                <Baseline points="218,3248 304,3250 391,3251 478,3253 565,3254 651,3254 738,3255 825,3255 912,3256 998,3256 1085,3256 1172,3256 1259,3257 1345,3257 1432,3257 1519,3258 1606,3258 1692,3259 1779,3260 1866,3261 1953,3262"/>
                <TextEquiv>
                    <Unicode>alia sequens, &amp; etiam gloria. Et propter illam primam gratiam non est simile de praedestinatione &amp; per </Unicode>
                </TextEquiv>
            </TextLine>
            <TextEquiv>
                <Unicode>condignam propter quam fiunt quantum est ex parte subiecti, sine qua iustitia dei illa fieri non 
exigeret: licet non sit causa ex parte dei quare ea agat: sed solummodo vt dictum est, sua ipsius
iustitia. Illa autem ex parte bonorum: alia circa bonum primae gratiae: &amp; alia circa bonum gratiae
vlterioris vsque ad gloriam consummatam. Post primam enim gratiam gratum facientem quodlibet
gratiae augmentum in praesenti, &amp; consummatio eius in futuro, causam habet in nobis meriteriam de di- 
gno: opus scilicet elicitum a libero arbitrio in adiutorio gratiae praecedentis vsque ad primam gratiam
gratum facientem. Illa enim non habet in nobis causam meritoriam vllam omnino: quia gratis data condo-
nat peccata: &amp; praecedit primum motum liberi arbitrii meritorium. Dicente Augustino super illud psal.
quinti. Scuto bonae voluntatis tuae. Bona voluntas dei praecedit bonam voluntatem nostram vt peccato-
res vocet in poenitentiam. ldem supe illud psal. xvii. Retribuet mihi secundum iustitiam meam. Bonae volunta
tis: quae prior tribuit misericordiam antequam haberem bonam voluntatem. Vnde prima gratia datur ex me
ra misericordia. Secunda autem ex iustitia, quia meretur ex prima. Secundum quod dicit Augustinus super illud 
psal. septimi. lustum adiutorium meum a domino. Duo sunt officia medicinae. Vnum quo sanatur in 
firmitas. Alterum quo sanitas custoditur. luxta illud primum dicitur. Saluum me fac secundum mise-
ricordiam tuam. luxta hoc dicitur. lustum auxilium meum a domino. Ibi misericors auxilium: quia nul-
lum habet meritum peccatorum. Hic autem iustum auxilium: quia iam iusto tribuitur. Et licet iustum
pro eo quod agit cum gratia in merendo liberum arbitrium: est tamen gratuitum: quia a gratia habet quod agit
liberum arbitrium. Propter quid dicit Apostolus Phil. primo. Deus est qui operatur in nobis velle &amp; perficere pro
sua bona voluntate. Glos. Non pro meritis nostris. Et super illud Phil. primo. Qui incepit in vobis
bonum opus, perficiet. Glos. Vt velimus operatur incipiens, qui volentibus cooperatur perficiens ad bo
na opera: sine illo nil valemus. Haec igitur prima gratia nullam causam habet in nobis meritoriam si
cut habet secunda: habet tamen causam congrui non propter quam: sed sine qua non conferetur vni
prima gratia gratum faciens quae alteri denegatur: cum apud deum non sit personarum acceptio
sicut dicit apostolus. Sed aequaliter fauet omnibus: vt dicit Augustinus in originali super illud psal-
mi. xvii. In circuitu eius tabernaculum eius. Vnde ex parte vnius istorum respicitur aliquid sine quo 
nullo modo alteri esset praeferendus: quid est ratio praeferendi ipsum alteri. &amp; hoc non ex parte dei &amp; respe
ctu actus eius vt est ab ipso &amp; in ipso: sed ex parte subiecti in nobis &amp; respectu actus: vt effectus eius
habet recipi in nobis. Sed tale quid sit omnino nobis inuestigabile est: &amp; est opus clamare cum aposto
lo. O altitudo. &amp;c. Vnde super illud Ephesi. tertio. Vt possitis comprehendere. Glos. Quia isti dat, illi
non dat, de profundo iudiciorum dei procedit: quod scrutari nequimus. Exemplum tamen sit nobis
circa habentes vsum liberi arbitrii. puta sint duo peccatores vel infideles: quorum corda aliquo mo
tu gratiae praeuenientis stimulet ad aliquod bonum spirituale credendum, &amp; vnus respuat, recalcitret
statim &amp; contradicat, alter vero sistat nec contradicat, non dico quod aliquem motum in bonum elici-
at. Non est congruum quod contradicenti &amp; non contradicenti aequale fiat. immo contradicens forte mor
taliter peccat: &amp; meretur danmnationem siue reprobationem quo ad effectum eius qui est poena aeter
na: alter vero nihil meretur omnino: quia adiutorium gratiae gratum facientis non habet adhuc. Con
gruum tamen est, vt diuina liberalitas, prouideat ei super adiutorio gratiae gratum facientis &amp; condonantis pecca
ta: quae possit salutem suam promereri: super quo non est aeque congruum prouideri alteri: eo quod voluntarie a
parato liberaliter conferre gratiam se auertit: alter autem non. Et hoc reputatur conuerti: vt sibi
peccata condonentur. luxta illud quid dicit Augustinus super praenominatum psal. Omnipotens deus neque in 
misericordia amittit iudicium: neque in iudicio misericordiam: conversis ad se donat peccata: non con
uersis non donat. Misericors est iniustis. nunquid &amp; iudicium amisit: aut non debuit iudicare in 
ter conversos &amp; non conuersos: An nobis iustum videtur vt conuersus &amp; non conuersus aequaliter ha
beantur: vt eodem modo suscipiantur humilis &amp; superbus: Secundum hoc ergo descendendo ad 
quaestionem dico: quod in isto singulari praedestinato quocunque est assignare causam &amp; rationem praedesti
nationis suae. Non secundum rationem qua ipsa praedestinatio actio voluntatis est in praedestinante: sed se
cundum rationem qua connotat effectum receptum in praedestinato. Non dico causam siuerationem
meritoriam propter quam sit: sed congruentiae: sine qua non, vt expositum est. AD obiectum pri
mum quod nititur probare quod praedestinationis causam in hoc praedestinato est assignare sicut &amp; perfeue-
rantiae: Dicendum quod non est omnino verum neque simile. ad plura enim se extendit praedestinatio quam perse-
uerantia. Persuerantia enim non est nisi respectu gloriae adipiscendae in futuro. Qui enim perseuera
uerit vsque in finem, hic saluus erit. Praedestinatio vero est respectu gratiae cuiuslibet adipiscendae in 
praesenti etiam respectu primae: quae sola non habet causam meritoriam ex parte subiecti: sicut &amp; omnis
alia sequens, &amp; etiam gloria. Et propter illam primam gratiam non est simile de praedestinatione &amp; per </Unicode>
            </TextEquiv>
        </TextRegion>
    </Page>
</PcGts>
