2446 3730
202 255 1993 320 uitate optima esse homines differentes conditione & artificio. Et patet quod Arist. arguit contra So-
205 323 1985 377 cratem in aequiuoco. lpse enim posuit ciuitatem optimam oportere esse quam maxime vnam vnitate curae, dilectio
204 375 1993 438 nis, & sollicitudinis circa ea quae essent aliorum: sicut circa propria: vt vnusquisque in ciuitate saluet &
203 432 1981 497 promoueat bonum cuiuslibet sicut & proprium: vt in hoc singuli sint alter alterius membra: secundum do-
199 469 1979 541 ctrinam Apostoli: eo quod omnia pertinent ad communem vsum: secundum quod recta ratio requirit pro loco & tempore: vt quilibet se
201 533 1975 593 cundum hoc de qualibet re dicere possit vno modo hoc est meum, & alio modo hoc non est meum, meum pro
206 579 1970 652 vsu opportuno: non meum pro possidendi quaelitate. Et sic per hoc remouerentur omnia studia, proprietatis: & omnis ma
202 641 1971 698 teria discordiae abscinderetur, dicente Seneca de moribus. Quietissimam vitam agerent homines in terra:
196 690 1976 757 si haec duo verba a natura rerum tollerentur, meum & tuum. Hinc etiam dicit Tullius. Sut autem priuata
201 744 1976 805 nulla natura: sed veteri occupatione. Sed istam occupationem Aristins. dicit in sua ciuitate esse bonam &
214 795 1981 857 vtilem. luxta illud quod subdit Tullius. Ex quo eorum quae communia erant quod cuique obtigit id quisque teneat: eo
204 859 1976 923 plus siquis appetet violabit ius humanae societatis. ARguit etiam Aristines contra illud quod dixit Socrates: o
200 905 1976 965 mnia oportere esse communia, quia tunc nunquam homines sibi consentirent, diuersis volentibus simul vti vna
205 952 1988 1023 re: & singula negligerentur: quia de propriis magis curant homines: de conmunibus autem minus. Et quod non esset
207 1015 1976 1073 bonum temperantiae: si singuli singulis vterentur: & quod filii & nepotes omnino essent incerti, & fi
207 1061 1983 1128 lii & sorores adinuicem coirent, & filii & forores cum patre & matre: quod indecentissimum est. Et patet
207 1114 1972 1189 quod omnia ista non sunt nisi contra ponentes omnia communia secundum praedictum modum inutilem. Sed quod Socrates
198 1167 1974 1242 proprias possessiones haberi determinauit: conmunicandas tamen vt diximus: patet ex eo quid dicit in pri
202 1223 1971 1290 mo Timaei. Cultores agrorum caeterarumque artium professores a destinata bellicis negotiis iuuentute secerni
200 1277 1980 1346 mus. Tributo nempe caeterisque quod cuique eximium a natura datum est solis illis qui pro salute omnium bella tracta
199 1328 1975 1401 rent auri, argenti, & supellectilis caeterae possessionem cuiusquam, propriam nullam esse aut aestimari licere praedi
202 1394 1969 1446 ximus: sed sola mercede contentos: exhibentibus quorum salutem tuerentur. Ecce quomodo haec possent sta-
202 1436 1972 1503 re fine proprietatum possessione. De possessione autem foeminarum subdit dicens. De foeminis quoque opinor
206 1501 1971 1558 quod similes eiusdem naturae maribus conueniant sine vlla morum differentia: quo vterque sexus communibus in
210 1544 1977 1609 stitutis regatur. Ecce quomodo hoc stare potest cum conmunitate vxorum. Sed quod retulit dictum suum ad communi
203 1592 1977 1662 tatem omnium secundum praedictum modum, satis explicat cum subdit. Quid de procreandis suscipiendisque libe
199 1650 1977 1717 ris: An hoc ita vt caetera de aestimandis communibus nuptiis communique prole: si suos quisque minime interno
206 1702 1979 1770 scat affectus: ipsam omnibus religionem consanguineitatis exhibeant: dum aequales quidem fratrum & foro
208 1756 1973 1823 rum charitate beniuolentiaque ducantur: maioribus vero parentum religio eorumque antiquioribus
205 1811 1976 1878 auorum exhibeatur atque atauorum reuerentia: Infraque & vt nepotibus debita charitas atque indulgen
206 1866 1986 1936 tia conualescat: Quid illud quod fine odio atque aemulatione nubentium melioribus procis melius morige
202 1918 1974 1984 ratae virgines fortitae obueniant: inferiores vero inferioribus: lllud etiam promulgatum: puta electorum foe
212 1982 1979 2038 tus parentum summa cura vt pote naturalis bonitatis priuilegium proferentes alendos caeterosque alen
212 2024 1977 2090 dos aliquo vsu patriae profuturam. Ecce numquid Socrates voluit deducere ciuitatem ad talem vnitatem
207 2081 1967 2152 qualem opponit ei Aristi: Nequaquam: sed summam intellexit in ciuibus pacem & concordiam ex volunta
211 2139 1973 2203 tum conformitate & affectionum. Et nunquid negauit, proprias possessiones aliis a bellatoribus qui vsui com
213 2182 1969 2252 muni student, & proinde publicam recipere mercedem: Nequaquam: sed omnia instituit communi affecti
206 2238 1969 2307 one custodienda & procuranda ad publicum vsum omnium & singulorum pro tempore & loco: secundum
209 2295 1960 2371 quod recta ratio dictaret. Quid: cum voluit quemquam accipere vxorem conformem suis moribus: nega-
215 2341 1967 2415 uit ne proprias tenendas vxores: certe nequaquam. Caeterum cum electos & elegantes pueros summa cu
205 2408 1957 2475 ra: rusticanos vero ad aliquem vsum patriae instituit: nunquid proprios foetus noluit recognosci: Re
217 2464 1975 2520 uera nequamquam. Sed vt dicit nuptiae erat aestimandae communes non dixit faciendae. Et similiter proles & possessio
213 2506 1967 2571 omnis communis erat aestimanda: vt licet circa quancumque rem, proprietaria esset possessio: proprietaria tamen cessa-
205 2575 1965 2629 ret affectio: sed circa omnia esset communis affectionis beniuolentia, & de aequalis, quantum patitur regula cha
210 2614 1966 2683 ritatis humanae. Et secundum hoc possibile erat secundum institutionem Socratis de quolibet quod alie-
212 2668 1970 2735 num erat proprietate & possessione dicere diuisim quod suum erat pietatis amore, & secundum quod opportuni
213 2729 1971 2790 tas rationabilis occurreret in vsum suum per fruitionem. & esset causa maximae pacis & concordiae siue ami-
215 2769 1969 2845 citiae inter ciues. Quid est ergo quod Aristi. intantum contra Socratem inuehitur: Reuera rationabile mul
217 2832 1968 2897 tum. eo quod licet Socrates suam ciuitatem secundum dictum modum melius disposuit simpliciter: non tamen pro sta-
218 2886 1978 2951 tu quem Philosophi inuenerunt & videre potuerunt in hominium natura: cui magis congruebat dispositio quam
214 2935 1981 3004 Aristiles statuit circa suam ciuitatem. Non est enim inconueniens quod id quod melius est simpliciter, non melius
212 2986 1971 3055 sit alicui statui hominium determinato. Vt enim dicit Philosophus in secundo Politicae. Melius est simpliciter semper
218 3038 1976 3108 eosdem principari in ciuitate si sit possibile. Sed tamen hoc insecurum est & seditionis causa apud animosos
214 3096 1981 3185 & bellicosos: qui scilicet nollent pati: quin aliquando principarentur. Vnde optimum esset quod semper optimi
