2408 3720
445 297 2228 381 ab eo quod est in imaginatiua particulare: idem est ratio intelligendi illud particulare quod est in imaginatiua se
454 368 2228 426 cundum actum tanquam obiectum intellectiuae. Sunt enim in hoc phantasmata existentia in imaginatiua obiecta
451 414 2232 475 intellectus: quemadmodum sensibilia extra sunt obiecta sensus: sicut dicit Philosophus in tertio de anima. AD cu
454 465 2232 536 ius intellectum notandum circa progressum hunc notitiae, quod sensibile, puta color, primo esse naturale ha
451 521 2232 590 bet in obiecta sua, & est in potentia actiua vt intentionaliter sibi simile generet in medio & a medio in
453 575 2227 633 organo visus: secundum tamen actum luminis. Quod requiritur propter duo. Et propter medium: vt fiat materia
456 639 2228 699 quae est necessitas ad susceptionem intentionis: quam nisi mediante luminis informatione non est natum reci-
453 694 2232 752 pere: & propter ipsum colorem qui non agit sese generando in medio nisi cum virtute luminis: quo praesente co
457 738 2231 806 lor facit speciem impressam in medio sibi contiguo: quae continue generatur & diffunditur in directum per totum
457 791 2242 847 medium vsque ad organum visus: in quo species recipitur ab aere sibi contiguo, & formatur per ipsam visio. i. actio
458 847 2239 909 videndi: quae percipit virtus visiua sensibile particulare obiectum extra philesoenus: & abhinc generatur in vi memorati
453 902 2229 967 tiua quae est specierum retentiua: & ab illa in vi imaginatiua: quae speciei illius informatione actu imaginandi perci-
470 954 2229 1018 pit idem particulare secundum rationem particularis vt absens. Post hanc apprihensionem sequitur apphensio intellectiua
452 1008 2226 1068 de quae procedit quaestio: & quaerit modum quo intellectus coniunctus possit aliquid intelligere adminiculo sensus
455 1054 2234 1119 & imaginationis siue phantasiae. AD cuius intellectum oportet scire, quod secundum Philosophum in tertio de anima &
457 1113 2233 1177 Commentatorem, intellectus nin possibilis est de genere virtutum passiuarum quoquo modo: quia scilicet recipit formam
463 1165 2228 1234 quam apphendit: & est in potentia ad eam: sed non transmutabilis ab ea quia non est materialis sicut est sensus: vt
460 1230 2232 1292 per hoc non sic est intellectus in potentia intelligibile: sicut est sensus sensibile: in eo videlicet quod sensus ab
466 1278 2231 1334 obiecto habet specieum receptam impressiuam quam deducitur per trasmutationem naturalem sensus de potentia in actum
459 1329 2238 1387 non solum vt in potentia formatum actu informetur receptione speciei impressiuae in subiecto: vt ibi sit
466 1382 2236 1442 status: sed vt vlterius potentia sentiens fiat actu sentiens receptione speciei expressiuae: non vt in subiecto
468 1436 2244 1502 sed in cognoscente. Intellectus vero materialis ab obiecto nullam recipit speciem impressiuam: sed solum expressi-
470 1489 2235 1547 uam: quo de potentia intelligente fit actu intelligens. oportet enim quod secundum aliquam similitudinem sicut sensus
464 1542 2236 1605 se habet ad sensibilia, sic intellectus se habeat ad intelligibilia. Cum ei res non mouet nisi secundum quod est in actu:
468 1597 2236 1665 & mouetur secundum quod est in potentia: necesse est inquantum formae sunt in actu extra animam: quod moueant animam rationalem
465 1653 2237 1717 secundum quod apprhendit eas: licet nihil imprimant in eam: quemadmodum sensibilia inquantum sunt extra in actum, necesse est
473 1704 2243 1768 vt moueant sensus: & vt sensus moueatur ab eis receptione speciei expressae & impressae. Et ideo anima rationa
471 1758 2241 1818 lis: quia nihil sibi habet de rebus per sensus impressum: cum indigeat adminiculo sensuum intelligere: debet
470 1810 2242 1874 considerare intentiones quae sunt in virtute imaginatiua: sicut sensus inspicere sensibilia extra. Sed an-
481 1861 2238 1927 tequam illas actu intelligat: oportet quod mens primo auferat eas a conditionibus particularibus: & sic faciat eas intel
478 1917 2241 1983 lectas in actum postquam erant in potentia intellectae: vt secundum hoc ad actualem intellectum duplex actio necessario
471 1972 2241 2034 concurrat. Vna quae est prima intellectus circa obiectum quod de se non est nisi in potentia intelligibile: vt
474 2031 2246 2091 per abstractionem fiat actu intelligibile. Alia quae est secunda, obiecti abstracti circa intellectum ad eliciendum ex
468 2093 2240 2146 ipso actum intelligendi: qui iterato terminatur in idem obiectum: per quod informat intelligendi actum: vt secundum hoc
469 2132 2245 2194 mens rationalis inquantum intellecta mouent eam, est vis passiua: secundum quod mouentur ab ea est vis actiua. Vt
472 2186 2246 2252 ideo necesse sit ponere in ea duas virtutes: scilicet actionis, & virtutem passionis: quarum vna dicitur intel-
468 2243 2236 2307 lectus agens: alia vero dicitur intellectus possibilis. Et est intellectus agens abstrahens de potentia intelligi
461 2296 2233 2351 bili actu intelligibile: ponens illud vt obiectum intelligibile in intellectu possibili vt intelligente: extrahen-
469 2350 2239 2417 do ipsum de potentia intelligendi in actum: & faciens de potentia intelligente actu intelligentem. Et per hoc pri
465 2403 2244 2478 mo denudat formas a materiis: & deinde eas iam factas vels facit intellectas in actum postquam erant intel
466 2461 2247 2522 lectae in potentia, quemadmodum enim obiectum visus quod est color, non mouet ipsum nisi per praesentiam lucis, effi-
473 2508 2245 2567 cientis quod color sit in actu agens postquam erat in potentia: ita intentiones imaginatae non mouent vt obiecta ine
463 2562 2242 2632 tellectum materialem: nisi quando efficiuntur in actu vels postquam erant in potentia: & per hoc fiant in intellectu possibili
465 2627 2237 2689 non sicut in subiecto: sed sicut in cognoscente. vt sic componantur intellectus materialis & intentio intellecta. lta quod
469 2671 2243 2733 compositum non sit tertium ex eis sicut est de aliis compositis ex materia & forma: vt dicit Commentator sup. iii.
463 2726 2240 2783 de anima. Et vt dicit ibidem, respectus agenti ad itellectum materialem est sicut respectus lucis ad diaphanum: & re
463 2779 2246 2839 spectus formarum materialium ad ipsum est respectus coloris ad lucem, quemadmodum ei lux est perfectio diaphani
460 2832 2243 2899 sic intellectus agens est perfectio materialis. & quemadmodum diaphanum non mouetur a colore: nec recipit eum nisi
466 2882 2249 2945 quando lucet: ita iste intellectus non recipit intellecta quae sunt hic: nisi secundum quod perficitur per illum intellectum: & illuminatur par
459 2939 2242 3001 ipsum. & quemadmodum lux facit colores in potentia esse in actum: ita quod prasent mouere diaphanum: ita intellectus agens
460 2993 2245 3049 facit intentiones in potentia intellectas intellectas actum: ita quod recipiat eas obiectiue intellectus materialis & moue
457 3049 2249 3117 atur ab eis. AD cuius vlteriorem intellectum est aduertendum: quod in virtute imagiatiua sunt tria: scilicet species inps-
455 3105 2240 3171 sa a specie existente in memoria: sine quae nihil posset percipore propter esse suum organicum & materiale: & ipse actus
455 3153 2243 3228 imaginandi: & tertium est ipsum obiectum imaginatum. Quorum species est imaginatiua vt forma
