2486 3699
195 286 1964 377 singularia, quae sunt in phantasmate quodammodo, sicut color in oculo est ratio videndi coloratum extra
202 365 1966 419 vt id ipsum quod est obiectum cognitum vniuersale, sit ratio intellectus in cognoscendo particulare. vt non
197 417 1963 482 sit in hoc mirabile opus naturae quod forma vniuersalis sub ratione qua vniuersalis est ratio concipiendi
202 466 1971 543 seipsam secundum rationem esse singularis in alio obiectiue, quemadmodum non est mirabile quod forma immaterialis co
206 518 1959 585 loris in oculo sit ratio videndi colorem materialem in corpore colorato: vt sic idem sub eadem ratione singularis
208 571 1965 637 qua est imaginatum a vi imaginatiua, sit intellectum a vi intellectiua: vt non nisi ratione possimus in no
206 626 1964 696 bis discernere actionem qua intelligimus singularia, ab illa qua ea imaginamur: & in nullo differant
192 672 1963 746 intelligere & imaginari singulare, nisi ex parte medii: quod imaginatiua mouetur per speciem singularem sibi im
199 741 1972 809 pressam: intellectus vero per speciem vniuersalem in se expressam. EST autem praeter hunc modum intelligendi singu
198 789 1968 853 laria intra ad modum quo sentiuntur ab imaginatiua: qui proprius est intellectui nino vt coniunctus est secundum
197 840 1965 909 statum viae: alius modus intelligendi singularia extra ad modum quo sentiuntur ab oculo: quid est proprius intelle
200 896 1949 962 ctui separato, vel forte etiam coniuncto pro statu suae glorificationis. Sed de hoc nihil ad propositam quaestionem.
204 951 1959 1021 AD argumentum primum dicendum: distinguendo quod triplex est non ens secundum philosophum in. xii. Metaphysicae
214 998 1960 1064 Vno modo quod non potest imaginari. Alio modo priuatio in materia. Tertio modo ens in potentia: & hoc
197 1059 1968 1124 vel in potentia materiae, vt sunt naturalia, generabilia, & corruptibilia: vel in potentia efficientis, vt
200 1107 1966 1166 sunt essentiae rerum antequam fiant. Non ens primo modo est omnino non intelligibile: nec de illo potest esse sci
198 1164 1968 1223 entia: nec est natum esse in actum. Non ens secundo modo est intelligibile per habitum. Non ens tertio modo est in
205 1218 1956 1273 telligibile quantum est ex natura essentiae suae, siue sit in actuali existentia formae, siue in potentiali exi
197 1268 1963 1336 stentia materiae, siue non. & secundum hoc non habet nisi rationem vniversalis, & est solum in intellectu vt obiectum in cogno scem
192 1327 1960 1388 te, non vt dispositio in subiecto disposito. Non ei sit vnum ex cognoscente & cognito, sicut ex materia siue
188 1370 1963 1446 subiecto & forma. sicut dicit Comment. super. iii. de anima. Quantum vero est de potentia efficientis, hent esse singula
189 1432 1960 1496 re in re extra: cuius non est nisi sensus vt est omnino extra animam: itellectus autem vt est in imaginatiua. Alia eim non est demina
199 1478 1849 1553 inter singulare vt est obiectum sensus, & intellectus: secundum quod determinat Comment. super. iii. de anima.
515 1523 1959 1594 Equitur de pertinentibus ad voluntatem, vt de eius habitibus. De quibus quaerebantur duo. Vnum
526 1586 1950 1659 in comperatione ad eorum subiectum. Secundo aliud in comperatione eorum inter se. Tertio quae
523 1640 1952 1702 dam alia in comparatione ad status diuersos. Primum erat, vtrum morales virtutes sint in vo
523 1692 1956 1757 luntate. Secundum. si iidem habitus sint virtutes, dona, beatitudines, & fructus. ClRca
516 1745 1949 1808 primum arguitur quod non quia moderantur passiones. ergo debent esse in potentia illa in qua
515 1804 1957 1865 sunt passiones. Passiones autem sunt non in voluntate, sed in irascibili parte & concupiscibi
489 1848 1945 1921 li. secundum philosophum septimo physicorum. ergo &c. CONtra. virtutes non sunt nisi ratio
183 1909 1952 1966 nalis. quoniam in omnino irrationali vt in bruto, non habent esse, quod autem est in aliquo, non inest ei nisi secun
190 1964 1951 2017 dum id eius in quo est. In eo ergo quod est rationale per essentiam, debent virtutes morales esse per essentiam
195 2018 1955 2079 & in eo quid est rationale per participationem, debent esse per pricipationem. Cum ergo irascibile & concupi
190 2071 1957 2136 scibile non sunt secundum philosophum rationalia nisi per participationem: ergo morales virtutes in ipsis non
184 2125 1943 2189 habent esse nisi per participationem. In alio ergo habent esse: quod non est nisi in voluntate. IN quaestione ista
190 2174 1947 2233 est opinio aliquorum: quod morales virtutes de quibus specialiter erat proposita quaestio, non sunt in voluntate
182 2224 1946 2281 sed in parte sensitiua, irascibili, & concupiscibili. Quid primo confirmant auctoritate philosophi: qui in fine primi ethi-
189 2280 1953 2346 corum diuidit rationem habens principaliter & participatione, dicens quod secundum hanc differentiam determinatur
192 2338 1945 2393 virtus. Dicimus enim has quidem intellectuales, has vero morales. In principio autem sexti determinat quod
191 2389 1952 2449 intellectuales sunt in rationali principaliter. ergo relinquitur quod morales sunt in irrationali. Dicti etiam
187 2443 1945 2505 sui assignant rationem, quoniam virtus moralis potentiae necessaria est, vt ipsam ordinet in bonum & inclinet: &
191 2498 1944 2555 sic per ipsam actus, proprii complementum acquiritur, & eam perficit: secundum virtutis moralis definitionem, qua dicit
198 2551 1940 2619 philosophus quod virtus est quae habentem perficit, & eius opus bonum reddit. Hoc autem modo habitus
185 2599 1949 2674 non est necessarius potentiae nisi quia seipsa non inclinatur seu ordinatur sufficienter in bonum: neque motus pro
199 2665 1952 2726 prii complementum potest acquirere: & ita neque suam perfectionem. Nunc autem ita est quod voluntas non indiget or
190 2712 1945 2778 dinante aut inclinante in bonum. quoniam seipsa ordinatur & inclinatur in bonum, sicut concupiscentia in delecta
197 2767 1948 2829 tionem, & auditus in sonum. Et per hoc voluntas seipsa sibi sufficit ad acquirendum actus sui comple-
195 2819 1948 2884 mentum, & perfectionem suam secundum ipsum: ita quod voluntas ex seipsa ratione potentiae suae naturalis habet, & opera
189 2870 1946 2937 ri potest quicquid habet quaecunque alia potentia ex suo habitu: & quicquid habitus circa ipsam potest opera
190 2927 1945 2992 ri. & non requirit voluntas cum naturali potentia ad operationis suae perfectionem plus quam iudicium rationis, quia natu
192 2983 1947 3048 rali inclinatione, & appetitu naturali mouetur in bonum sibi ostensum a ratione, non solum simpliciter, quod est vl
191 3027 1948 3091 timum bonum: sed qualecunque fuerit: ex quo iudicio rationis determinatum est esse bonum. Licet enim
186 3088 1948 3149 in naturalibus semper finis est bonum simpliciter: in voluntariis tamen non refert an sit bonum simpliciter, an sit bonum
181 3144 1954 3210 apparens. Sed vires inferiores quia non sic sunt determinatae ad bonum secundum iudicium rationis, quia propter
