2494 3661
224 288 1991 370 et est ex parte cognitionis differentia solummodo: vt cum homo differat a brutis tamquam arbitrio liberum a non
225 364 1995 434 libero: tota ratio liberi arbitrii secundum illos ex parte cognitionis ponenda est. Sed si ita esset: cum ex parte eius
226 422 1989 487 principaliter se tenent virtus & malitia ex parte cuius est principaliter liberae actionis potentia: magis
229 471 1995 537 essent virtutes in cognitione quam in affectione. & essent virtutes scientiae, vt posuit Socrates: cui in hoc com
227 536 1991 598 trariatur Aristoteles: cuius sententiam se credunt imitari ponentes dictam opinionem: quid non est verum. SED quod
223 585 1986 643 libertas arbitrii, qua de proximo potest homo acceptare vel renuere quid cognitio proponit, principaliter
234 635 1986 701 sit ex parte voluntatis: & praecise: patere nobis maxime potest hoc modo Cum enim ex hoc liberi arbitrii simus quod
228 685 1991 749 duobus propositis vnum possumus acceptare: alterum vero refutare: & hoc est eligere: naturam liberi ar-
226 742 1980 797 bitrii ex electionis actu maxime oportet considerare: vt ibi magis principalius & immediatius pona-
224 806 1992 861 mus libertatem arbitrii: vbi magis principalius & immediatius habet esse electio. Est igitur sciendum quod ad actum
228 845 1987 909 electionis concurrit, ex parte intellect scilicet duo eligibilia proponere: ex parte voluntatis alterum alteri praeferre: & si
233 901 1987 960 virtuosa sit illa electio illud praeferre libere quid per consilium rationis iudicatum est esse melius. Non autem quod simpli-
233 952 1994 1024 citer oporteat illud praeferre, quid tamen illi dicunt. Quocumque autem modo res se habeat, hoc tamen certum est quod proptuer illud
227 1014 1986 1075 quod electio aliquid hent rationis aliquid voluntatis, dicit philosophus in sexto ethicorum: quod electio est vel intellectus appetitiuus
232 1059 1989 1129 vel appetitus intellectiuus, quasi sub dubio ponens vtrum electio principalius pertineat ad cognitiuam vel ad appeti
224 1116 1988 1174 tiuam. quia si ad cognitiuam, tunc est intellectus appetitiuus. si ad affectiuam, tunc econuerso est appetitus intellectiuus.
224 1165 1996 1236 Sed hanc dubitationem ex parte prius determinauerat in tertio ethicorum, vbi dicit quod electio est desiderium
223 1226 1986 1286 consiliabile. vbi dicit Commentator. Erit vtique electio appetitus eorum quae in nobis consiliatiuus. Oportet itaque
221 1279 1989 1341 scire quoniam electionis genus est non simpliciter intellectus vel appetitus: sed quod ambo commixtim. vnde & philosophus probauit
229 1329 1993 1395 prius de vtroque per se quod electio nec est voluntas nec opinio. Nota tamen quod electio cum completiue sit actus volum
232 1386 1995 1451 tatis: non dicitur commixtus ex vtroque, nisi quia cum sit per se voluntatis, hoc tamen non est sine cognitione praecedente, vel
226 1436 1992 1499 simplici vel deliberatiua. Sl ergo electio principaliter dependet a voluntate: & ipsa ex natura sua libe
231 1492 1992 1556 ra est: & quod principale in ipsa, libertas eius est. Libertas ergo principaliter est ex parte voluntatis: vt si velit agat
236 1543 1995 1605 per electionem: sequando iudicium rationis, vel contra ipsum sequando proprium appetitum. ita quod ad volendum nihil faciat
234 1596 1988 1660 simpliciter ratio nisi quod proponat volibilia. licet ad volendum per electionem necesse est praecedere rationis sententiam: quia
219 1653 1989 1712 aliter voluntatis appetitus non esset electiuus. Nec aliter proprie est rationalis nec, proprie voluntas. secundum quod di-
220 1702 1994 1755 cit Augustinus libro ii. de sermone domini in modote. Non est voluntas nisi in bonis. vnde & de tali voluntate dicit
218 1757 1988 1825 philosophus lio iii. ethicorum. Ex consiliari iudicantes desideramus secundum consilium. i, per voluntatem consilii, vt dicit Commen
226 1811 1989 1869 tator. Apposuit secundum voluntatem: quia desiderium ira & concupiscentia sunt &c. sed illae quidem aliorum. vt autem bo
219 1859 1993 1922 ni alicuius desiderium & appetitus voluntas. est tamen voluntas simpliciter: etsi sit desiderium contra consilium sci-
224 1916 1987 1986 re consilio. Vnde philosophus ibi stati subiungit determinans hoc ex aliorum sententiis: dicens quod voluntas videtur quibus-
221 1971 1985 2037 dam per se boni esse, aliis autem apparentis boni. Contingit autem voluntabile per se bonum dicentibus non esse voluntabile
228 2026 1989 2081 quod vult qui non recte vult. quia non est per se bonum. Rursus apparens bonum voluntabile dicentibus non est volunta
222 2074 1989 2144 bile nisi per se bonum, quia quandoque non apparet esse bonum intelligibile nisi sit & apparens. Et quia philosopho neutra opi
230 2131 1987 2198 nionum per se placet: sed aliquid ex vtraque: quasi voluntas sit vtriusque boni vt voluntabilis: licet diuersimode:
225 2188 1989 2255 subiungit. Si autem hoc non placet, dicendum ergo simpliciter quidem & secundum veritatem voluntabile esse per se bo-
221 2240 1993 2306 num. vnicuique autem quod videtur. studioso autem secundum veritatem esse, prauo autem quod contingit. Et sicut est de volum
218 2295 1986 2361 tate quod proprie est de bono simpliciter: similiter etiam est de apparenti bono. Similiter est de electione. Et vtroque
224 2349 1987 2415 modo principaliter pertinet eius libertas, qua est principium virtutum & malitiarum, proprie ad voluntatem. vnde philosophus
217 2401 1985 2459 assignando: differentiam electionis pro illa parte qua attinet voluntati ad opinionem, dicit in. iii. ethicorum. In eligendo
219 2453 1989 2521 bona vel mala quaeles quidem sumus, quoniam boni vel mali. In opinando autem non. Commentator, non enim qui opi
221 2506 1989 2562 natur iam bonus non autem eligens. vnde & si proprie & stricte volumus loqui de electionis libertate: ipsa in sola vo-
227 2562 1992 2623 luntate est, & nullo modo in ratione nisi quaetenus libere mouetur ad diuersa inuestiganda a voluntate. Ratio enim co
222 2611 1992 2679 gnitiua inquantum huiusmodi libera non est,. necessario enim mouetur simplicibus apphensis. nec est in eius potestate
219 2664 1991 2726 ea non apprhendere, similiter nec comnexionem primorum principiorum per se notorum: neque connexioni conclusionis non
218 2717 1990 2790 assentire. quia si conclusio apparet ei medio necessario: assentit de necessitate. Si medio apparenti valde
223 2775 1992 2837 de necessitate assentit opinando. si debiliter apparenti, necessario assentit dubitando: nisi sit medium proba
219 2828 1987 2890 bilius in contrarium: vt omnis sententia rationis de comnexo necessitate syllogistica concludatur. Nullo modo ergo
229 2880 1992 2948 voluntas principium libertatis a ratione habet. sed a seipso primo. & sic electio libera virtutes & malitiae mo
222 2939 1992 2999 rales non tantum non sunt in ratione cognitiua, vt in subiecto: sed nec vt in cauam & in principio: sed solum sicut in occa
220 2987 1992 3045 sione. ESTigitur sciendum quod voluntas tripliciter flectitur ad aliquid appetendum sibi per cognitionem propositum, du
221 3043 1989 3111 obus modis sumendo occasionem, sed non cauam aut necessitatem vllam ab alio, vt a ratione. Vno vero modo sumen
225 3097 1990 3161 do causam & occasionem a seipsa solum. vno enim modo flectitur ad appetendum per electionem ex sententia rectae rationis.
220 3148 2003 3219 et est voluntas studiosa & principium virtutum. dei enim in iii. ethicorum. Studiosus singula iudicat recte, & in
