2472 3743
511 277 2287 379 in poenam motus eorum irrationabiles quibus possunt rebellare contra rationem: tamennatae sunt na
498 374 2289 435 turaliter obedire: ita quod si instet voluntatis imperium omnino resistere non possunt: & solum per quan
509 427 2282 500 dam impressionem & assuefactionem prompte & sine murmure obediunt. PER dicta patet quod falsum
502 486 2284 544 est dicere quod voluntas non indiget ordinante seu inclinante eam in finem, quia seipsa inclinatur in bonum, &
500 542 2277 609 libere potest in opus, cum determinata fuerit a ratione. Quamuis enim inclinatur in bonum, vt natura, il-
499 598 2275 667 la inclinatio non sufficit, quia adhuc manet indifferens & indeterminata ante electionem vt est delibera-
499 651 2264 720 tiua. & ideo cum inclinatione ad bonum simpliciter, vt est natura, indiget inclinatione per habitum
501 705 2290 776 vt est deliberatiua ad determinatam rationem boni: qua voluntas vt libera attrahatur vt faciliter & expe-
501 759 2288 827 dite eligat, licet libere, ad quod habitus inclinat. Licet enim ratio ostendens obiectum voluntatem determi
502 818 2280 883 net vt possit eligere ostensum, eo quod nihil possit appeti nisi cognitum, non tamen sic determinat ipsam
507 880 2289 936 quin contra eius determinationem libere eligere potest, vt in quaestionibus de voluntate alias expo
513 932 2291 994 situm fuit. Non enim est sic per rationem determinata ad bonum ostensum eligendum, sicut est vis
518 988 2287 1046 concupiscibilis quantum est ex se ad delectabile appetendum, aut auditus ad sonum percipiendum
511 1044 2284 1100 vt aliqui ponunt. Neque etiam ipsa voluntas vt libera est aliquo habitu determinatur, ne cum virtus sit
521 1098 2288 1160 inclinans ad vnum in modum naturae, aliquid libertati derogetur, quae sicut possibilitas rationalis omni
516 1155 2287 1210 no per aequalem distantiam debet se habere ad opposita: & per omnimodam libertatem moueri in
522 1209 2283 1270 bonum: et per actuum frequentiam in seipsa, vt est deliberatiua, generare habitus virtutum quibus
517 1260 2282 1321 inclinatur ad cito deliberandum: aut etiam praeueniendum ante omne rationis iudicium: & per hoc
519 1318 2282 1377 alliciatur ad expedite eligendum, vt sic, illa inclinatio a virtute in voluntate inquantum est delibe-
521 1376 2276 1430 ratiua in modum praecedentis inclinationis quae est in illa inquantum est natura. Est enim volun-
523 1429 2292 1489 tas vt deliberatiua media inter seipsam, vt est natura, determinata omnino ad vnum: vt est libe-
512 1486 2290 1545 ra, omnino indeterminata, & semper manet nisi semet ipsam determinet. Propter quod non bene dicunt
511 1543 2286 1607 virtutem esse in voluntate quia potest ad opposita: quasi sit in ea, secundum quod est libera determi-
506 1602 2282 1661 nando eius libertatem. Hoc enim est contra naturam suam, & actio virtutis est in modum naturae.
515 1650 2289 1712 PALsum est etiam dicere quod vires sensitiuae concupiscibilis, & irascibilis, quia non sunt determinatae se
513 1707 2284 1769 cundum iudicium rationis: & propter passiones quae in eis sunt contrariae rationi: ideo indigent ha
510 1763 2283 1820 bitu. quoniam licet ex se sint indeterminatae: tamen quantum est ex natura earum, necesse est eas sequi determina
509 1815 2298 1882 tionem voluntatis. Et ideo sicut in voluntate non esset ponenda virtus si determinata esset naturaliter ad
511 1873 2291 1941 sequendum iudicium rationis: similiter neque in illis viribus per determinationem quam habent a voluntate. recipiunt
508 1924 2295 1988 tamen quandam impressionem virtutis, vt fiant virtutis participes: inquanum. scilicet natae sunt assuescere, vt rationi sub-
506 1983 2291 2053 dantur, quia hoc naturale est eis, & res quaelibet de facili ad suam naturam reuertitur: & sic sequendo frequen-
509 2035 2287 2106 ter rationis imperium per pricipationem habent in se virtutes quae sunt in voluntate per essentiam. Non sic autem
508 2099 2294 2164 vis vegetabilis, quia nullo modo nata est subdi rationis imperio. Quia autem passiones circa quas est exer
512 2146 2294 2210 citium moralium virtutum sunt in illis viribus, de hoc nihil ad ponendum principaliter virtutes in
512 2201 2292 2268 illis. Non enim ex motu secundum passiones habetur virtus: sed ex modo se habendi rationabiliter cir
513 2268 2296 2331 ca illas, & comprimendo eas, & moderando. Operari enim ex ratione est opus virtutis. Sed tale
512 2316 2288 2379 operans mouens non motum ex se indeterminatum ad actum, semet ipsum determinans, est volun
513 2375 2291 2435 tas: quia est instrumentum seipsum mouens, vt dicit Augustinus de libero arbitrio. & vt dicit ibidem, vo-
512 2427 2290 2494 luntas mouet se & alia. Mouens & motum est vis sensibilis: concupiscibilis, & irascibilis,. quia licet de se
519 2473 2286 2535 esset ad alterum contrariorum determinata: comparatione tamen eius ad voluntatem indeterminata est, & po
518 2530 2296 2593 test ad diuersa & contraria determinari per imperium voluntatis. Motum vero non mouens sunt mem
513 2592 2295 2652 bra exteriora: & ideo in membris est modica, aut nulla virtutis impressio, sicut & in bestiis: in vi sen-
513 2645 2288 2717 sitiua magna. & per essentiam suam est in voluntate, quia ab ipsa procedit omne regulare imperium
503 2700 2290 2764 secundum dictamen rationis. Primo modo rationabiliter seipsam libere: deinde alia quae sunt sub se, impe
513 2755 2287 2819 riose. ET est magnum inconueniens dicere quod in mouendo per imperium alia a se, virtutem in ip
514 2812 2283 2878 sis generat, & non in se. quasi ad actionem virtutis nihil faciat nisi quod rationabiliter imperet, & vi
507 2856 2289 2929 res inferiores totum opus virtutum moralium agant, vt per hoc solum in se virtutem acquirant. im
513 2914 2286 2987 mo ipsa seipsam primo in volendo rationabiliter mouet priusquam alteri quodcunque rationabiliter im
517 2963 2284 3036 peret: & per hoc ex frequentia actuum prius generat virtutes in seipsa quam secundum eas aliquas impres
513 3027 2288 3089 siones faciat in vires inferiores. Aliter enim non faciliter imperaret bene, neque expedite. prius enim debet in
518 3072 2298 3147 se quodcumque esse bene ordinatum quam ordinet ea quae sunt extra se. Nec obest quod de se potest in substantiam operis, cum
519 3126 2288 3185 virtus non tam sit propter substantiam operum quam propter modum operandi secundum circunstantias. Non enim
511 3181 2289 3235 secundum philosophum, temperatus est qui a delectabilibus abstinet, sed qui taliter. Vt secundum hoc multum absur
516 3235 2290 3322 dum sit dicere quod voluntas non indiget habitu ad bonum operandum nisi quod est ei proportionatum
