2447 3729
523 342 1962 417 Equuntur quaestiones de iam acquisitis. Et erat vna de bonis communibus ecclesiae: &
523 407 1956 474 duae de bonis priuatis. De bonis communibus vna quaestio erat: scilicet de decimis.
533 458 1948 528 Vtrum sint de iure euangelii. ET arguitur quod non: quia sunt de praeceptis cerimonia
515 517 1952 580 libus legis Mosaicae: eo quod non pertinent ad praecepta moralia: quia illa sunt de iure
493 570 1957 637 naturali rationis: non sic autem decimae. CONtra. Christus loquens de solutione
521 624 1954 690 decimarum dicit Matthaei. xiii. Haec autem oportet facere: & illa non omittere. DIcen
521 674 1960 726 dum ad hoc: quod in veteri lege erant quaedam praecepta pure moralia: vt illa de dilectio-
186 737 1961 797 ne proximi: quae erant in secunda tabula: & duo de dilectione dei, in prima tabula. Quaedam vero pure ceri
179 783 1955 851 monialia & non nisi ad aliquid significandum instituta: vt illud. Non arabis in boue & asino. Quaedam vero
189 836 1957 896 mixta partim moralia, & partim cerimonialia: vt est illud de obseruantia sabbati. In quo erat morale
190 889 1959 945 & de iure legis naturae quod aliquod tempus opportunum habere debuit & sibi determinare quilibet ho-
187 944 1950 1010 mo rationalis, hoc est habens vsum rationis, quo praecise vacaret diuino obsequio, omnibus aliis illa hora prae
185 998 1959 1064 termissis. Erat autem in illo praecepto cerimoniale, quod ad hoc determinata erat certa dies, scilicet septima
187 1052 1954 1107 in septimana. Propter quid adueniente lege euangelica, & cessantibus cerimoniis, cessauit & obseruantia
187 1106 1961 1168 sabbati pro determinatione illa legali: quo ad diem septimum in quo fieret sabbatismus. Sed pro eo quid
188 1159 1951 1219 est iuris naturalis cessare non potuit: sed ad hoc lex euangelica hominem reduxit: secundum quod praedixit
178 1214 1954 1281 Moyses filiis lsrael. Vetera veterum comedetis: & aduenientibus nouis cessabunt vetera. Vetera erant prae
182 1267 1954 1320 cepta legis Moysi quo ad cerimonialia. Noua erant praecepta euangelica. Vetera veterum erant praecepta le
183 1317 1955 1389 gis naturae: ad quae abiectis cerimoniis reduxit nos lex euangelica:, ipsa exponendo: & pauca perfectionis
191 1385 1956 1438 consilia apponendo. Vnde quod modo pro sabbato mortis Christi celebramus diem dominicum resurrectio-
180 1426 1952 1496 nis Christi, hoc ex statuto & determinatione ecclesiae est. De numero etiam talium praeceptorum mixtorum
182 1482 1950 1536 erant decimae: quae habebant in lege Moysi aliquid morale, & de lege naturae. Erat enim semper de lege natu-
187 1534 1946 1600 rae quod iugiter vacantibus diuino ministerio communiter ab omnibus de bonis suis debuit prouideri. Erat au-
186 1584 1945 1646 tem in illo cerimoniale & figuratiuum quiddam: determinata scilicet quota terrae nascentium & in foetibus
184 1646 1944 1705 animalium: vt quod decima pars solueretur: non nona vel octaua, nisi vellet quis: non vndecima vel duodeci-
185 1693 1948 1757 ma etiam licet vellet soluere sic. Propter quid adueniente lege euangelica, & cessantibus cerimoniis, cessauit &
181 1749 1953 1807 solutio decimae pro quota illa: sed mansit pro illo quod in illa erat de iure legis naturae: & ad illud redu-
186 1802 1951 1868 xit lex euangelica. Vnde quod postmodum decimae soluebantur in ecclesia, hoc non erat quia erant institutae in
183 1853 1955 1908 lege Mosaica: neque ea intentione, scilicet in significatione futuri per illam quotam: hoc enim omnino illicitum
186 1909 1943 1976 erat diuulgato euangelio: quemadmodum illicita est obseruantia sabbati ludaeorum & neomeniae & circum-
180 1962 1941 2019 cisionis & caeterorum cerimonialium: sed hoc erat ex noua institutione ecclesiae: & introductum & prae-
172 2015 1938 2075 scriptum ex pia fidelium deuotione. & sic decimae modo partim sunt de iure euangelii & naturali: partim
173 2075 1943 2134 de iure humano & positiuo. PER haec patet solutio ad primum obiectum. Dicendum enim quod decimae licet non
187 2125 1943 2191 pertineant ad praecepta moralia quo ad quotam denariam: tamen pertinent ad illa quo ad aliquid indeter-
187 2175 1946 2244 minate soluendum secundum aestimationem rectae rationis in soluentibus iuxta pluralitatem facultatis.
226 2230 1936 2302 AD secundum de dicto illo Christi in euangelio: dicendum quod licet illud scriptum sit in euangelio,
176 2286 1945 2339 non tamen Christus dixit illud pro tempore euangelii: sed pro tempore legis Moysi: in quo nondum
184 2339 1947 2392 cessabant cerimonialia. & ideo adhuc de lege Moysi quota illa erat soluenda. Et ideo nihil ad proposi
183 2390 804 2462 tum de solutione eorum facienda.
519 2440 1943 2506 Equuntur quaestiones duae de bonis priuatis. Quarum prima erat de bonis repeten-
514 2500 1938 2553 dis. Vtrum alicui liceat repetere debitum cum scandalo. Secunda erat de bonis re-
507 2553 1936 2625 tinendis. Vtrum adeptus beneficium per simulationem debeat illud resignare. ClR
519 2605 1945 2671 ca primum arguitur quod sic: quia opus iustitiae est repetere quid suum est: & illud sem-
517 2672 1949 2730 per est licitum. CONtra est: quoniam ordo est in charitate: vt quis plus diligere de
499 2706 1949 2769 beat animam proximi quam quodcunque bonum temporale suum. Potius ergo debet amit
489 2767 1941 2837 tere bonum temporale quod sibi debetur: & per hoc illud non repetere: qui in scandalizan-
180 2821 1951 2887 do proximum animam eius perdere. DICENdum: quod eorum quae fiunt quaedam sunt ex se & ex sua
187 2875 1952 2937 natura simpliciter bona. Quaedam vero sunt simpliciter mala. Quaedam indifferentia. De primis sunt
183 2927 1953 2984 illa quae pertinent ad praecepta affirmatiua de diligendo deum & proximum: ad quae explenda homo
186 2980 1958 3046 obligatus est semper: non autem pro semper: sed solum pro tempore opportuno. Et quidem quo ad actum
180 3043 1952 3107 interiorem semper est tempus opportunum cum occurrit memoriae de faciendo vel non faciendo. Quo
186 3084 1965 3156 ad actum vero exteriorem, non est tempus opportunum nisi cum est expediens, debitis circunstantiis in
189 3142 1954 3206 terius & exterius consideratis. Aliquando enim expedit quod quis ignoretur esse pater alicuius. propter
185 3205 1968 3277 quid pro tempore illo non debet silius ille patri paternum honorem in opere exteriori exhibere: quia non
