2441 3716
487 322 2267 399 expediret: & posset casus contingere in quo scandaliczaret. Quemadmodum in credendis & eis quae per-
500 383 2264 440 tinent ad veritatem fidei: non omnia sunt omni tempore proponenda: sed quaedam non nisi tempore oppor
498 432 2269 503 tuno. Secundum quod Paulus loquens sapientiam inter perfectos, loqui non potuit Corinthiis tanquam spiri
498 487 2267 553 tualibus sed tanqui carnalibus. Talia autem in tempore non opportuno propter scandalum quod inde pos
496 546 2265 606 set contingere, omittenda sunt: tempore vero opportuno nequaquam: etiam si scandalum oporteat inde
502 600 2260 662 exoriri. quemadmodum Christus tempore opportuno praedicauit mysterium sacramenti corporis & san-
494 644 2271 717 guinis sui: licet multi abierunt retro dicentes durus est hic sermo. DE simpliciter malis sunt omnia
497 716 2259 764 illa quae pertinent ad praecepta negatiua de non nocendo proximo. Ad quae explenda scilicet in non facien
496 756 2271 816 do, obligatus est homo semper & ad semper: & quo ad actum interiorem & exteriorem: ita quod pro nullo
492 810 2272 866 scandalo euitando aliquod eorum agendum est. DE indifferentibus sunt quae de se neque bona, neque
497 868 2271 931 mala sunt: nec obligatur homo ad ea facienda vel non facienda: sed ex modo faciendi bonum est quan
499 918 2272 972 doque ea facere & malum omittere: quandoque econuerso, quemadmodum erant indifferentia post mortem
503 976 2259 1040 Christi ante euangelii diuulgationem cerimonialia legis Mosaicae: vt determinat Augustinus in epistolis
503 1030 2270 1090 ad Hierony. Vnde Paulus ea celebrauit more ludaeorum: spem tamen non ponendo in eis: ne ludaei scan
500 1080 2271 1142 dalicarentur putantes Paulum credere ea omnino respuenda: quemadmodum respuenda erant sacrificia
499 1134 2264 1198 idolorum. Vnde super illud Gali. primo. Sed neque Titus cum esset gentilis compulsus est circuncidi
505 1189 2262 1257 Glossa. Ne occasionem daret eis qui sine circuncisione dicebant credentes saluos esse non posse: & hoc ad
503 1239 2269 1301 deceptionem gentium: scilicet ne scandalicarentur. Alibi vero vbi non obfuit circuncidit Timo-
500 1294 2262 1360 theum pro scandalo ludaeorum: ne sic videretur detestari circuncisionem sicut idololatria detestanda
504 1348 2269 1406 est. Petrus vero ea obseruans discernendo cibaria cum ludaeis quasi spem poneret in ipsis, gentes scanda
504 1399 2277 1469 lizabat seu iudaizare coegit: vt dicit Paulus in epistola ad Gal. De numero talium est id de quo quaestio
499 1459 2266 1522 dicta proposita est. Repetere enim debitum quantum est ex se, indifferens est: quia potest bene fieri & ma
503 1512 2261 1574 le: & similiter non repetere. Si enim voluerit creditor, omnino potest remittere: vt nunquam possit vel de
507 1565 2260 1622 beat repetere. Si autem non vult remittere: & qui tenetur est soluendo, & non vult soluere: si per viam
505 1619 2270 1680 iustitiae in iudicio sine scandalo posset obtinere vt ille cogeretur soluere: pietas esset repetere tali inten
509 1672 2260 1730 tione vt ille ab iniusta possessione liberaretur: & per hoc facilius ad poenitentiam: quia rem detinuit alie
494 1726 2265 1785 nam, deduceretur. dicente Augustino de tali, libro secundo de sermone domini in monte. Si modeste
511 1786 2262 1843 ac leuiter omni modo egerit vt sibi restituantur debita (scilicet pecunia de qua loquitur) non tam in
507 1837 2262 1899 tendens fructum pecuniae: quam vt hominem corrigat: sine dubio perniciosum est habere vnde reddat &
513 1894 2273 1955 non reddere. Non solum non peccabit, sed proderit etiam plurimum: ne ille dum alienam pecuniam lu
504 1940 2259 2002 crifacere vult, damnum fidei patiatur. Sed cum sine scandalo debitoris nolentis soluere per viam iu-
505 1992 2263 2052 stitiae obtinere seu repetere debitum non poterit, hic debet deliberare quid praeeligendum erit: quia aut opor
517 2050 2268 2108 tet creditorem amittere pecuniam: aut per nouum peccatum mortale scilicet scandali, super peccatum
501 2102 2274 2172 cupiditatis retinendi alienum introductum domini, amittere debitoris animam. Nunc autem clarum
512 2154 2264 2220 est: quod quilibet plus velle tenetur deo conseruare animam proximi sui: & facere quod conseruetur quantum
509 2209 2264 2272 in se est: quam sibi pecuniam debitam recuperare: quanto magis spirituale bonum ordinatum ad aeternam
512 2264 2270 2319 beatitudinem percipiendam cuiusmodi est anima proximi, plus debemus diligere quam quodcumque bonum tempo
509 2316 2264 2378 rale: Immo tenetur quilibet bonum temporale vt stercora reputare: & quantum in se est animam proxi-
509 2375 2263 2436 mi deo custodire: ita quod non solum hoc sit in consilio sed in praecepto. Vnde & sano consilio: vt quietus
504 2422 2262 2484 homo deo possit vacare, potius huiusmodi pecuniam debet perdere quam cum contentione repetere. secun
509 2474 2263 2534 dum quod consulit apostolus cum dicit Ephes. ii. Redimentes tempus quoniam dies mali sunt. vbi dicit glossa.
511 2531 2269 2598 Redimit tempus ille qui perdit. i. dat de suo vt vacet deo non litibus. vnde dominus ait Matthaei. c. Siquis
512 2588 2272 2654 vult tecum in iudicio contendere & tunicam tollere, dimitte ei & pallium. Simpliciter ergo dico quod in tali casu
508 2636 2270 2695 debet quilibet pecuniam perdere potius quam proximum scandalizare: quia in tali casu repetere non manet
511 2691 2260 2749 indifferens: sed factum est simpliciter malum: & ideo esset occasio scandali data non accepta solum.
517 2745 2259 2809 Tunc enim est solummodo accepta quando consistit in dicto vel facto quod non est malum, neque ex se,
507 2797 2263 2857 neque ex circunstantia: immo potius bonum pro tempore & loco: vt in eo quod pertinet ad veritatem
508 2853 2264 2908 vitae iustitiae & disciplinae, quae cum opportuna est vt proponatur in dicto vel facto, pro scandalo in-
502 2905 2271 2967 de oriundo nullo modo omittenda est. Tunc vero est occasio data quando consistit in malo dicto vel
505 2959 2263 3015 facto: & hoc vel ex substantia operis vel ex eius circunstantia. secundum quod & definitur Scandalum acti
502 3012 2264 3070 uum: quod est dictum vel factum minus rectum praebens occasionem ruinae. & tale est omne dictum vel
508 3065 2266 3133 factum, vel non dictum, vel non factum: quod potest omitti & fieri sine peccato & maxime mortali.
533 3120 2271 3184 IN praedicto ergo casu qui est casus propositae quaestionis, pecunia non est repetenda sed dimittenda, si nos
513 3176 2265 3260 volumus nobis dimitti peccata nostra. secundum quod dicit Augustinus libro. ii. de sermone domini in mon
