2455 3732
510 252 2236 343 cium ad quod est & scit se inidoneum esse ad deseruiendum. Quilibet enim tenetur a se amouere il
507 332 2236 397 lud quod tenet ipsum in peccato mortali. de quo nihil ad praesens. Si vero simulatio fuit de eis quae per-
512 381 2247 444 tinent ad fauorem & amicitiam carnalem: cum fauor & amicitia pertineant ad bona personalia tantum:
505 440 2234 510 & ideo sunt quasi munera oblata a lingua vel ex obsequio: in isto casu credo quod peccat conferens tanquam
507 494 2240 560 acceptor personarum pro munere: & ita quantum in ipso est symoniacus est. Et peccat etiam reci-
509 548 2244 616 piens in simulatione: & in vitio symoniaco incidenti pro muneris collatione. & si per simulationem in-
506 597 2247 675 tendebat obtinere beneficium, tenetur sicut symoniacus beneficium resignare: si tamen statutum
511 668 2245 731 ecclesiae quod symoniaci beneficia ecclesiastica percipere non possunt: aut percepta tenentur resignare: in-
512 715 2249 775 telligatur de omni genere symoniae. Super hoc enim est quorundam opinio quod statutum ecclesiae in-
508 774 2242 844 telligitur de illo genere symoniae quae contrahitur per munus a manu vel ab obsequio proprie di-
510 827 2252 892 cto: quia per vtrunque istorum aliquid reale recipitur a conferente beneficium: non autem de illo ge-
516 885 2242 952 nere symoniae quae contrahitur per munus a lingua, & in aliis modis simulationis, in quibus nihil
515 938 2245 1001 reale recipit conferens beneficium. Aliorum vero opinio est, quod statutum ecclesiae intelligitur de om
512 1002 2252 1067 ni genere symoniae. Si vero non intendebat per illam simulationem obtinere beneficium: & sit alias
522 1050 2250 1111 idoneus: licet ad munus simulationis aspiceret conferens: & ipse quantum in se est sit symoniacus:
507 1107 2244 1179 non tamen credo quod symoniacus sit recipiens: nec beneficium tenetur resignare: nisi firmiter cre-
515 1160 2257 1234 dat & praesumat quod propter simulationem principaliter beneficium ei sit collatum: & nisi symonia ex
521 1218 2249 1277 altera parte, faceret collationem ex vtraque parte esse symoniacam. Si vero alias non sit idoneus, tunc
531 1276 2242 1340 peccat recipiens: & non tenetur aliter resignare nisi secundum iam tactum modum. PER dicta
537 1331 2241 1398 patet responsio ad obiectum primum. AD Secundum de lacob, dicendum quod eius simulatio facta
519 1385 2248 1444 est in prophetia & mysterio: secundum quod exponit Augustinus contra Faustum. Vnde licet non
516 1436 2240 1493 sine illa simulatione quo ad factum exterius obtinuit lacob benedictionem: non tamen propter il-
510 1494 2243 1579 lam sed propter mysterium quod forte pro hora lsaac latuit: sed tamen in ipso spiritus sanctus in-
518 1547 709 1616 tendebat.
835 1654 2253 1737 Equitur de pertinentibus ad omnes homines generaliter: sed principaliter ad
835 1719 2256 1781 totum compositum ex anima & corpore. Quorum vnum erat vt dispositio in
835 1774 2253 1837 natura. Alia vero quaedam vt operatio egrediens a natura. Et tertio alia ad sancti-
829 1827 2254 1899 ficandum naturam. PRImum istorum erat: vtrum homo possit esse non risi-
835 1884 2247 1949 bilis. ET arguitur quod sic. Quia deus potest plus facere quam intellectus cogitare. sed
820 1930 2253 2032 intellectus potest cogitare hominem non cogitando risibile in illo. ergo deus po
832 1990 2241 2064 test facere hominem absque hoc quod sit risibilis. sed nihil potest facere nisi quod po-
510 2042 2247 2125 test esse, ergo &c. CONTRA. homini proprium est esse risibile: sicut creaturae quod sit creatura. sed
506 2097 2243 2179 creatura non potest esse quin sit creatura. ergo &c. SCIENdum est hic primo: quod in omnibus tali-
510 2151 2250 2236 bus quaestionibus circa naturas quae fundantur super potentiam diuinam, attendendum est quid
517 2208 2255 2296 possibile est esse, vel fore, vel fuisse in creatura. super omne enim quod tale est, potest deus. & tale est
513 2264 2255 2338 omne quod contradictoria non includit in se, aut repugnantiam aliquam quae reducitur ad contra-
512 2320 2260 2392 dictionem. Et sic non est quaerendum quid deus possit circa creaturas: sed quid circa eas fieri pos-
510 2375 2247 2450 sit: quia omne tale potest deus. et quod circa eas nullo modo potest fieri, deus circa eas nullo mo-
515 2422 2252 2502 do potest facere. dicente Augustino super Genesim: Quia illud facere nullius est potentiae: & propter
512 2484 2249 2559 hoc ipsum non posse facere nullius est impotentiae. DIcendum ergo ad quaestionem, quod aut risibile
511 2544 2257 2611 intantum inhaeret humanae naturae, quantum habere tres angulos inhaeret triangulo, & omnino si-
511 2600 2269 2670 cut accidens inseparabile: aut sicut accidens sine quo nunquam inuenitur: posset tamen stare natura hu
510 2645 2260 2725 mana in esse fine illo. quemadmodum materia potest stare in esse existentiae naturae suae absque omni
506 2698 2243 2777 forma: vt in quadam alia quaestione de Quolibet determinauimus: licet in rerum natura materia nunquam
512 2771 2254 2829 inuenitur in esse fine forma. Si primo modo: planum est quod homo non habet esse quin sit risibilis. li-
514 2824 2253 2883 cet enim sit accidens eius: tamen essentia hominis in eo quod homo, non est nisi sit habilitas quaedam
512 2865 2256 2938 ad actum ridendi: quod appellatur esse risibile. Et ideo nec deus posset facere quod homo esset & non
510 2915 2258 2996 esset risibile. Si vero sit de secundo genere, sic posset esse & non risibile: & deus posset illud face-
517 2964 2257 3049 re. Et puto quod risibile sit de primo genere. Et ideo dicendum simpliciter quod homo non posset esse
525 3039 2260 3105 quin sit risibilis. Et concedenda est ratio ad hoc quod risibile non est nisi respectus in essentia & natura ho
518 3073 2261 3171 minis ad actum ridendi: sicut creatio in esse creaturae ad creatorem, inquantum creatio dicit creatum
