2460 3726
473 262 2261 351 eligi posset, eligit in illo in quo ipsum eligere non deberet: sicut eligit bonum omnis peccator: & ideo ele
484 331 2256 391 ctio illa est mala: quia eligit bonum vbi habet rationem defectus contemnendo ipsum vbi habet ratio-
473 389 2243 459 nem perfecti. & secundum hoc id quod est minus bonum, bonum est absolute: quasi malum tamen: quia
474 456 2255 520 defectiuum respectu boni maioris: & sic praefert in sua electione defectum boni ipsi bono. Propter
485 503 2256 568 quod sequuntur duo. Vnum quod statuit sibi in illo bono minori finem boni in eo quod excludit maius seu
484 559 2260 628 quod amplius est in maiori. dicente glos. super illud ad Phil. Non quod iam acceperim aut iam perfectus
475 613 2263 683 sim. Nemo fidelium etsi multum profecerit dicat, sufficit mihi. Qui enim hoc dicit, haesit in via ante fi
473 670 2272 734 nem. Alterum est: quod contemnendo illud bonum quod amplius est in maiori, cum non sit in eo nisi ratio
470 720 2266 791 boni, contemnit in eo bonum quia bonum. Quare cum ratio boni contemni non potest nisi contemnem
481 779 2268 856 do primum & summum bonum in illo: quia omne bonum est aliqua ratio primi boni: eligendo ergo
478 830 2263 903 minus bonum contemnit primum bonum, non solum indirecte sicut ipsum contemnit quilibet pecca
483 890 2264 968 tor appetendo bonum delectabile vt nunc in alio a primo bono: in quo simul sibi si possibile esset vellet
485 939 2266 1017 adesse primum bonum & delectabile quod est in ipso: sed quia hoc est impossibile nisi hoc bonum omit-
484 1005 2267 1077 tat & delectationem quam habet in illo, contemnit primum & summum. lste vero non sic: immo absolu-
477 1055 2272 1135 te non vult sibi illud bonum adesse: & ita neque bonum simpliciter quia bonum: sed quia hoc: & sic sim
491 1115 2265 1177 pliciter contemnit absolute bonum simpliciter nolens in bono proficere: quid secundum Bernardum est
490 1173 2268 1242 a bono deficere. & secundum quod super illud Phil. Ad ea vero quae sunt priora extendens. dicit glossa. ad
486 1223 2260 1292 futura merita, a quibus si cessaret, etiam perderet praeterita. Quin ergo non agens melius in proposito ca
481 1281 2257 1350 su non peccet ex pura malitia & magno contemptu: & ita mortaliter, non video. VOlunt tamen ali
493 1330 2256 1413 qui distinguere tam in eis quae fiunt ad alium, siue in agendo negotium proprium, & agendo nego-
484 1400 2267 1467 tium alterius: dicendo quod refert in minimis & magnis operibus: & quod in magnis operibus quae ad ma-
492 1450 2269 1517 gnum bonum ordinantur, eligens minus bonum mortaliter peccet. verbi gratia, in eis quae sunt ad al
490 1508 2268 1568 terum, puta in electione pontificis, qui aliis eisdem retentis minus bonum & idoneum ad pontificale
485 1563 2266 1630 officium exercendum, & licet simpliciter bonum praeferret meliori & magis idoneo. Hoc enim non
489 1612 2274 1681 posset fieri nisi ex summa malitia quia non diligeret honorem & promotionem ecclesiae: aut ex aliqua
485 1675 2275 1726 carnali affectione circa minus bonum: et ideo necessario esset acceptor personarum. In hoc tamen non
477 1720 2267 1791 habet locum casus propositae quaestionis: quia propter affectionem trahentem non aeque faciliter pos
474 1780 2270 1841 set maius bonum praeferre minus bono sicut econuerso. Similiter in eis quae sunt ad ipsum: vt in col-
480 1835 2272 1900 latione eleemosynae propriae: qui duobus pauperibus egentibus propositis: sed vno multo magis: cui
486 1894 2271 1950 offerendo multo plus mereretur quam offerendo alteri qui minus indiget: si dimisso magis indigenti
485 1950 2266 2019 conferret eam minus indigenti aut valde modicum: hoc non posset fieri nisi aut ex malitia qua si
485 1999 2268 2077 bi non vult meritum maius, aut ex carnali affectione qua personam accipit. In minimis vero dicunt
482 2058 2265 2116 quod bene potest illud contingere ex veniali contemptu. verbi gratia in eis quae fiunt ad alterum: si do-
476 2111 2266 2166 minus det denarium ministro: vt det vni ex duobus pauperibus propositis: & videt quod vnus modi-
481 2168 2273 2238 cum quid plus indiget quam alter: & dat minus indigenti. Et consimile exemplum est in eis quae fiunt
480 2223 2265 2287 ad seipsum si denarium det de proprio. SED planum est ex iam dictis quod hoc non facit talis nisi aut
484 2277 2267 2338 motus passione & carnali aliqua affectione plus ad minus indigentem quam ad magis indigentem: aut
481 2335 2268 2393 ex sola malitia electionis siue eligentis. Quia si primo modo: bene verum est quod tunc secundum exigen-
486 2388 2269 2447 tiam affectionis & libidinis in ea bene potest esse contemptus ille venialis. sed hoc nihil ad casum pro-
481 2443 2266 2509 positum: qui debet esse caeteris paribus: & quod cum aequali facilitate potest attribui vni & alteri. Si er-
484 2494 2265 2571 go in proposito casu praeferat minus indigentem quantumcunque modicum: alter autem plus indiget
486 2551 2265 2609 hoc non facit nisi quia non vult alteri aut sibi maius bonum: quid non potest esse nisi ex magna malitia
483 2604 2266 2664 & ex magno contemptu. vt patet ex iam dictis. Sed dices: quomodo ergo carnalis affectio ad minus
482 2663 2267 2723 indigentem potest facere veniale quod alias esset mortale: Et patet hoc etiam ex praedictis: quoniam mu
484 2716 2267 2772 tat genus contemptus: quoniam iste qui praefert minus indigentem sine affectione, non contemnit
490 2768 2273 2842 bonum nisi quia bonum quod non vult sibi aut alteri adesse: & ita directe ipsum contemnit: quod
493 2827 2271 2901 non potest esse nisi ex certa malitia. Ille vero qui praefert illum ex affectione, non contemnit bonum
486 2877 2271 2933 ratione qua bonum: quia bene vellet habere tantum meritum in conferendo huic quantum habuis-
490 2930 2266 2996 set in conferendo alteri. propter tamen affectionem praeeligit minus bonum & confert huic: & contem
491 2991 2265 3061 nit indirecte maius meritum non conferendo illi. Non video ergo quod quantum ad genus peccati mortalis dif-
491 3036 2278 3096 ferunt in maiori & minori: licet maius peccatum sit in maiori quam in minori. PER haec patet quomodo
496 3101 2264 3167 concedenda est prima ratio. AD rationem secundam quod tunc homo tenetur ad consilia: quia sunt maio
491 3139 2263 3244 iora bona quam praecepta: Dicendum quod hic deficit conditio quae est caeteris paribus & aequali facilitate.
