2421 3728
193 272 1972 365 Non enim est paritas: quia possunt impleri praecepta fine consiliis, & non econuerso. & per hoc neque est
201 339 1043 422 aequalis facilitas implendi praecepta & consilia.
538 391 1972 463 Irca secundum arguitur quod mortaliter peccat exponens se illi periculo. Quia dici-
529 447 1954 506 tur Ecclesiastes iii. Qui amat periculum peribit in illo. CONtra. tunc multi essent in
525 492 1952 565 periculo mortalis peccati & damnationis. DICENdum quod quaestio ista generalis
526 558 1952 615 est de omnibus in quibus doctores contrariantur. Et certum est quod in altero contra-
523 604 1951 665 riorum in quibus est peccatum mortale, sicut est in tenere redditus ad vitam, & ac-
530 661 1953 722 cipiendo vltra fortem, si hoc sit vere vsura: super quo variantur opiniones doctorum.
559 721 1947 787 ET sunt circa eius dissolutionem tria aduertenda. Primo status doctorum: Secun-
194 768 1954 832 do rationes & fundamenta eorum: Tertio conditio auditorum: quos appello omnes qui agere volunt
186 821 1950 888 secundum consilia alterius partis doctorum. Primo status doctorum aduertendus est: quales inuenti
192 884 1945 942 sunt in aliis determinationibus suis: vrum veraces, dubii, vel mendaces secundum magis & minus: qua-
193 932 1959 1001 liter viuunt: si ostendunt se esse amatores veritatis non tam sermone quam opere: qualiter instructi sunt
196 990 1953 1053 & illustrati in notitia eorum quae pertinent ad quaestiones terminandas: qua affectione in determinam
191 1039 1955 1101 do moueantur: qualia hactenus determinabant ipsi vel amici eorum: ad quae sequitur forte vel non
192 1091 1952 1159 sequitur id quod nunc super proposita quaestione determinant: qualia consilia dare super casu propositae
195 1145 1956 1212 quaestionis ipsi vel coniuncti eis dare consueuerunt. Facilius enim homines sententiant secundum ta
197 1203 1952 1267 lia. SECVNdo rationes & fundamenta doctorum in sententiando respicienda sunt: quorum rationes
192 1256 1951 1322 efficaciores & validiores & auctoritates expressiores. TERtio conditio auditorum: an sint literati
195 1306 1948 1377 & discreti potentes discernere determinationes, & eas comparare: an simplices quos oportet alteri par-
189 1372 1955 1438 ti credere: & etiam an vtraque pars doctorum quo ad omnia aequaliter nota est eis, an altera tantum. Et se
189 1420 1957 1487 cundum hoc combinando praedicta varie tenentur conscientias suas ipsi auditores informare. Et secun-
193 1478 1952 1539 dum hoc est aliquando vni peccatum mortale exponere se dubio illi & periculo & non alteri. Si enim
192 1527 1960 1590 auditor peritus sit, & nouit statum doctoris qui sententiat contra partem periculosam, habere omnes
200 1576 1955 1649 bonas conditiones praedictas, aut plures ex eis quam alius: nouit etiam rationes eius esse efficaciores & ex-
197 1642 1954 1708 pressiores auctoritates quas adducit: iste procul dubio exponens se illi periculo mortaliter peccat: quia
193 1684 1957 1759 quod agit non est ex fide siue conscientia: sed contra dictamen conscientiae & rationis rectae. Si vero auditor sim
199 1740 1956 1811 plex sit non potens discernere doctorum determinationes neque conditiones praedictas circa doctorem
200 1798 1946 1862 qui stat contra partem periculosam: sed nouit probos esse illos qui sententiant contrarium: aut praesu-
192 1842 1960 1912 mit eos magis esse fide dignos: iste exponendo se illi periculo non peccat mortaliter: quia non reputat illud
191 1898 1955 1969 periculum, etsi sit in rei veritate. Quia si sit in rei veritate, licet non peccet exponendo se illi periculo peccat tamen
190 1963 1953 2022 mortaliter faciendo quod regula fidei prohibet licet occultum sit ei quod illud prohibet: quia huiusmodi igno
193 2002 1957 2074 rantia non est facti sed iuris, quae neminem excusat. Nisi forte distinguendum sit inter ea quae perti
199 2064 1954 2132 nent ad principia legis naturalis: vt sunt illa quae sunt expressa in praeceptis decalogi: quae nemi-
189 2122 1959 2189 nem habentem liberum arbitrium ignorare licet: & inter ea quae sunt post illa principia: & ex illis du
193 2169 1954 2235 ctu rationis elicienda: quae forte licet aliquos simpliciores ignorare: & maxime habentes ignorantiam
193 2221 1944 2290 inuincibilem ex debilitate ingenii ad illa cognoscenda. PER haec patet primum obiectum. AD se-
195 2278 1952 2343 cundum, quod tunc multi essent in periculo mortalis peccati, dicendum quod ex casu propositae quaestionis
187 2330 1953 2402 non sunt aliqui in periculo mortalis peccati: nisi solum illi qui contra conscientiam illi periculo se expo-
198 2378 1956 2454 nunt: etsi forte sint multi qui peccant ratione rei factae: vt pote potentes ex seipsis circa hoc veritatem
197 2433 1954 2505 diiudicare, non quia ille qui huiusmodi periculo se exponit semper duo ex hoc peccata incurrit: vnum
197 2493 1954 2556 ex temeritate: aliud ex facto: sed quia etsi factum non esset mortale in veritate, propter temeritatem ta-
188 2540 1598 2610 men in agendo contra conscientiam qua illud reputatur mortale, esset mortale.
531 2594 1961 2655 Equuntur quaestiones pertinentes ad sanctificationem naturae: quae erant de per-
545 2649 1949 2707 tinentibus ad sacramenta. Et erat vnum pertinens ad sacramentum poenitentiae.
547 2703 1954 2770 Vtrum peccator poenitens statim tenetur confiteri. Et aliud pertinens ad exequutio-
524 2766 1961 2828 nem sacramenti ordinis. Vtrum religiosus per abbatem suum episcopo praesentatus
531 2816 1957 2875 ad curam, & ab episcopo institutus, plus debet obedire abbati reuocanti ipsum a cura
514 2862 1964 2926 ad claustrum: an episcopo praecipienti quod in cura sua persistat. Et tertium pertinens
528 2911 1962 2973 ad effectum corporalem specierum in sacramento altaris vel Eucharistiae. Vtrum scilicet
197 2965 1958 3027 species sacramenti Eucharistiae nutriant. Et quartum pertinens ad spiritualem effectum communiter omnium
195 3025 1958 3095 sacramentorum. Vtrum in sacramentis nouae legis sit virtus creatiua gratiae. ClRca primum arguitur
194 3078 1955 3150 quod poenitens non tenetur statim confiteri: quia tunc non confitens statim: statim peccaret. quod est absurdum.
236 3132 1971 3217 CONtra. aliter sese exponit periculo: quia non habemus diem neque horam. DIcendum ad hoc: quod
