2464 3691
493 223 2276 322 poenitens statim ab hora poenitentiae habens sacerdotem paratum cui possit confiteri: aliter enim confite
495 291 2268 366 ri non posset nec deberet: aut ergo expectat tempus confitendi magis congruum sibi & opportunum secundum di
501 346 2266 426 uersas circunstantias quae ad confitendum requiruntur: aut non. Si non, statim confiteri tenetur. Alias enim
500 398 2276 472 non esset vere poenitens: immo sacramentum poenitentiae sacramentalis quae per sacerdotis absolutionem
501 457 2273 528 confertur, contemnens. & ita cum magis bonum esset statim confiteri quam diutius expectare: & aequa facilitate
503 519 2268 586 posset statim confiteri & diutius expectare: immo si nulla esset opportunitas expectandi: iam non aequa
498 559 2267 639 facilitate: immo laboriose contemneret maius bonum quia bonum: quod non potest esse sine mortali peccato:
505 606 2274 691 vt habitum est in quadam quaestione praecedente. Si sic, aut ergo instat tempus quo exponit se periculo quod pos
505 669 2278 747 sit ab ipso praecludere actum poenitendi: vt si ingressurus est mare tempestuosum, aut bellum crudele, aut ali
501 719 2268 795 quid huiusmodi: aut non instat tempus tale. Si primo modo, statim debet confiteri eadem de causa qua prius.
497 769 2277 848 Si secundo modo, non debet statim confiteri: sed potest expectare tempus magis opportunum: sed non trans
504 840 2271 910 gredi tempus ab ecclesia statutum. extra de poenitentiis & remissionibus. capitulo Omnis vtriusque sexus. Et per
514 883 2272 960 hoc patet responsio ad primum: quoniam non peccat statim non confitens nisi in casu. AD secundum dicen-
505 944 2274 1011 dum: quod non habemus diem neque horam. Verum est in certitudine: habemus tamen in rationabili coniectura
509 990 2276 1073 secundum dispositionem status nostri ab interius & ab exterius: quam deus acceptat. infra quam si iustus
506 1047 1614 1127 poenitens etiam praeoccupatus fuerit, tamen in refrigerio erit.
845 1108 2273 1168 Irca secundum arguitur: quod religiosus institutus in cura plus debet obedire Episco
851 1162 2275 1232 po in remanendo in cura, quam abbati in recedendo ab ipsa. quoniam semper potestati superio-
847 1219 2272 1276 ri plus obediendum est. potestas episcopi superior est, ergo &c. CONtra. ei plus
853 1260 2279 1330 obediendum est cui factum est votum de obediendo: quam cui non est factum. sed religio-
847 1313 2259 1385 sus ille votum fecit de obediendo abbati & non episcopo. ergo &c. DICENdum
840 1368 2274 1440 quod vnicuique superiori obediendum est quantum ad eius iurisdictionem & obedien-
515 1428 2275 1494 tiam pertinet. Cum ergo quantum ad regimen animarum exercendum quilibet curatus siue religiosus, siue
514 1481 2276 1548 saecularis ad iurisdictionem pertineat episcopi & ad eius obedientiam: ita quod de iure communi nullus curatus
513 1541 2278 1609 potest curam suam sine episcopi licentia dimittere: vt extra de renunciatione. Admonet. A cura ergo eum re
516 1581 2278 1658 uocante abbate cui in hoc ad nullam obedientiam est obligatus: & episcopo praecipiente stare in cura, cui
520 1639 2276 1704 ad hoc per obedientiam est obligatus: obedire debet episcopo & non abbati. ET per haec patent obiecta.
513 1690 2280 1763 Magis enim debet quilibet obedire potestati superiori in eo quod pertinet ad eius obedientiam: quam inferiori:
516 1747 2283 1820 vt dicit primum argumentum: & econuerso inferiori magis in eo quod pertinet ad eius obedientiam: cuiusmo-
517 1799 2286 1871 di est obseruantia regularis: quam superiori: nisi sit talis superior cui debeatur omnimoda obedientia: cu
519 1861 1079 1930 iusmodi est summus Pontifex.
852 1893 2280 1973 lrca tertium arguitur quod species in sacramento altaris non nutriant: quia non sunt
860 1971 2282 2025 substantiae. ex eisdem enim sumus & nutrimur: vt dicitur secundo de generatione.
875 2022 2277 2084 CONtra est experimentum quod species sacramenti nutriant. OPORtet credere:
858 2080 2282 2155 quod secundum quod dicitur hoc habet experimentum si in magna quantitate fieret con-
857 2130 2278 2195 secratio. Et quod species illae huiusmodi virtutem habeant, hoc multum congruit aenigma
852 2175 2282 2238 ti fidei: ne scilicet si nutrire non possent, experientia sensibilis doceret quod substantia quae
521 2229 2273 2301 ibi prius erat, translata esset. Quod solummodo ex fide tenendum est. Non solum ergo credere, sed simplici
520 2294 2291 2357 ter debemus ponere quod sic debet esse: quod scilicet species illae nutriant: ne carendo vi nutritiua fidei aenigma
520 2350 2278 2407 detegerent. SED quomodo nutriant, in hoc consistit difficultas tota. Et est manifestum quod secundum quod
521 2393 2277 2466 concludit primum argumentum, non nutriunt naturaliter: quia non sunt nisi accidentia: & illud quod augmen
525 2462 2292 2516 tat & nutrit debet esse in potentia tale secundum formam substantialem quale est in actu augmentabile &
521 2498 2285 2580 nutribile. Dicente philosopho in primo de generatione: Secundum quod est potentia vtrumque: verbi gratia quan-
517 2559 2286 2626 ta caro, auget. purum autem accidens ad formam substantialem in potentia non est. Et iterum. Forma quaecumque
521 2604 2292 2679 ad formam non est in potentia: quia ipsa in se est actus quidam: sed quod est in potentia ad formam quancumque non
520 2661 2298 2738 est nisi materia, vel habens in se maximam partem sui per ipsam materiam: sub speciebus autem illis non est
518 2711 2287 2785 omnino materia: quia translata est vt fides tenet. POnendum est ergo quod species illae nutriant: sed quod superna-
521 2765 2288 2850 turaliter nutriant: ponendo scilicet quod diuinitus & supernaturaliter a deo data sit eis eadem vis in agen-
520 2828 2292 2892 do & patiendo quam haberent verus panis & verum vnum. Et ideo secundum illum eundem modum quo panis
523 2881 2290 2947 & vinum ponuntur nutrire, dicimus quod nutriunt illae species. ET non restat videre nisi quomodo in speciebus illis
527 2919 2292 2998 sit possibilitas recipiendi in se talem virtutem. In eis enim qua deus facit in rebus creatis supnaturaliter vel per ips-
526 2983 2295 3053 sas, non restat videre nisi quomodo in ipsis possit fieri: aut per ipsas. deus enim in ipsis & per ipsas potest facere quicquid
531 3033 2290 3108 in ipsis vel per ipsas potest fieri, quid enim in ipsis vel per ipsas non potest fieri, hoc nec deus per ipsas vel in ipsis
524 3106 2298 3188 potest facere. quia nec est fieri possibile occurrente contradictione. & ideo illud defectui nullius poten-
