<?xml version="1.0" encoding="UTF-8" standalone="yes"?>
<PcGts xmlns="http://schema.primaresearch.org/PAGE/gts/pagecontent/2013-07-15" xmlns:xsi="http://www.w3.org/2001/XMLSchema-instance" xsi:schemaLocation="http://schema.primaresearch.org/PAGE/gts/pagecontent/2013-07-15 http://schema.primaresearch.org/PAGE/gts/pagecontent/2013-07-15/pagecontent.xsd">
    <Metadata>
        <Creator>prov=University of Rostock/Institute of Mathematics/CITlab|PLANET AI GmbH/Gundram Leifert/gundram.leifert@planet-ai.de:name=Badius1518-m5(htr_id=23184)::::v=2.6.6
prov=University of Rostock/Institute of Mathematics/CITlab|PLANET AI GmbH/Tobias Gruening/tobias.gruening@planet-ai.de:name=de.uros.citlab.module.baseline2polygon.B2PSeamMultiOriented:v=2.6.6
prov=University of Rostock/Institute of Mathematics/CITlab|PLANET AI GmbH/Tobias Gruening/tobias.gruening@planet-ai.de:name=/net_tf/LA73_249_0mod360.pb:de.uros.citlab.segmentation.CITlab_LA_ML:v=2.6.0
Transkribus</Creator>
        <Created>2019-12-09T23:47:07.469+01:00</Created>
        <LastChange>2020-04-22T16:21:25.405+02:00</LastChange>
        <TranskribusMetadata docId="291873" pageId="11634826" pageNr="342" tsid="28143928" status="IN_PROGRESS" userId="25065" imgUrl="https://files.transkribus.eu/Get?id=FNIHIWQHGXCSAYLPRPCHEGPO&amp;fileType=view" xmlUrl="https://files.transkribus.eu/Get?id=GJVHOIJUWZPODEHNILMSDJLM" imageId="8013867"/>
    </Metadata>
    <Page imageFilename="341.jpg" imageWidth="2447" imageHeight="3677">
        <ReadingOrder>
            <OrderedGroup id="ro_1587600630691" caption="Regions reading order">
                <RegionRefIndexed index="0" regionRef="TextRegion_1581808287763_7098"/>
            </OrderedGroup>
        </ReadingOrder>
        <TextRegion orientation="0.0" id="TextRegion_1581808287763_7098" custom="readingOrder {index:0;}">
            <Coords points="473,359 2242,359 2242,3199 473,3199"/>
            <TextLine id="r2l4" custom="readingOrder {index:0;}">
                <Coords points="970,458 2217,464 2237,340 2007,331 1877,377 970,356"/>
                <Baseline points="982,440 1044,438 1106,437 1168,437 1230,436 1292,436 1354,436 1417,436 1479,436 1541,437 1603,437 1665,438 1727,438 1789,439 1852,439 1914,439 1976,439 2038,439 2100,438 2162,437 2225,436"/>
                <TextEquiv>
                    <Unicode>n nostra disputatione genera</Unicode>
                </TextEquiv>
            </TextLine>
            <TextLine id="r2l5" custom="readingOrder {index:1;}">
                <Coords points="961,513 2164,525 2243,508 2243,452 961,453"/>
                <Baseline points="973,499 1036,499 1099,499 1162,499 1225,499 1288,499 1351,499 1414,499 1477,499 1540,499 1603,499 1666,499 1729,499 1792,499 1855,500 1918,500 1981,500 2044,500 2107,500 2170,500 2233,500"/>
                <TextEquiv>
                    <Unicode>li nuper facta de Quolibet, proponebantur quaestiones. xli. Quaedam circa creato</Unicode>
                </TextEquiv>
            </TextLine>
            <TextLine id="r2l6" custom="readingOrder {index:2;}">
                <Coords points="968,568 2188,571 2250,567 2250,509 968,510"/>
                <Baseline points="980,552 1043,552 1106,552 1169,552 1232,553 1295,553 1358,553 1421,553 1484,553 1547,553 1610,553 1673,553 1736,553 1799,553 1862,553 1925,553 1988,553 2051,553 2114,553 2177,553 2240,554"/>
                <TextEquiv>
                    <Unicode>rem: &amp; quaedam circa creaturas. Circa creatorem quaedam pertinentia ad eius di- </Unicode>
                </TextEquiv>
            </TextLine>
            <TextLine id="r2l7" custom="readingOrder {index:3;}">
                <Coords points="968,617 2245,620 2245,572 2128,559 968,568"/>
                <Baseline points="979,606 1041,606 1104,606 1167,606 1230,606 1293,606 1355,606 1418,605 1481,605 1544,605 1607,605 1669,605 1732,605 1795,606 1858,606 1921,606 1983,606 2046,607 2109,607 2172,608 2235,609"/>
                <TextEquiv>
                    <Unicode>uinitatem. Quaedam vero ad eius assumptam humanitatem. Et circa diuinitatem</Unicode>
                </TextEquiv>
            </TextLine>
            <TextLine id="r2l8" custom="readingOrder {index:4;}">
                <Coords points="965,677 2196,675 2242,671 2242,616 965,620"/>
                <Baseline points="975,659 1037,659 1100,658 1163,658 1226,658 1289,658 1351,658 1414,658 1477,658 1540,658 1603,659 1665,659 1728,659 1791,659 1854,659 1917,660 1979,660 2042,660 2105,660 2168,661 2231,661"/>
                <TextEquiv>
                    <Unicode>quaedam pertinentia ad essentiam: quaedam vero ad relationes. Circa essentiam</Unicode>
                </TextEquiv>
            </TextLine>
            <TextLine id="r2l9" custom="readingOrder {index:5;}">
                <Coords points="961,731 2239,726 2208,669 961,676"/>
                <Baseline points="973,714 1035,714 1098,714 1161,713 1224,713 1286,713 1349,713 1412,713 1475,713 1537,712 1600,712 1663,712 1726,712 1788,712 1851,713 1914,713 1977,713 2039,714 2102,715 2165,716 2228,717"/>
                <TextEquiv>
                    <Unicode>quaedam pertinentia ad eius perfectionem: quaedam vero ad essentiales actiones. Circa</Unicode>
                </TextEquiv>
            </TextLine>
            <TextLine id="r2l10" custom="readingOrder {index:6;}">
                <Coords points="960,773 2242,785 2222,723 960,731"/>
                <Baseline points="971,766 1037,766 1103,766 1169,766 1236,766 1302,766 1368,766 1434,766 1501,766 1567,766 1633,766 1699,766 1766,766 1832,766 1898,767 1964,767 2031,768 2097,769 2163,770 2230,771"/>
                <TextEquiv>
                    <Unicode>essentiae perfectiones duo. Vnum pertinens ad rationes attributorum: &amp; est: vtru.m.li</Unicode>
                </TextEquiv>
            </TextLine>
            <TextLine id="r2l11" custom="readingOrder {index:7;}">
                <Coords points="959,839 2237,833 2237,781 2181,778 959,773"/>
                <Baseline points="971,822 1033,821 1096,821 1159,821 1222,820 1284,820 1347,820 1410,820 1473,820 1535,820 1598,820 1661,820 1724,820 1786,820 1849,821 1912,821 1975,821 2037,821 2100,822 2163,822 2226,822"/>
                <TextEquiv>
                    <Unicode>pluralitas &amp; distinctio attributorum essentialium accipienda sit penes respe-</Unicode>
                </TextEquiv>
            </TextLine>
            <TextLine id="r2l12" custom="readingOrder {index:8;}">
                <Coords points="956,904 2242,891 2242,832 956,836"/>
                <Baseline points="967,874 1030,874 1093,874 1156,874 1219,873 1282,873 1345,873 1409,873 1472,873 1535,874 1598,874 1661,874 1724,874 1787,874 1851,874 1914,875 1977,875 2040,875 2103,876 2166,876 2230,876"/>
                <TextEquiv>
                    <Unicode>ctum &amp; comparationem ad aliquid extra vt ad creaturas: an ad comparationem ad </Unicode>
                </TextEquiv>
            </TextLine>
            <TextLine id="r2l13" custom="readingOrder {index:9;}">
                <Coords points="951,944 2149,953 2244,940 2244,892 1070,876 951,907"/>
                <Baseline points="963,927 1026,927 1090,927 1153,927 1217,927 1280,927 1344,927 1407,927 1471,927 1534,927 1598,927 1662,927 1725,927 1789,927 1852,928 1916,928 1979,928 2043,929 2106,929 2170,930 2234,930"/>
                <TextEquiv>
                    <Unicode>aliquid intra. Aliud pertinens ad rationem accidentis in ipsa diuina essentia, est.</Unicode>
                </TextEquiv>
            </TextLine>
            <TextLine id="r2l14" custom="readingOrder {index:10;}">
                <Coords points="468,992 2244,990 2244,941 468,941"/>
                <Baseline points="478,988 546,988 992,982 1061,981 1130,981 1199,981 1268,981 1336,980 1405,980 1474,980 1543,981 1612,981 1681,981 1750,981 1818,982 1887,982 1956,982 2025,983 2094,983 2163,983 2232,984"/>
                <TextEquiv>
                    <Unicode>Vtrum. scilicet essentia alicuius accidentis manet in deo. ClRca primum arguitur quod pluralitas &amp; distinctio attri-</Unicode>
                </TextEquiv>
            </TextLine>
            <TextLine id="r2l17" custom="readingOrder {index:11;}">
                <Coords points="469,1048 2249,1046 2205,991 469,992"/>
                <Baseline points="480,1036 567,1036 655,1036 743,1036 831,1036 919,1036 1007,1036 1095,1035 1183,1035 1271,1035 1359,1034 1446,1034 1534,1034 1622,1034 1710,1034 1798,1034 1886,1034 1974,1035 2062,1035 2150,1036 2238,1037"/>
                <TextEquiv>
                    <Unicode>butorum in deo sit accipienda penes respectum &amp; comparationem ad intra, sic. Vbi potest esse maior pluralitas</Unicode>
                </TextEquiv>
            </TextLine>
            <TextLine id="r2l18" custom="readingOrder {index:12;}">
                <Coords points="462,1105 2174,1106 2249,1097 2249,1046 462,1054"/>
                <Baseline points="473,1091 561,1090 649,1090 737,1090 825,1090 914,1089 1002,1089 1090,1089 1178,1088 1266,1088 1355,1088 1443,1088 1531,1088 1619,1088 1707,1088 1796,1088 1884,1088 1972,1089 2060,1089 2148,1090 2237,1091"/>
                <TextEquiv>
                    <Unicode>&amp; distinctio, &amp; minor. Maior est pluralitas &amp; distinctio personarum diuinarum quam attributorum: quia illa est</Unicode>
                </TextEquiv>
            </TextLine>
            <TextLine id="r2l19" custom="readingOrder {index:13;}">
                <Coords points="464,1156 2244,1157 2205,1098 464,1103"/>
                <Baseline points="475,1143 567,1143 660,1144 752,1144 845,1144 937,1144 1030,1143 1123,1143 1215,1142 1308,1142 1400,1142 1493,1141 1585,1141 1678,1141 1771,1141 1863,1142 1956,1142 2048,1143 2141,1145 2234,1146"/>
                <TextEquiv>
                    <Unicode>secundum rem: ista vero tantum secundum rationem. Illa autem est in deo ad intra sine omni comparatione, &amp; respectu</Unicode>
                </TextEquiv>
            </TextLine>
            <TextLine id="r2l20" custom="readingOrder {index:14;}">
                <Coords points="469,1213 2249,1220 2249,1154 469,1153"/>
                <Baseline points="480,1198 567,1198 655,1198 743,1198 831,1198 919,1197 1007,1197 1095,1196 1183,1196 1271,1195 1359,1195 1446,1195 1534,1194 1622,1194 1710,1195 1798,1195 1886,1195 1974,1196 2062,1197 2150,1199 2238,1200"/>
                <TextEquiv>
                    <Unicode>ad aliquid extra, ergo &amp; ista potest esse ad aliquid intra, absque omni respectu &amp; comparatione ad extra. Sed </Unicode>
                </TextEquiv>
            </TextLine>
            <TextLine id="r2l21" custom="readingOrder {index:15;}">
                <Coords points="470,1264 2244,1255 2191,1204 470,1209"/>
                <Baseline points="481,1251 568,1251 656,1250 743,1250 831,1250 919,1249 1006,1249 1094,1249 1181,1248 1269,1248 1357,1248 1444,1248 1532,1248 1619,1248 1707,1248 1795,1248 1882,1249 1970,1249 2057,1250 2145,1251 2233,1252"/>
                <TextEquiv>
                    <Unicode>sic in deo ponenda est, sicut eam possibile est esse: quia in ipso non differunt posse &amp; esse, ergo &amp;c. CON-</Unicode>
                </TextEquiv>
            </TextLine>
            <TextLine id="r2l22" custom="readingOrder {index:16;}">
                <Coords points="471,1321 2097,1329 2244,1316 2244,1259 471,1264"/>
                <Baseline points="481,1305 568,1305 656,1304 743,1304 831,1304 919,1303 1006,1303 1094,1303 1182,1302 1269,1302 1357,1302 1445,1302 1532,1301 1620,1301 1708,1302 1795,1302 1883,1302 1971,1303 2058,1304 2146,1305 2234,1306"/>
                <TextEquiv>
                    <Unicode>tra, quondocumque plura distincta secundum rationem tantum habent alia sibi correspondentia plura &amp; distincta secundum</Unicode>
                </TextEquiv>
            </TextLine>
            <TextLine id="r2l23" custom="readingOrder {index:17;}">
                <Coords points="468,1377 2224,1380 2242,1316 468,1321"/>
                <Baseline points="479,1359 566,1358 654,1358 741,1358 829,1357 917,1357 1004,1357 1092,1356 1179,1356 1267,1356 1355,1355 1442,1355 1530,1355 1617,1355 1705,1355 1793,1356 1880,1356 1968,1357 2055,1358 2143,1359 2231,1360"/>
                <TextEquiv>
                    <Unicode>rem, pluralitas illorum accipienda est ex respectu &amp; comparatione ad ista. Verbi gratia: Si dextrum &amp; si</Unicode>
                </TextEquiv>
            </TextLine>
            <TextLine id="r2l24" custom="readingOrder {index:18;}">
                <Coords points="465,1428 2237,1422 2146,1366 465,1375"/>
                <Baseline points="477,1412 564,1411 651,1411 739,1410 826,1410 914,1410 1001,1409 1089,1409 1176,1409 1264,1409 1351,1409 1438,1409 1526,1409 1613,1409 1701,1410 1788,1410 1876,1410 1963,1411 2051,1411 2138,1412 2226,1412"/>
                <TextEquiv>
                    <Unicode>nistrum differunt in columna secundum rationem tantum: quia habent alia quae diuersa sunt &amp; distincta penes dextrum </Unicode>
                </TextEquiv>
            </TextLine>
            <TextLine id="r2l25" custom="readingOrder {index:19;}">
                <Coords points="467,1485 2148,1490 2245,1479 2245,1424 467,1428"/>
                <Baseline points="479,1465 566,1465 654,1465 742,1464 830,1464 917,1464 1005,1464 1093,1463 1181,1463 1268,1463 1356,1463 1444,1463 1532,1463 1619,1463 1707,1464 1795,1464 1883,1464 1970,1465 2058,1465 2146,1466 2234,1466"/>
                <TextEquiv>
                    <Unicode>&amp; finistrum secundum rem: ideo dextrum &amp; sinistrum secundum rationem dicuntur esse in columna: &amp; hoc non nisi ex</Unicode>
                </TextEquiv>
            </TextLine>
            <TextLine id="r2l26" custom="readingOrder {index:20;}">
                <Coords points="471,1531 2112,1541 2244,1528 2244,1479 471,1482"/>
                <Baseline points="482,1520 569,1519 657,1519 744,1518 832,1518 920,1517 1007,1517 1095,1516 1182,1516 1270,1516 1358,1516 1445,1516 1533,1516 1620,1516 1708,1516 1796,1517 1883,1517 1971,1517 2058,1518 2146,1519 2234,1520"/>
                <TextEquiv>
                    <Unicode>respectu &amp; comparatione eius ad illa alia a se, quae sunt diuersa secundum rem, &amp; distincta secundum dextrum &amp; sini</Unicode>
                </TextEquiv>
            </TextLine>
            <TextLine id="r2l27" custom="readingOrder {index:21;}">
                <Coords points="471,1584 2168,1599 2247,1581 2247,1528 471,1529"/>
                <Baseline points="482,1572 569,1572 657,1571 745,1571 832,1571 920,1570 1008,1570 1095,1570 1183,1570 1271,1570 1359,1570 1446,1570 1534,1570 1622,1570 1709,1570 1797,1571 1885,1571 1972,1572 2060,1572 2148,1573 2236,1574"/>
                <TextEquiv>
                    <Unicode>strum. Et similiter est de puncto quod non differunt in ipso principium esse &amp; finem nisi ex comparatione ad diuer-</Unicode>
                </TextEquiv>
            </TextLine>
            <TextLine id="r2l28" custom="readingOrder {index:22;}">
                <Coords points="467,1637 2245,1638 2212,1581 467,1580"/>
                <Baseline points="478,1626 565,1626 653,1626 741,1625 829,1625 917,1625 1005,1624 1092,1624 1180,1624 1268,1624 1356,1624 1444,1624 1532,1624 1620,1624 1707,1625 1795,1625 1883,1625 1971,1626 2059,1626 2147,1627 2235,1628"/>
                <TextEquiv>
                    <Unicode>sas lineas: quarum vnius est principium, alterius vero finis. sed omnia attributa diuina, quae vere attri-</Unicode>
                </TextEquiv>
            </TextLine>
            <TextLine id="r2l29" custom="readingOrder {index:23;}">
                <Coords points="465,1703 2208,1704 2241,1638 465,1639"/>
                <Baseline points="475,1679 562,1679 650,1679 738,1679 825,1679 913,1679 1001,1679 1088,1679 1176,1679 1264,1678 1352,1678 1439,1678 1527,1678 1615,1678 1702,1678 1790,1678 1878,1679 1965,1679 2053,1680 2141,1681 2229,1683"/>
                <TextEquiv>
                    <Unicode>buta sunt, habent aliqua alia re plura &amp; distincta in creaturis sibi correspondentia, a quibus deo attribuum</Unicode>
                </TextEquiv>
            </TextLine>
            <TextLine id="r2l30" custom="readingOrder {index:24;}">
                <Coords points="474,1746 2237,1748 2237,1699 2105,1688 475,1695"/>
                <Baseline points="485,1735 572,1734 659,1733 746,1733 833,1732 920,1732 1007,1732 1094,1731 1181,1731 1268,1731 1356,1731 1443,1731 1530,1731 1617,1732 1704,1732 1791,1733 1878,1733 1965,1734 2052,1735 2139,1736 2227,1738"/>
                <TextEquiv>
                    <Unicode>tur: vt sapientia in deo, sapientiam in creatura: bonitas bonitatem: &amp; sic de aliis. ergo &amp;c. ADhaerentes ap-</Unicode>
                </TextEquiv>
            </TextLine>
            <TextLine id="r2l31" custom="readingOrder {index:25;}">
                <Coords points="469,1823 2238,1804 2220,1745 469,1743"/>
                <Baseline points="479,1787 566,1787 653,1787 741,1786 828,1786 915,1786 1003,1786 1090,1786 1177,1786 1265,1786 1352,1786 1439,1786 1527,1786 1614,1786 1701,1786 1789,1787 1876,1787 1963,1787 2051,1788 2138,1788 2226,1789"/>
                <TextEquiv>
                    <Unicode>parentiae huius rationis dicunt simpliciter quod pluralitas &amp; distinctio diuinorum attributorum substantialium </Unicode>
                </TextEquiv>
            </TextLine>
            <TextLine id="r2l32" custom="readingOrder {index:26;}">
                <Coords points="479,1864 2144,1866 2235,1803 479,1811"/>
                <Baseline points="489,1843 575,1842 662,1842 749,1841 836,1841 922,1840 1009,1840 1096,1840 1183,1840 1269,1840 1356,1840 1443,1840 1530,1840 1616,1840 1703,1840 1790,1840 1877,1841 1963,1841 2050,1842 2137,1842 2224,1843"/>
                <TextEquiv>
                    <Unicode>quae verae attributa dicuntur, quid dico propter proprietates quasdam essentiales diuinitatis: vt sunt simpli-</Unicode>
                </TextEquiv>
            </TextLine>
            <TextLine id="r2l33" custom="readingOrder {index:27;}">
                <Coords points="472,1904 2237,1913 2237,1847 472,1856"/>
                <Baseline points="483,1897 570,1896 657,1895 744,1895 831,1894 918,1894 1005,1894 1092,1893 1179,1893 1266,1893 1354,1893 1441,1893 1528,1893 1615,1894 1702,1894 1789,1894 1876,1895 1963,1895 2050,1896 2137,1896 2225,1897"/>
                <TextEquiv>
                    <Unicode>citas, immutabilitas, aeternitas, &amp; huiusmodi: quae proprie attributa non dicuntur: secundum quod determinauimus in quae </Unicode>
                </TextEquiv>
            </TextLine>
            <TextLine id="r2l34" custom="readingOrder {index:28;}">
                <Coords points="475,1962 2242,1965 2242,1910 2176,1904 475,1911"/>
                <Baseline points="485,1949 572,1949 659,1948 746,1948 834,1948 921,1947 1008,1947 1095,1947 1183,1947 1270,1947 1357,1947 1444,1947 1532,1948 1619,1948 1706,1948 1793,1948 1881,1949 1968,1949 2055,1949 2142,1950 2230,1950"/>
                <TextEquiv>
                    <Unicode>stionibus ordinariis. Dicunt inquam simpliciter, &amp; pro maxima, siue pro primo principio habent, quod plurali</Unicode>
                </TextEquiv>
            </TextLine>
            <TextLine id="r2l35" custom="readingOrder {index:29;}">
                <Coords points="477,2010 2242,2014 2213,1959 477,1963"/>
                <Baseline points="489,2005 576,2004 663,2003 750,2002 837,2002 924,2002 1011,2001 1098,2001 1185,2001 1272,2001 1360,2001 1447,2001 1534,2002 1621,2002 1708,2002 1795,2002 1882,2002 1969,2002 2056,2003 2143,2003 2231,2003"/>
                <TextEquiv>
                    <Unicode>tas &amp; distinctio illorum vere attributorum non accipitur nisi ex respectu &amp; comparatione ad correspondentia</Unicode>
                </TextEquiv>
            </TextLine>
            <TextLine id="r2l36" custom="readingOrder {index:30;}">
                <Coords points="481,2067 2242,2072 2226,2012 481,2012"/>
                <Baseline points="492,2057 578,2057 665,2056 752,2056 839,2056 926,2056 1013,2055 1100,2055 1187,2055 1274,2055 1361,2055 1447,2056 1534,2056 1621,2056 1708,2056 1795,2056 1882,2056 1969,2056 2056,2056 2143,2056 2230,2056"/>
                <TextEquiv>
                    <Unicode>eis in creaturis: quibus circunscriptis nullo modo in deo pluralitas rationum in attributis accipi vel as-</Unicode>
                </TextEquiv>
            </TextLine>
            <TextLine id="r2l37" custom="readingOrder {index:31;}">
                <Coords points="474,2125 2244,2122 2215,2065 474,2067"/>
                <Baseline points="485,2111 572,2111 659,2110 747,2109 834,2109 921,2109 1009,2109 1096,2108 1183,2108 1271,2108 1358,2109 1445,2109 1533,2109 1620,2109 1707,2109 1795,2109 1882,2110 1969,2110 2057,2110 2144,2110 2232,2109"/>
                <TextEquiv>
                    <Unicode>signari potest: sed solummo vna &amp; simplex ratio deitatis: sicut ipsa est vnica res &amp; simplex: ita quod non nisi vni</Unicode>
                </TextEquiv>
            </TextLine>
            <TextLine id="r2l38" custom="readingOrder {index:32;}">
                <Coords points="482,2173 2247,2172 2176,2115 482,2127"/>
                <Baseline points="492,2164 579,2164 666,2164 753,2163 840,2163 928,2163 1015,2163 1102,2163 1189,2163 1276,2163 1364,2163 1451,2163 1538,2163 1625,2163 1712,2163 1800,2163 1887,2163 1974,2163 2061,2163 2148,2163 2236,2163"/>
                <TextEquiv>
                    <Unicode>cus conceptus &amp; simplex de illa formari possit: qui vnico nomine sit exprimendus. ita quod si secundum hoc</Unicode>
                </TextEquiv>
            </TextLine>
            <TextLine id="r2l39" custom="readingOrder {index:33;}">
                <Coords points="476,2242 2241,2224 2241,2174 2164,2171 476,2171"/>
                <Baseline points="487,2217 574,2217 661,2217 748,2217 835,2217 922,2217 1009,2217 1096,2217 1183,2217 1270,2217 1358,2217 1445,2217 1532,2217 1619,2217 1706,2217 1793,2217 1880,2217 1967,2217 2054,2217 2141,2218 2229,2218"/>
                <TextEquiv>
                    <Unicode>plura nominia imponantur, penitus erunt synonyma, propter idem penitus re &amp; ratione correspondens in re: aut</Unicode>
                </TextEquiv>
            </TextLine>
            <TextLine id="r2l40" custom="readingOrder {index:34;}">
                <Coords points="477,2285 2178,2294 2247,2289 2247,2223 477,2239"/>
                <Baseline points="488,2272 575,2272 662,2272 750,2271 837,2271 925,2271 1012,2271 1099,2271 1187,2271 1274,2271 1362,2271 1449,2271 1536,2271 1624,2271 1711,2271 1799,2271 1886,2271 1973,2271 2061,2271 2148,2271 2236,2271"/>
                <TextEquiv>
                    <Unicode>omnia praeter vnum erunt vana: quia nihil eis correspondet in re. Et similiter erit de conceptibus di- </Unicode>
                </TextEquiv>
            </TextLine>
            <TextLine id="r2l41" custom="readingOrder {index:35;}">
                <Coords points="474,2330 2248,2337 2248,2286 2144,2279 474,2284"/>
                <Baseline points="485,2324 572,2324 660,2324 747,2324 835,2324 922,2324 1010,2324 1097,2324 1185,2324 1272,2324 1360,2325 1448,2325 1535,2325 1623,2325 1710,2325 1798,2325 1885,2325 1973,2325 2060,2325 2148,2326 2236,2326"/>
                <TextEquiv>
                    <Unicode>uersis de illa re formatis, quod erunt synonymi omnes, aut omnes vani praeter vnum. Cum igitur absurdum</Unicode>
                </TextEquiv>
            </TextLine>
            <TextLine id="r2l42" custom="readingOrder {index:36;}">
                <Coords points="474,2396 2250,2388 2226,2335 474,2330"/>
                <Baseline points="484,2377 571,2377 659,2378 747,2378 834,2378 922,2378 1010,2378 1097,2378 1185,2378 1273,2378 1361,2378 1448,2378 1536,2378 1624,2378 1711,2378 1799,2378 1887,2378 1974,2378 2062,2378 2150,2378 2238,2378"/>
                <TextEquiv>
                    <Unicode>sit dicere quod nominia plura attributorum in deo synonyma sint, aut vana, aut quod plures conceptus secundum</Unicode>
                </TextEquiv>
            </TextLine>
            <TextLine id="r2l43" custom="readingOrder {index:37;}">
                <Coords points="482,2451 2245,2445 2194,2388 482,2387"/>
                <Baseline points="493,2431 580,2431 667,2431 754,2432 841,2432 928,2432 1015,2432 1102,2432 1189,2432 1276,2432 1363,2432 1450,2432 1537,2432 1624,2432 1711,2432 1798,2432 1885,2432 1972,2432 2059,2432 2146,2432 2233,2432"/>
                <TextEquiv>
                    <Unicode>pluralitatem attributorum sint etiam synonymi aut vani: necesse est dicere secundum quod dicunt, quod pluralitas &amp;</Unicode>
                </TextEquiv>
            </TextLine>
            <TextLine id="r2l44" custom="readingOrder {index:38;}">
                <Coords points="477,2491 2240,2502 2193,2435 477,2449"/>
                <Baseline points="487,2483 574,2484 661,2484 748,2485 835,2485 922,2486 1009,2486 1096,2486 1183,2486 1270,2486 1358,2486 1445,2486 1532,2486 1619,2485 1706,2485 1793,2485 1880,2485 1967,2485 2054,2484 2141,2484 2229,2484"/>
                <TextEquiv>
                    <Unicode>distinctio attributorum in deo sumitur ab intellectu quocumque siue creato siue increato ex diuersis respe</Unicode>
                </TextEquiv>
            </TextLine>
            <TextLine id="r2l45" custom="readingOrder {index:39;}">
                <Coords points="480,2548 2247,2558 2247,2496 480,2493"/>
                <Baseline points="491,2538 578,2538 665,2539 752,2539 840,2539 927,2539 1014,2540 1102,2540 1189,2540 1276,2539 1364,2539 1451,2539 1538,2539 1625,2539 1713,2539 1800,2539 1887,2538 1975,2538 2062,2538 2149,2538 2237,2538"/>
                <TextEquiv>
                    <Unicode>ctibus deitatis ad diuersa re correspondentia eis in creaturis. AD huius opinionis declarationem &amp;</Unicode>
                </TextEquiv>
            </TextLine>
            <TextLine id="r2l46" custom="readingOrder {index:40;}">
                <Coords points="487,2616 2243,2600 2212,2547 487,2550"/>
                <Baseline points="498,2592 584,2592 671,2593 758,2593 845,2593 931,2593 1018,2593 1105,2593 1192,2593 1278,2593 1365,2593 1452,2592 1539,2592 1625,2592 1712,2592 1799,2592 1886,2592 1972,2592 2059,2592 2146,2592 2233,2592"/>
                <TextEquiv>
                    <Unicode>planiorem inuestigationem sciendum, quod positio &amp; modus ponendi diuersas rationes in deo, est talis. dicunt</Unicode>
                </TextEquiv>
            </TextLine>
            <TextLine id="r2l47" custom="readingOrder {index:41;}">
                <Coords points="483,2658 2162,2670 2248,2655 2248,2599 483,2614"/>
                <Baseline points="494,2645 581,2646 668,2646 755,2646 842,2647 929,2647 1016,2647 1104,2647 1191,2647 1278,2647 1365,2646 1452,2646 1539,2646 1626,2646 1714,2646 1801,2646 1888,2645 1975,2645 2062,2645 2149,2645 2237,2646"/>
                <TextEquiv>
                    <Unicode>enim quod omnibus rationibus quae sunt in deo respondet vnitas realis diuinae essentiae, non secundum esse quod </Unicode>
                </TextEquiv>
            </TextLine>
            <TextLine id="r2l48" custom="readingOrder {index:42;}">
                <Coords points="475,2711 2165,2724 2240,2709 2240,2656 475,2658"/>
                <Baseline points="485,2700 572,2700 659,2699 746,2699 834,2699 921,2699 1008,2699 1095,2699 1183,2699 1270,2699 1357,2699 1444,2700 1532,2700 1619,2700 1706,2700 1793,2700 1881,2699 1968,2699 2055,2699 2142,2698 2230,2698"/>
                <TextEquiv>
                    <Unicode>habet in se absolute: sed secundum esse quod habet in respectu ad creaturas. &amp; hoc non secundum genus</Unicode>
                </TextEquiv>
            </TextLine>
            <TextLine id="r2l49" custom="readingOrder {index:43;}">
                <Coords points="486,2764 2248,2780 2248,2709 486,2716"/>
                <Baseline points="497,2752 584,2753 671,2753 758,2753 845,2753 932,2753 1019,2754 1106,2754 1193,2754 1280,2754 1367,2754 1454,2754 1541,2753 1628,2753 1715,2753 1802,2753 1889,2753 1976,2753 2063,2753 2150,2753 2238,2753"/>
                <TextEquiv>
                    <Unicode>causae efficientis: ex illo enim respectu nulla sumitur ratio attributi: vt sapientia in deo quia sapientiam in no</Unicode>
                </TextEquiv>
            </TextLine>
            <TextLine id="r2l50" custom="readingOrder {index:44;}">
                <Coords points="486,2822 2238,2825 2169,2761 486,2765"/>
                <Baseline points="497,2805 583,2806 669,2806 756,2806 842,2807 929,2807 1015,2807 1102,2807 1188,2807 1275,2807 1361,2807 1447,2807 1534,2807 1620,2807 1707,2807 1793,2807 1880,2807 1966,2807 2053,2807 2139,2807 2226,2807"/>
                <TextEquiv>
                    <Unicode>bis efficit: sed secundum genus causae formalis. Non enim nominia attributorum deo imponuntur vel ad aliquid re</Unicode>
                </TextEquiv>
            </TextLine>
            <TextLine id="r2l51" custom="readingOrder {index:45;}">
                <Coords points="486,2871 2247,2880 2212,2816 487,2824"/>
                <Baseline points="497,2859 583,2859 670,2859 757,2860 844,2860 931,2860 1018,2860 1105,2860 1192,2860 1279,2860 1366,2860 1452,2860 1539,2860 1626,2860 1713,2860 1800,2860 1887,2860 1974,2860 2061,2860 2148,2860 2235,2860"/>
                <TextEquiv>
                    <Unicode>mouendum ab ipso, vel secundum habitudinem efficientis ad effectum: vt quidam dicunt: maxime vt videntur Auicenna</Unicode>
                </TextEquiv>
            </TextLine>
            <TextLine id="r2l52" custom="readingOrder {index:46;}">
                <Coords points="484,2928 2247,2931 2247,2880 2154,2869 484,2873"/>
                <Baseline points="496,2913 583,2913 670,2914 757,2914 844,2914 931,2914 1018,2914 1105,2914 1192,2914 1279,2915 1366,2915 1453,2915 1540,2915 1627,2915 1714,2915 1801,2915 1888,2914 1975,2914 2062,2914 2149,2914 2236,2913"/>
                <TextEquiv>
                    <Unicode>&amp; Rabi Moyses dicere: sicut patet alibi ex quaestione de significatis diuinorum attributorum: sed omnia im</Unicode>
                </TextEquiv>
            </TextLine>
            <TextLine id="r2l53" custom="readingOrder {index:47;}">
                <Coords points="480,2992 2241,2976 2201,2925 481,2928"/>
                <Baseline points="491,2965 577,2966 664,2966 751,2967 838,2968 925,2968 1012,2968 1099,2968 1186,2969 1273,2969 1360,2969 1446,2968 1533,2968 1620,2968 1707,2968 1794,2968 1881,2968 1968,2968 2055,2968 2142,2968 2229,2968"/>
                <TextEquiv>
                    <Unicode>ponuntur ad significandum ipsam diuinam essentiam inquantum in vno simplici omnimodam perfectionem habet</Unicode>
                </TextEquiv>
            </TextLine>
            <TextLine id="r2l54" custom="readingOrder {index:48;}">
                <Coords points="490,3039 2248,3050 2248,2975 490,2990"/>
                <Baseline points="501,3018 587,3019 674,3020 761,3020 848,3021 935,3021 1021,3022 1108,3022 1195,3022 1282,3022 1369,3022 1455,3022 1542,3022 1629,3022 1716,3022 1803,3022 1889,3022 1976,3022 2063,3022 2150,3022 2237,3022"/>
                <TextEquiv>
                    <Unicode>quam singula creata habent secundum gradus diuersos diuersarum naturarum, &amp; valde diminuto modo Secundum</Unicode>
                </TextEquiv>
            </TextLine>
            <TextLine id="r2l55" custom="readingOrder {index:49;}">
                <Coords points="480,3092 2152,3099 2238,3095 2239,3046 480,3039"/>
                <Baseline points="491,3071 577,3072 664,3073 751,3074 838,3075 925,3075 1011,3075 1098,3076 1185,3076 1272,3076 1359,3076 1445,3076 1532,3076 1619,3076 1706,3076 1793,3076 1879,3076 1966,3076 2053,3076 2140,3075 2227,3075"/>
                <TextEquiv>
                    <Unicode>esse ergo tale quod habet diuina essentia in respectu ad creatura scilicet secundum genus causae formalis, respon-</Unicode>
                </TextEquiv>
            </TextLine>
            <TextLine id="r2l56" custom="readingOrder {index:50;}">
                <Coords points="488,3143 2249,3139 2209,3086 489,3086"/>
                <Baseline points="500,3124 586,3125 673,3126 760,3126 847,3127 934,3128 1021,3128 1108,3129 1195,3129 1282,3130 1369,3130 1455,3130 1542,3130 1629,3130 1716,3130 1803,3130 1890,3130 1977,3130 2064,3129 2151,3129 2238,3128"/>
                <TextEquiv>
                    <Unicode>det vnitas essentiae multitudini rationum quae perfectiones dicunt in deo, &amp; in creaturis. Essentia enim diuina in </Unicode>
                </TextEquiv>
            </TextLine>
            <TextLine id="r2l57" custom="readingOrder {index:51;}">
                <Coords points="490,3214 2242,3213 2242,3152 2154,3140 490,3137"/>
                <Baseline points="500,3177 586,3179 673,3180 759,3182 846,3183 932,3183 1019,3184 1105,3184 1192,3185 1278,3185 1365,3185 1451,3185 1538,3185 1624,3185 1711,3185 1797,3185 1884,3185 1970,3185 2057,3185 2143,3186 2230,3186"/>
                <TextEquiv>
                    <Unicode>vno simplici ratione suae omnimodae perfectionis integritatem omnis perfectionis in se continet. quae qua </Unicode>
                </TextEquiv>
            </TextLine>
            <TextEquiv>
                <Unicode>n nostra disputatione genera
li nuper facta de Quolibet, proponebantur quaestiones. xli. Quaedam circa creato
rem: &amp; quaedam circa creaturas. Circa creatorem quaedam pertinentia ad eius di- 
uinitatem. Quaedam vero ad eius assumptam humanitatem. Et circa diuinitatem
quaedam pertinentia ad essentiam: quaedam vero ad relationes. Circa essentiam
quaedam pertinentia ad eius perfectionem: quaedam vero ad essentiales actiones. Circa
essentiae perfectiones duo. Vnum pertinens ad rationes attributorum: &amp; est: vtru.m.li
pluralitas &amp; distinctio attributorum essentialium accipienda sit penes respe-
ctum &amp; comparationem ad aliquid extra vt ad creaturas: an ad comparationem ad 
aliquid intra. Aliud pertinens ad rationem accidentis in ipsa diuina essentia, est.
Vtrum. scilicet essentia alicuius accidentis manet in deo. ClRca primum arguitur quod pluralitas &amp; distinctio attri-
butorum in deo sit accipienda penes respectum &amp; comparationem ad intra, sic. Vbi potest esse maior pluralitas
&amp; distinctio, &amp; minor. Maior est pluralitas &amp; distinctio personarum diuinarum quam attributorum: quia illa est
secundum rem: ista vero tantum secundum rationem. Illa autem est in deo ad intra sine omni comparatione, &amp; respectu
ad aliquid extra, ergo &amp; ista potest esse ad aliquid intra, absque omni respectu &amp; comparatione ad extra. Sed 
sic in deo ponenda est, sicut eam possibile est esse: quia in ipso non differunt posse &amp; esse, ergo &amp;c. CON-
tra, quondocumque plura distincta secundum rationem tantum habent alia sibi correspondentia plura &amp; distincta secundum
rem, pluralitas illorum accipienda est ex respectu &amp; comparatione ad ista. Verbi gratia: Si dextrum &amp; si
nistrum differunt in columna secundum rationem tantum: quia habent alia quae diuersa sunt &amp; distincta penes dextrum 
&amp; finistrum secundum rem: ideo dextrum &amp; sinistrum secundum rationem dicuntur esse in columna: &amp; hoc non nisi ex
respectu &amp; comparatione eius ad illa alia a se, quae sunt diuersa secundum rem, &amp; distincta secundum dextrum &amp; sini
strum. Et similiter est de puncto quod non differunt in ipso principium esse &amp; finem nisi ex comparatione ad diuer-
sas lineas: quarum vnius est principium, alterius vero finis. sed omnia attributa diuina, quae vere attri-
buta sunt, habent aliqua alia re plura &amp; distincta in creaturis sibi correspondentia, a quibus deo attribuum
tur: vt sapientia in deo, sapientiam in creatura: bonitas bonitatem: &amp; sic de aliis. ergo &amp;c. ADhaerentes ap-
parentiae huius rationis dicunt simpliciter quod pluralitas &amp; distinctio diuinorum attributorum substantialium 
quae verae attributa dicuntur, quid dico propter proprietates quasdam essentiales diuinitatis: vt sunt simpli-
citas, immutabilitas, aeternitas, &amp; huiusmodi: quae proprie attributa non dicuntur: secundum quod determinauimus in quae 
stionibus ordinariis. Dicunt inquam simpliciter, &amp; pro maxima, siue pro primo principio habent, quod plurali
tas &amp; distinctio illorum vere attributorum non accipitur nisi ex respectu &amp; comparatione ad correspondentia
eis in creaturis: quibus circunscriptis nullo modo in deo pluralitas rationum in attributis accipi vel as-
signari potest: sed solummo vna &amp; simplex ratio deitatis: sicut ipsa est vnica res &amp; simplex: ita quod non nisi vni
cus conceptus &amp; simplex de illa formari possit: qui vnico nomine sit exprimendus. ita quod si secundum hoc
plura nominia imponantur, penitus erunt synonyma, propter idem penitus re &amp; ratione correspondens in re: aut
omnia praeter vnum erunt vana: quia nihil eis correspondet in re. Et similiter erit de conceptibus di- 
uersis de illa re formatis, quod erunt synonymi omnes, aut omnes vani praeter vnum. Cum igitur absurdum
sit dicere quod nominia plura attributorum in deo synonyma sint, aut vana, aut quod plures conceptus secundum
pluralitatem attributorum sint etiam synonymi aut vani: necesse est dicere secundum quod dicunt, quod pluralitas &amp;
distinctio attributorum in deo sumitur ab intellectu quocumque siue creato siue increato ex diuersis respe
ctibus deitatis ad diuersa re correspondentia eis in creaturis. AD huius opinionis declarationem &amp;
planiorem inuestigationem sciendum, quod positio &amp; modus ponendi diuersas rationes in deo, est talis. dicunt
enim quod omnibus rationibus quae sunt in deo respondet vnitas realis diuinae essentiae, non secundum esse quod 
habet in se absolute: sed secundum esse quod habet in respectu ad creaturas. &amp; hoc non secundum genus
causae efficientis: ex illo enim respectu nulla sumitur ratio attributi: vt sapientia in deo quia sapientiam in no
bis efficit: sed secundum genus causae formalis. Non enim nominia attributorum deo imponuntur vel ad aliquid re
mouendum ab ipso, vel secundum habitudinem efficientis ad effectum: vt quidam dicunt: maxime vt videntur Auicenna
&amp; Rabi Moyses dicere: sicut patet alibi ex quaestione de significatis diuinorum attributorum: sed omnia im
ponuntur ad significandum ipsam diuinam essentiam inquantum in vno simplici omnimodam perfectionem habet
quam singula creata habent secundum gradus diuersos diuersarum naturarum, &amp; valde diminuto modo Secundum
esse ergo tale quod habet diuina essentia in respectu ad creatura scilicet secundum genus causae formalis, respon-
det vnitas essentiae multitudini rationum quae perfectiones dicunt in deo, &amp; in creaturis. Essentia enim diuina in 
vno simplici ratione suae omnimodae perfectionis integritatem omnis perfectionis in se continet. quae qua </Unicode>
            </TextEquiv>
        </TextRegion>
    </Page>
</PcGts>
