2455 3749
459 324 2271 409 tia inquantum est ipsa realitas dicta: & ipso esse participato: vt secundum hoc omnis essentia creaturae
464 394 2271 458 recedit a diuina simplicitate in qua essentia est ipsum esse. ET secundum illa duo quae cadunt in
461 453 2261 512 creatura secundum esse quiditatiuum considerata, constituitur natura praedicamenti: & hoc ex illis duo
466 511 2253 576 bus quae sunt res praedicamenti & ratio praedicamenti. Res enim siue essentia: inquantum res est: non
470 568 2253 626 est praedicamentum: neque esse: neque ens inquantum ens est. tunc enim deus caderet sub praedicamento. SED
473 624 2269 685 cum aliquid ens dicatur dupliciter: aut quia est ipsum esse, vt deferens & delatum differant secundum
470 674 2255 736 rationem tantum: aut quia est habens esse participatum: vt deferens & delatum differant intentione
472 728 2255 793 esse primo modo convenit soli deo: esse secundo modo convenit enti creato: quod cum re cuius est. consti-
458 787 2265 845 tuit naturam praedicamenti. Vnde dicit Auicenna, quod praedicamentum est res cui conuenit esse vt res dica
474 837 2263 902 tur id quod in praedicamento subiicitur. Esse vero secundum quod participatum est, dicatur ratio praedicamen
469 899 2260 963 ti qua praedicamentum est. lta quod ratio participationis esse est ratio quae facit rem ipsam esse in praedica-
475 952 2255 1012 mento simpliciter. Res vero subiecta est quae facit determinatum praedicamentum. lta quod distinctio praedica-
470 1006 2254 1067 mentorum adinuicem sumitur penes diuersos modos ipsius esse in participando ipsum a diuersis essen
477 1063 2248 1125 tiis rerum diuersimode: nisi quod in praedicamentis relationum non sunt diuersae res a rebus praedicamentorum
474 1122 2248 1187 absolutorum super quas fundantur: quae sola intentione differunt: inquantum sunt res praedicamentorum abso-
477 1171 2243 1236 lutorum & relatiuorum. Distinctio vero cuiuslibet. x. praedicamentorum in se, sumitur penes diuersitatem
478 1231 2247 1291 rerum quae sunt sub praedicamento esse participantium secundum praedicamenti determinatam rationem. PRImo
486 1289 2246 1347 ergo esse participatum inquantum est ratio cuiuslibet praedicamenti generalis, diuiditur penes duas ratio-
481 1340 2257 1410 nes speciales: quae distinguunt praedicamentum substantiae a praedicamentis accidentium. Esse enim participatur
486 1401 2257 1463 a re aut subsistendo: aut subsistenti inhaerendo. Primo modo est praedicamentum substantiae quae est praedicamen-
484 1448 2257 1513 tum: quia nominat rem cui conuenit esse subsistendo. Secundo modo est generaliter praedicamentum acciden-
481 1501 2250 1569 tis: quia nominat rem cui conuenit esse alteri inhaerendo. Vnde & accidentia non definiuntur nisi sub-
478 1556 2256 1625 stantiam includendo in sua definitione. secundum Philosophum. vii. metaphysicae. Ex quo est hic aduerten-
479 1617 2252 1682 dum: quod sicut nomen accidentis quia imponitur a ratione praedicamenti: quae est modus essendi inhaeren
476 1670 2254 1741 do alteri: ideo est nomen intentionis: non rei: sic nomen substantiae inquantum imponitur a ratione praedica-
471 1721 2257 1790 menti, quae est modus essendi subsistendo, est nomen intentionis non rei. Generaliter enim verum est
467 1776 2256 1850 quod nomen impositum a ratione praedicamenti nomen intentionis est inquantum huiusmodi. PRAEdicamentum
469 1836 2247 1905 vero accidentis distinguitur secundum duos modos principandi esse alteri inhaerendo. esse enim conuenit
461 1888 2248 1960 alicui alteri inhaerendo: aut secundum se & absolute: aut in respectu ad aliud. Primo modo sunt duo
469 1941 2240 2016 praedicamenta accidentium: scilicet quantitas & quaelitas. Secundo modo sunt alia septem praedicamenta rela-
467 2006 2254 2067 tionis communiter dictae: quae ideo ad vnum praedicamentum habent reduci: vt expositum est in praenomina
471 2051 2245 2116 ta quaestione. PRAEdicamentum ergo relationis licet duo in se contineat: rem cui conuenit esse non
470 2106 2257 2177 in se subsistendo, sed alteri inhaerendo: per quod communiter cum aliis praedicamentis accidentium distingui-
472 2171 2246 2239 tur a substantia: nec absolute existendo, sed ad aliud se habendo: per quod distinguitur communiter
471 2226 2253 2287 contra substantiam, quantitatem, & qualitatems: tamen ratione rei subiectae non constituit praedicamen
462 2275 2258 2343 tum determinatum quod est relatio. Quia quod praedicamentum significet rem cui convenit esse, hoc omnibus praedica
467 2327 2249 2394 mentis comune est. Sed quod determinatum praedicamentum relationis distinctum contra alia tria dicit: hoc conue-
466 2379 2249 2445 nit ei ratione modi determinati essendi quem dicit: qui sibi soli conuenit, qui est ratio praedicamenti. NVnc
473 2440 2248 2503 autem quamquam praedicamentum accidentis duo dicit sicut & alia: scilicet rem subiectam & determinatum modum essen
470 2500 2257 2569 di: totam tamen accidentalitatem habet relatio ratione suae realitatis: quam non habet propriam: sed contrahit eam
477 2545 2252 2620 a re alterius praedicamenti accidentis supra quam fundatur: vt supra determinatum est in quaestione praenomi-
473 2596 2258 2675 nata. lta quod ratione eius quid est esse ad aliud vt ad obiectum: nullam rationem accidentis habet: sed solum
475 2652 2255 2726 ex comperatione quam habet ad subiectum in quo habet esse id a quo habet suam accidentalitatem. Quia enim
470 2715 2261 2783 albedo accidens est in subiecto: ideo similitudo fundata super albedinem accidens est in eodem: ita quod quicunque re
477 2765 2257 2833 spectus super nudam substantiam fundatur, nihil accidentalitatis omnino in se habet: sed est relatio substantialis
473 2815 2262 2894 non accidentalis: sicut contingit de respectu omnium relationum quae sunt in deo: in quo praedicamentum rela
476 2876 2258 2953 tionis cum transfertur ad deum, idcirco ratione rei subiectae & accidentalitatis suae quam dicit in creaturis
475 2934 2261 2996 non manet: sed transit in substantiam: & manet solum ratione esse ad aliud. lta quod esse ad aliud est com-
474 2988 2265 3051 mune relationi in creaturis & in deo. Sed ex parte realitatis quam contrahit relatio a suo funda
480 3036 2255 3110 mento hic & ibi, est tota diuersitas. EST ergo dicendum simpliciter ad quaestionem: quod esse nul-
484 3084 2262 3160 lius accidentis manet quocunque praedicamento translato ad deum etiam relatione de qua principa-
475 3140 2260 3194 liter quaestio proponebatur: vt patet ex argumento pro sola relatione inducto. Qualiter autem omnis
480 3192 2251 3259 ratio accidentis & accidentalitatis transumitur in substantiam quocunque praedicamento translato in di-
477 3249 2264 3341 uinam praedicationem, sufficienter in praedicta quaestione est expositum. Sed quaestio proposita aliquantulum est
