2430 3722
210 244 1990 314 arctata, non enim quaerit vtrum aliquod accidens manet in Deo: sed vtrum manet essentia alicuius ac-
207 312 1980 380 cidentis: quasi etsi certum sit, quod nullum accidens manet in Deo, dubium tamen sit an maneat in ipso es-
207 359 1985 432 sentia alicuius praedicamenti accidentis: licet ipsum accidens non maneat. quasi aliud sit essentia acci-
209 424 1994 484 dentis & ipsum accidens siue res accidentis. Quod non est verum: immo essentia tam substantiae quam acciden
214 465 1989 539 tis est realitas sua: cui convenit modus essendi vt ratio praedicamenti sui propria. Quia tamen quicquid rei
214 521 1976 580 est in praedicamento cuiuscumque accidentis: in eo consistit sua accidentalitas, propria: secundum quam distinguitur co-
205 573 1983 641 ordinatio praedicamenti, manente eodem modo essendi tanquam ratione praedicamenti in tota coordinatione: & res
209 631 1987 699 nuiius praedicamenti accidentis translati ad Deum, nanet: idcirco etiam nuilius praedicamenti accidentis
216 680 1976 742 essentia cum transfertur ad Deum, manet in Deo. ET quod obiicitur de relatione quae est accidens
212 736 1976 791 in creaturis: quod essentiam habet ab eo quod est esse ad aliud: & quo ad hoc manet: quare manet eius essentia
209 786 1984 854 & sic essentia accidentis: Dicendum secundum iam dicta quod cum duo sunt in quolibet praedicamento, res praedicamenti,
210 848 1975 910 & ratio praedicamenti: quae in praedicamento relationis est esse ad aliud: & essentia praedicamenti. secundum quam
213 898 1973 960 procedit diuisio in sua coordinatione. consistit in sua realitate: patet quod essentia relationis non con-
217 954 1973 1015 sistit in suo esse ad aliud, sed in sua realitate. ET Quia ARCVITVR quod relatio ex comparatione
210 1000 1979 1060 & esse ad aliud habet essentiam praedicamenti: quia per hoc in creaturis distinguitur ab aliis prae-
217 1049 1983 1119 dicamentis: & distinctio generum est per suas essentias: Dicendum quod in praedicamentis duplex est
214 1112 1978 1174 generum distinctio. Vna qua vnum praedicamentum distinguitur ab alio. Alia qua quodlibet praedicamen
212 1161 1985 1225 tum distinguitur in sua coordinatione. Prima, vt dictum est, sumitur penes rationem praedicamenti: vt in
223 1214 1985 1276 praedicamentis accidentium penes modum inesse. lta quod si omnis res & omnes essentiae accidentium haberent vnum
215 1267 1979 1335 & eundem modum inhaerendi substantiae, omnes essent eiusdem praedicamenti. Vnde quia omnis res quae
218 1324 1980 1388 qualitas appellatur vnum & eundem modum habet inhaerendi: & similiter omnis res quae appellatur quam
210 1377 1985 1438 titas, alium habet modum inhaerendi substantiae quam illae quae dicuntur qualitates: ideo omnes illae res sunt
218 1428 1975 1489 vnius praedicamenti: & illae similiter vnius, sed alterius: nec dicerentur propter rerum & essentiarum differen-
215 1482 1979 1542 tiam esse diuersorum praedicamentorum nisi haberent diuersum modum inhaerendi substantiae siue essen
220 1534 1973 1597 di in ea. Secunda vero distinctio sumitur penes rem praedicamenti: & sit per rerum essentias diuersas sub
220 1580 1982 1659 essentia communis generis, & sub eadem ratione communi quae est ipsius praedicamenti: secundum modum inhaerendi substan
218 1639 1976 1694 tiae siue essendi in eadem. In quo si non communicarent, non essent eiusdem praedicamenti. DE praedica-
216 1690 1980 1760 mento ergo relationis: verum est quod ad aliud esse constituit ipsum, distinguendo ipsum ab aliis praedicamen
214 1750 1974 1810 tis. ld autem quod constituit ipsum tanquam illud per quod habet distingui in sua coordinatione, non est ad aliud esse
215 1800 1977 1861 quia hoc est ratio communis quae circuit omnia quae sunt in eodem praedicamento. Nec est alia ratio essen
219 1863 1972 1922 di ad aliud relationis quae est suppositionis, ab illa quae est suppositionis: quia tunc essent diuersorum prae
213 1912 1971 1980 dicamentorum. Sed istae relationes & similiter omnes aliae abinuicem distinguuntur penes ipsas res in quibus
215 1959 1966 2032 consistit essentia earum: sicut est earum realitas. In nullo enim praedicamento est aliud res praedicamenti quam
211 2014 1978 2075 eius essentia. ET sic cum in praedicamento relationis in creaturis tria conveniant: Primum quod sit res aliqua
214 2072 1970 2138 licet per illud super quod fundatur: vt dictum est: Secundum quod sit in alio vt in subiecto cui inhaeret:
222 2121 1969 2178 Tertium quod cum hoc oportet quod hoc esse habeat in respectu ad aliud: quo ad prima duo quae commnia
209 2176 1971 2240 habet cum aliis praedicamentis accidentium, cum transfertur ad diuina, mutatur res eius in rem substan
214 2233 1969 2295 tiae super quam fundatur in deo: & esse in subiecto in secundum se & non in alio esse: & manet solum
216 2280 1971 2350 quo ad illud quod sibi proprium est: quo distinguitur & a substantia & a quolibet accidente alio: quid
213 2332 1971 2402 est ratio praedicamenti relationis: scilicet ad aliud esse nudum. Non quod ista ratio sola sit ipsum praedicamentum
211 2389 1975 2453 relationis in deo: sicut nec est in creaturis: sed praedicamentum relationis in deo est res cui conue
214 2443 1972 2507 nit in se esse non absolute: sed in respectu ad aliud: quemadmodum in creaturis praedicamentum re
213 2495 1973 2556 lationis est res cui conuenit in alio esse non absolute, sed in respectu ad aliud. Sed non est relationi
222 2549 1969 2619 propria realitas alia a realitate sui fundamenti in deo: sicut neque in creaturis. Neque similiter essentia
220 2605 1552 2669 alia est relationis in deo ab essentia sui fundamenti: sicut neque in creaturis.
560 2659 1967 2717 Equuntur quaestiones quae pertinent ad diuinae substantiae actionem. Vbi quaerebatur vnum
567 2707 1970 2770 de eius actione interiori: scilicet vtrum in Deo sit ponere aliquam infinitatem idea-
566 2760 1971 2824 rum vel cognitorum. Et alia duo de eius actione transeunte in aliquid extra. ClR-
554 2823 1972 2890 ca primum arguitur quod sic. quoniam ex hoc est idea in Deo, & ex hoc cognoscit alia
556 2869 1972 2931 a se, quod ipse ratione suae perfectionis est imitabilis a creaturis: & quod ipse omnes su
555 2919 1973 2990 as commutabilitates cognoscit. sed ipse ratione suae perfectionis infinitae secundum
561 2974 1979 3033 infinitos gradus imitabilis est a creaturis: & omnes illos simul actum cognoscit. Ergo infinitae
213 3035 1978 3098 ideae sunt in ipso: & infinita in se simul actum cognoscit. Quod est maxime apparet ex parte cognitionis. quoniam et
219 3078 1979 3162 si essent in ipso ideae specierum finitae: tamen sub vna specie infinita praesent esse indiuidua secundum successionem: quam
