2449 3743
510 259 2300 334 non successiue: sed simul omnia cognoscit. ergo &c. CONtra. si in Deo essent infinitae ideae, & per
505 307 2299 405 illas infinita secundum species cognoscerent: cum cuilibet ideae respondeat gradus determinatus perfectionis in
508 367 2294 459 creatura: ergo licet essentia cuiuslibet creaturae secundum specieum esset finitae perfectionis: tamen totalitas, siue
509 425 2295 516 vniuersitas essentiarum perfectionis omnium creat urarum, simul infinitatem quandam perfectionis impor-
513 482 2290 567 taret. Et cum secundum Philosophum primo Caeli & Mundi, infinitum infinito neque maius sit, neque minus:
510 536 2298 625 ergo persectio Dei non erit maior perfectione vniuersitatis creaturarum: neque ista minor illa,. quod
513 592 2287 669 est absurdum. EX parte vero cognitionis arguitur specialiter sic. Quod repugnat entitati, repu
503 638 2280 721 gnat cognoscibilitati. Quia sicut se habet vnumquodque ad esse: sic se habet ad cognitionem. vt dici-
509 707 2281 782 tur. i. Metaphysicae. Infinitum repugnat entitati creaturae. ergo & cognoscibilitati. Deus autem non
515 753 2280 835 cognoscit nisi cognoscibile. ergo &c. DICENdum quod alia est difficultas quaestionis huius ex par-
507 805 2276 892 te idearum, & ex parte cognitorum, quoniam idea respectum dicit ad essentias rerum: ita quod infini
508 860 2278 951 tas idearum necessario ponit infinitatem essentiarum creaturae secundum speciem. Et cum species quaeli-
511 914 2275 1013 bet diuersae diuersos gradus perfectionis habent in se: infinitas idearum ponit infinitos gradus per
504 967 2272 1066 fectionum infinitarum essentiarum specie differentium. Cognitio autem infinitorum potest attendi
517 1026 2274 1120 quo ad ea, quae sunt de ipsa diuina essentia: vt est infinitas rationum attributalium: si forte esset in Deo
513 1085 2264 1175 vel quo ad ea quae sunt extra eum. Et hoc vel quo ad differentia specie. in quo eodem cursu currunt
511 1134 2264 1230 infinitas idearum, & infinitas cognitorum: nisi forte quo ad species numerorum, vel quo ad differen-
509 1200 2267 1283 tia numerorum: vbi forte potest esse infinitas cognitorum: quia indiuidua proprias ideas in Deo non
506 1244 2260 1337 habent. QVANtum ergo ad istam quaestionem pertinet, de infinitate idearum, & cognitorum extra
498 1299 2252 1396 se specie differentium, vel quorumcunque absolutorum intra se: dicendum quod in omnibus quaestio-
508 1355 2254 1453 nibus quae tangunt potentiam actiuam in aliquid agendo, huiusmodi oportet tenere regulam, quod vi
499 1419 2265 1493 delicet inspiciendum est ad potentiam passiuam ex parte recipientis in se diuinam actionem in fi
506 1468 2264 1555 endo: vtrum scilicet potentiae actiuae in illo respondeat aliqua potentia passiua in isto. hoc est: vtrum
498 1530 2259 1620 possibile sit fieri, vel esse: de quo quaeritur vtrum possibile sit Deum facere. VNDE cum propo
487 1590 2259 1672 sita quaestio de infinitate idearum, & cognitorum secundum speciem extra, vel quorumcunque intra se in Deo de
495 1634 2259 1725 pendeat ab infinitate essentiarum specificarum rerum factibilium a Deo secundum gradus infinitos extra se,
494 1700 2255 1785 vel quorumcunque infinitorum intra se: nihil enim habet ideam in Deo, aut imitabilitatem, aut cognosci-
485 1742 2258 1837 bilitatems: per quam res ipsa cognoscibilis est a Deo: nisi sit natura aut essentia specifica in esse quiditati
479 1804 2250 1891 uo: licet non sit aliquid in effectum: inspiciendum est ergo in proposita quaestione, vtrum sit possibile in re-
479 1861 2249 1930 rum natura esse essentias rerum secundum gradus perfectionis sese excedentes esse infinitas, quoniam si sic: cum
478 1916 2244 1996 esse rerum quiditatiuum non dependet a tempore, sed sit in aeternitate per rationem extra rem quam habet
479 1967 2247 2045 in aeterno: & in aeternis non differunt esse & posse: ponendum est quod essentiae rerum secundum gradus perfectio-
472 2024 2248 2096 nis sunt infinitae: & quod Deus infinitas earum ideas habeat in se, & infinitorum secundum specie notitiam
471 2077 2250 2159 secundum eas. Sin autem nequaquam, dependet ergo dissolutio propositae quaestionis a cuiusdam alterius quaestionis
467 2142 2248 2221 dissolutione: An scilicet possibile est in essentia & natura creaturae ponere quod vna aliam in imitando
466 2188 2238 2257 diuinam perfectionem possit semper secundum gradum maiorem & minorem excedere in infinitum, quia
469 2243 2244 2333 si sit possibile: necessarium est ponere in Deo esse infinitas ideas: & ipsum infinitorum habere cogni
463 2312 2242 2367 tionem. Si non, econtra impossibile est illud ponere in esse: nec Deus habebit infinitas ideas, nec co-
473 2365 2243 2436 gnitionem infinitorum secundum speciem. Et similiter est de infinitate cognitorum intra se. Quid
472 2425 2249 2492 autem de hac vltima quaestione sentiendum est: obscurum, & multum remotum est a nobis: propter in
475 2471 2240 2527 comprehensibilitatem infinitatis. Certum tamen est nobis in hac quaestione, quantum ad ideas, & es-
463 2516 2236 2604 sentias rerum secundum speciem: quod processus ille secundum gradus persectionis, secundum magis & minus
470 2573 2246 2650 imitando diuinam perfectionem in infinitum est per additionem ad formam: quia omnis persectio est a forma.
468 2626 2247 2703 Et ita gradus superior in imitando est a forma perfectiori. Si ergo processus ille possibilis esset pro
473 2692 2247 2744 gredi in infinitum in forma: ergo per appositionem procedere potest augmentum simpliciter & ab
469 2742 2246 2822 solute in infinitum. sicut & diuisio in quantitate secundum materiam per diuisionem procedere po
468 2799 2247 2855 test in infinitum, quod plane est contra determinationem Philosophi. iii. Physicorum. cap. de infinito. vbi
462 2842 2247 2912 plane dicit quod infinitum potentia est sicut materia. & non accipiendum sicut hoc aliquid permanens: vt
458 2902 2241 2969 hominem aut dominum: sed sicut dies dicitur, & agon, quibus esse non est: sicut substantia quaedam
455 2958 2234 3021 facta, sed semper in eo quod fit alterum & alterum. Sed in magnitudinibus quidem permanente acce
468 3007 2248 3088 pto hoc accidit: in hominibus autem & tempore corruptis. Vnde quia generatio hominium & vniuersaliter
466 3067 2240 3128 multiplicatio indiuiduorum per materiam est aut modo materiali sub specie, sicut & diuisio continui,.
469 3105 2236 3190 ideo absque omni inconuenienti potest procedere in infinitum, nec oportet dare processum huiusmodi aliquando finiri
455 3156 2252 3264 secundum actum. ECONuerso autem multiplicatio specierum secundum gradus perfectionis est per formam
