2444 3750
219 276 2011 362 huiusmodi infinitorum reducibilis est ad actum existentiae ab agente naturali vel supnaturali: vel
218 344 2001 413 ad actum cognitionis ab intellectu creato: sed totam infinitatem simul accipiendo secundum simplicem intui-
222 400 2001 466 tum: intellectus enim dei non est discursiuus, vt alibi declaratum est. Hinc dicit apostolus Hebrae. iiii.
222 453 2006 532 Viuus est sermo dei. glo sid i. eius notitia. Efficax & penetrabilior omni gladio ancipiti. glos. i. perspi-
225 515 2002 577 cacior omni ingenio quod circunspicit carnalia & spiritualia. Et non est vlla creatura inuisibilis &c.
218 573 1999 638 glos. Quia ex omni parte plene visa. & hoc non notitia simplici solum: qua noscuntur indifferenter en
215 614 1999 681 tia & non entia, futura & non futura: sed etiam notitia visionis: qua solum dicuntur cognosci ea quae
211 665 2004 736 sunt vel aliquando erunt quia infinita: vt non tot quin plura erunt accipienda etiam cum effectu
223 731 1995 800 per successionem, licet non simul, tam in indiuiduis producendis sub speciebus generabilium & corru
219 789 2002 853 ptibilium si generatio duret inaeternum, quam in cogitationibus & affectionibus cordium bonorum
218 845 2003 900 & damnatorum. lta quod in notitia dei sub eadem specie cadit duplex infinitas indiuiduorum non existen
223 882 2009 953 tium & non praeteritorum sub eadem specie. Vna scilicet, eorum quae nunquam fuerunt, nec sunt, nec
221 937 2004 1004 erunt: possunt tamen fieri. Alia eorum quae nec fuerunt nec sunt: erunt tamen per successionem. Quam
217 1004 1998 1061 tum vero pertinet ad infinitatem numerorum diuersarum specierum, magis patet quid sit dicen-
215 1053 2005 1112 dum apud rectam rationem, quam de indiuiduis sub eadem specie. Ista enim in essentia vt essentia est, non
220 1094 2010 1170 distinguuntur: sicut distinguuntur species numerorum infinitorum. dicente Augustino de numeris. xii. de ci
223 1152 1995 1219 uitate dei cap. xiiii. Eos infinitos esse certissimum est: suisque numerus, proprietatibus terminatur: vt nul
218 1216 1999 1274 lus eorum par esse cuiquam alteri possit. Dispares inter se atque diuersi sunt: & singuli quique finiti sunt: &
214 1271 2000 1330 omnes infiniti sunt. Si ergo nouit infinita indiuidua non essentiis specificis, sed indiuiduali distin
219 1315 1998 1387 cta: multo fortius & infinitos numeros specie distinctos. dicente Augustino de numeris ibidem. lta
218 1379 1995 1434 ne numeros propter infinitatem nescit omnipotens deus: & vsque ad quandam summam numerorum
220 1419 1990 1493 scientia dei peruenit, & caeteros ignorat: Quis hoc vel dementissimus dixerit: Absit itaque vt dubitemus
225 1477 1999 1555 quod ei notus sit omnis numerus: cuius intelligentiae, sicut in psalmis canitur, non est numerus. SED
232 1534 2000 1600 quomodo contingit hoc: quod species numerorum secundum speciem per appositionem procedunt in infini
222 1581 1997 1648 tum: & non species essentiarum in creaturis: Est dicendum: quod ratio huius est: quoniam dicta appositio in es
220 1633 2002 1704 sentiis non est nisi ad formam: quia est secundum perfectionem in essentia. & vt dictum est, processus ad
220 1691 2001 1755 dendo ad formam non potest procedere in infinitum. In numeris autem est appositio ad materiam. non
223 1740 1995 1821 procedit enim appositio in numeris nisi per vnitatem distinctam ab alia vnitate: quae sub vnitate alicuius for
227 1802 1995 1867 mae coniunguntur sicut eius materia. inquantum omnis numerus per aliqualem procedit diuisionem: vt
221 1845 1998 1916 numerus naturalis & mathematicus ex diuisione continui: & numerus specierum per diuisionem ge-
228 1900 2002 1969 neris: & numerus indiuiduorum per diuisionem aliqualem formae specifice: et numerus vniuersitatis en-
220 1951 2004 2025 tium per aliqualem diuisionem vnitatis summae per essentias omnium creaturarum. lta quod in numeris spe
223 2019 1995 2079 cies non determinantur neque distinguuntur per ipsas vnitates. Quantum enim est ex natura vnitatum, nu
228 2060 1994 2131 merus non est vnus nisi vt vnitum aggregatione plurium. Sed quod numerus dicatur vnus specie, hoc com
224 2121 1992 2190 tingit propter determinatam distantiam vltimae vnitatis ad primam. propter quod quaelibet vnitas apposi
228 2173 2000 2243 ta numero: etsi vna sit eiusdem naturae cum altera: propter tamen aliam distantiam ad vnitatem primam
225 2225 2002 2291 nouam speciem numeri constituit. Inde etiam contingit quod ex infinitis numeris differentibus specie inui
223 2285 1999 2346 cem coniunctis, quia in eis non est ponere vnitatem vltimam habentem determinatam distantiam
224 2330 1990 2399 ad vnitatem primam, non constituitur aliquis numerus formalis siue pars speciei vnius: vt cognoscendo illum per
223 2392 1995 2453 suam speciem per illum & sub illo cognoscat alios infinitos. Immo sub illo numero infinito qui est numerus secundum ma
223 2438 1994 2509 teriam tantum, & vnus tantum aggregatione secundum suam infinitatem materialem, inquantum omnis numerus finitus per speciem ma
227 2506 1993 2566 terialis est illi sub nulla vnitate formae reductus ipse cognoscit omnes numeros secundum quod dicit Au
241 2559 1985 2625 gustinus vbi supra. Infinitas itaque numeri quamuis infinitorum numerorum nuilus sit numerus, non est ta
232 2607 1993 2676 men incomprehensibilis ei cuius intelligentiae non est numerus. Propter quod bene dicitur & vere quod deus
236 2651 1991 2719 cognoscit numeros infinitos, non autem numerum infinitum secundum speciem, vt dictum est. Et ita appositio
232 2718 1991 2772 ad numerum quia est secundum materiam procedit in infinitum absque eo quod necesse sit ponere numerum infinitum aut
226 2772 1996 2827 in existentia: aut in diuina intelligentia: non autem appositio ad essentias creaturarum, vt dictum est.
233 2823 1994 2885 Vnde secundum omnes concedenda est secunda ratio de cognitione infinitorum indiuiduorum sub vna
233 2871 1990 2932 specie, quod est possibilis. Communiter etiam conceditur secunda ratio de cognitione infinitarum creatura-
236 2927 1991 2989 rum secundum species & infinitarum idearum in deo. Posset tamen responderi, vt videtur, secundum prae
231 2983 1990 3046 determinata. AD tertium: quod si ideae essent infinitae in deo, & per illas infinita secundum essentias deus co
237 3034 1996 3107 gnosceret: ergo totalitas creaturarum esset infinita non minor diuina infinitate. Dicendum secundum
235 3091 1998 3162 praedicta: quod licet totalitas esset infinita, vel etiam si aliqua vna poneretur infinita, non tamen diuinam
233 3146 1998 3228 infinitatem attingeret. Et licet hoc verum sit: tamen vt videtur non euitatur inconueniens. Non enim so
