2431 3747
225 278 2010 363 esse, ratio est omnium cognoscibilium quae esse participant: non tantum quo ad rationem comomnis essentiae, sed
227 360 2010 422 quo ad rationem eorum quae sunt minima in ipsis, quibus differunt abinuicem. Nec restat igitur apud
230 409 2002 477 intellectum diuinum siue sint entia actu siue non: siue simul possibilia existere siue non: dum tamen
220 464 2001 524 esse sui sint aliquo modo participabilia. EX quo soluitur difficultas quam arguunt aliqui contra praede
227 520 2001 578 terminata sic. Si deus cognoscit infinitum in hominibus, & infinitos homines vt factibiles per successio
227 574 1994 632 nem a natura: & quicquid potest facere mediante natura, potest facere immediate: & sua factio non re
218 622 1996 678 quirit successionem, sicut requiritur in opere naturae vbi vnus homo sit ab alio: quia immediate quili-
224 675 2000 741 bet eorum fieri potest a deo: potest ergo deus facere simul infinitos esse si simul nouit eos: aut si non
224 730 1989 792 potest, videtur quod non noscit simul. Et est dicendum: quod quicquid est de veritate huius quaestionis:
229 786 1992 846 Vtrum deus possit facere infinita simul actu existentia: cum infinita simul actu cognoscat: de quae ad
231 840 2003 902 praesens nihil determino: tamen ista ratio non cogit ad ponendum quod infinita simul fieri possunt a deo
228 895 2000 961 quia deus, vt dictum est, res non cognoscit obiectiue secundum naturas rerum, licet verissime cognoscat
225 948 1994 1012 proprias naturas rerum: sed secundum naturam suam. & res habent esse in cognitione dei non secun
225 997 1999 1060 dum naturas suas: sed secundum naturam dei. ENtitas autem non conuenit rebus nisi secundum
222 1052 1994 1112 naturam ipsam rerum. Non est autem inconueniens: quod aliquid conueniat naturae creatae secundum naturam
224 1106 1989 1165 dei, licet non conueniat ei secundum naturam suam: & hoc propter naturae illius excellentiam super naturam suam
215 1155 1996 1217 Idcirco ergo contingit quod cognoscibilitas simul creaturis infinitis non repugnat: quia hoc conuenit
213 1210 1996 1266 eis secundum rationem naturae dei: licet entitas simul eis repugnat: quia hoc eis conuenit secundum
213 1264 696 1333 rationem propriae naturae.
546 1318 1977 1384 Equuntur duo quaesita de actione dei transeunte in aliud extra. Quorum primum erat:
551 1371 1972 1433 Vtrum deus necessario producat quicquid exterius immediate producit. Secundum
538 1419 1976 1501 erat: Vtrum deus sit causa damnationis malorum. ClRca primum arguitur quod sic.
524 1491 1976 1550 uquoniam si deus vult hoc facere, dato quocunque ex eis quae ipse exterius immediate fa
534 1529 1986 1597 cit, sequitur ergo hoc fit. quia in psalmo diei. Omnia quaecumque voluit fecit dominus. Antece
521 1583 1980 1661 dens est necessarium simpliciter & absolute. ergo & consequens. Quia antecedens sit sim
510 1641 1980 1710 pliciter & absolute necessarium, arguitur: quia quicquid deus vult non potest non
215 1691 1970 1751 velle. aliter enim esset sua voluntas mutabilis. IN contrarium est illud quod dicit quidam Articulus con-
208 1746 1980 1813 demnatus a Stephano quondam episcopo Parisiensi: qui dicit sic: Quia deum necesse est facere quicquid im
204 1804 1967 1870 mediate fit ab ipso, error. Ad hoc est sententia philosophorum, secundum quod recitat Auicenna. viii. &. ix, me-
213 1852 1972 1914 taphysicae suae, quod deus triplici necessitate in vnum concurrente agat illa quae immediate agit: & etiam quae
214 1904 1977 1966 mediate in prima rerum & essentiarum productione: quae est essentia, scientia, & voluntas. vt videlicet
218 1962 1972 2026 primo & per se agat necessitate suae essentiae. Quoniam vt dicit, veritatis primae non est sua prima actio
214 2020 1971 2084 nisi per essentiam. sed hoc non nisi secundum modum scientiae suae discernentis, & voluntatis suae compla-
218 2064 1986 2123 centis. Vnde de scientia dei dicit ibidem. Sua scientia est sciens quid sua perfectio: & sua excellentia est
214 2119 1977 2181 vt fiat ab eo bonitas. & hoc est de communicantibus suam gloriam: & ex hoc quod intelligit se, sequitur or-
218 2172 1968 2235 dinatio bonitatis in esse: & intelligit qualiter est possibile & elegantius prouenire esse totius. Vnde
213 2226 1974 2286 vt dicit, ex hoc quod intelligit ordinationem & bonitatem quam melior esse potest secundum quod intelligit eam
207 2283 1966 2345 fluit ipsa tali fluxu quo perfectius peruenitur ad ordinem secundum possibilitatem. De voluntate vero dei dicit
211 2334 1974 2398 ibidem. Omnis autem scientia qua scit quid prouenit ex ea, nec miscetur ei impedimentum, placet ei quid proue
205 2389 1973 2453 nit ab ea. Igitur primo placuit vt ex sua essentia flueret omne quod est. POsitionis autem eorum ratio
215 2442 1965 2511 talis erat: vt dicit in eodem. Quicquid ab eo est, necessario est quantum ad illud. alioquin esset ei dispo
215 2494 1962 2555 sitio quae non erat: qua scilicet fieret agens & ad actionem applicaretur, si non ageret de necessitate.
208 2546 1958 2605 Et quia natura non est nisi ad vnum, ideo, vt dicit in eodem, primum non potest agere nisi vnum immedia-
206 2600 1961 2668 te numero procedens ab eo. quae omnia vana sunt & friuola. Positio principalis quod agat de necessitate
211 2656 1961 2712 naturae in se, est impossibilis. quoniam agens aliquid de necessitate naturae absolutum & independens, non
210 2706 1960 2771 potest esse ab illo quod agit. quia necessitas tendendi in aliud & absolutio siue independentia sunt con
215 2763 1962 2818 traria. agens ergo aliquid de necessitate naturae, dependens est ad illud quod agit. Hoc autem non est ni
205 2816 1959 2880 si propter perfectionem quam ex illo acquirit. Primum ergo in eo quod agit, perfectionem aliquam sui vt
211 2868 1963 2931 finem intenderet. vnde vult philosophus primo physicorum quod natura agit propter finem. hoc autem repugnat
214 2922 1962 2982 perfectioni primi. ergo &c. SED diceret Auicenna: quod verum est de eo quod tendit in aliud propter suam im
216 2976 1961 3042 perfectionem vt aliquid ab illo acquirat. Sed primum tendit in aliud propter suam perfectionem. Vn
206 3028 1967 3094 de dicit, quod hoc est secundum viam consequendi & communicandi esse eius. Non quod eius esse sit pro-
205 3080 1964 3150 pter aliud a se: sicut aqua refrigeratur per seipsam ad conseruandam suam speciem, non vt refrige
200 3141 1964 3221 ret aliquid extra se: sed hoc consequitur eam. Quod non prodest ei. quoniam quod nunc consequitur aquam, quod
