2472 3715
192 312 1949 401 cari. In talibus ergo simpliciter sciendum est quod eorum indiuiduatio et ratio suppositi habet fieri
190 393 1947 458 per agens: inquantum scilicet terminat actionem agentis: quae non habet determinari nisi ad hoc aliquid
192 451 1951 518 quia vel & commune non fit nisi in singulari: ita quod licet huiusmodi formae sint simplices: in eisdem tamen
192 502 1958 572 indiuidualiter subsistunt, ita quod in eis forma ex se dicit aliquid vt simpliciter & absolutum: suppositum vero dicit
189 550 1955 614 aliquid vt determinatum, habens in se formae determinatae participationem. Quae quidem ratio determinationis fa
194 609 1942 670 cit principaliter, & ab intra rationem suppositi: & hoc siue sit per materiam, siue per agens. Vnde an
197 661 1953 725 gelitas non ex eo quod est angelitas, neque ex eo quod est haec angelitas, habet rationem suppositi ab intra
191 713 1943 775 sed angelus iste habens determinate hanc angelitatem quia ex se, non est hic nisi quia est huius.
197 767 1947 826 Ratio enim determinationis super formam adueniens est ratio constituendi suppositum determina
190 822 1949 882 tum in quo designatur forma, quae proprie non est determinata, neque indiuiduata, nisi quia est suppositi
196 878 1946 933 determinati & indiuiduati tam in materialibus quam in spiritualibus. Sed quid est in supposito super formam
194 923 1947 989 quo habet esse hoc: et quo per ipsum forma habent esse hoc quia est huius: Dico aliquid praeter materiam, & praeter agens
186 976 1943 1042 quid est quasi dispositio suppositi inquantum suppositum est: quod non potest esse materia nec agens. Haec enim dispositio
203 1035 1953 1101 derelicta est circa formam in supposito, & facit suppositum esse suppositum, vt habens formam & rationem compo
193 1086 1938 1147 sitionis ex forma & ratione determinationis in ipsa. Hoc enim viso videbitur ratio suppositi & indiuidua
191 1142 1945 1199 tionis proxima, & quid est quod suppositum formaliter faciat in creaturis. Et est dicendum: quod est aliquid
192 1197 1955 1249 extra intentionem formae concomitans eius productionem, vel per agens, vel per materiam, vel per vtrunque. Quare
196 1246 1942 1306 cum super naturam rei factae concomitans ipsam ex sua productione non potest esse aliquid positiuum & absolu
189 1306 1946 1372 tum: quia illud oporteret esse factum: & similiter in sua natura esset determinabile, sicut & ipsa forma, ne
186 1360 1945 1423 cessario faceret compositionem realem cum ipsa forma tanquam aliquid aliud secundum formam ab ipso apposi
180 1411 1946 1473 tum ipsi: quemadmodum forma differentiae est aliud a forma generis: nisi ponamus in forma substantiali
189 1459 1952 1521 intensionem & remissionem sicut est in accidentali, vt in vno supposito subsistat sub gradu intensiori: in
191 1513 1939 1573 alio vero sub gradu remissiori. Sed tamen adhuc restat difficultas quaestionis, supposito quod subsistat in duo
190 1567 1940 1628 bus suppositis eiusdem gradus. Oportet ergo quod sit aliquid negatiuum aut positiuum respectiuum. Non positiuum
184 1618 1954 1678 respectiuum, quia respectus ille necessario fundaretur in ipsa re vt facta est: & ita vt determinata in suppo-
186 1676 1947 1733 sito. Oportet igitur quod sit aliqua conditio negatiua. Est igitur dicendum quod in formis creatis specificis vt
192 1727 1946 1783 specificae sunt, ratio indiuiduationis ipsarum qua determinantur in suppositis: & quae est ratio constitutiua sup-
187 1780 1939 1843 positi, est negatio qua forma ipsa quae ex se est specifica in esse rationis, vt est terminus factionis, facta est indiui
189 1836 1939 1889 sa omnino in supposito & indiuidualis & singularis priuatione omnis diuisibilitatis per se & per accidens
182 1888 1945 1942 & a quolibet alio diuisa, vt sic sit processus in formis creatis. quia forma generis habens solam vnitatem ratio
188 1940 1945 2004 nis in se est per formas diuisa, quae ipsam determinant ad speciem. Forma vero speciei determinata est in forma
187 1993 1946 2057 specifica non diuisibilis neque determinabilis per formas diuersas nec quantum est de se per formas easdem
194 2045 1944 2113 specie: sed solum per aliquid aliud a se, non solum vt per agens formam in esse producens, vt in formis separatis
189 2106 1947 2174 aut per materiam, vt in rebus materialibus, vt dictum est: sed cum hoc quod habet esse per agens, aut per ma
184 2155 1947 2215 teriam, habet etiam esse per aliquid aliud & completiue, quia agens aut materia non est vltimum & completiuum
190 2207 1947 2269 quo quasi formaliter fit indiuiduatio, & ratio suppositi, immo per hoc quod forma ab agente producente eam,
182 2256 1939 2318 aut per materiam in se habet esse indiuisum omnino, & a qualibet alia forma diuisum: cum qua in specie
187 2314 1941 2374 communicat. Quae quidem negatio non est simplex, sed duplex: quia est remouens ab intra omnem plurificabili
186 2369 1943 2428 tatem & diuersitatem, & ab extra omnem identitatem, vt dicatur ita haec quod tantum haec, non habende scilicet intra se pos-
187 2422 1948 2477 sibilitatem ad esse aliud & aliud sicut habet forma speciei: & iterum tantum haec quod non sit aliqua aliarum
188 2476 1936 2531 suae speciei. Et haec duplex negatio omnino formaliter rationem formae determinat, qua determinatione su
194 2527 1935 2592 pra essentiam formae constituitur suppositum absolutum, quod vere dicitur hoc aliquid: quasi tantum hoc, & non aliquae
187 2583 1939 2649 nec intra se nec extra: & sic nullo modo aliud quid. Et quia talis negatio siue determinatio, licet nihil
180 2635 1930 2694 rei apponit in separatis supra essentiam qua determinetur, inquantum tamen est extra intentionem formae, vt for
178 2691 1936 2746 ma est, large sumendo accidens potest dici accidens, vt secundum hoc huiusmodi indiuiduatio dicatur
180 2743 1941 2807 fieri per aliquod accidens formae superueniens: cum tamen formae materiales habeant aliquid accidens
185 2796 1939 2852 scilicet quantitatem in materia, qua indiuiduentur. Vnde Auicenna assignans differentiam inter
184 2851 1934 2906 accidens quo indiuiduantur formae separatae & forma materiales generabiles & corruptibiles, di-
180 2900 1939 2972 cit quinto metaphysica Postquam determinata est species specialissima accidunt ei concomitantia ex acci
176 2956 1937 3017 dentibus & proprietatibus per quae natura indiuiduatur, & sit designata. lpsae vero proprietates & ac
181 3010 1944 3063 cidentia, aut erunt aduentitia tantum: ita quod non sunt de essentia vllo modo: & haec sunt accidentia quae
185 3062 1943 3119 accidunt indiuiduis rerum simplicium: aut erunt dispositiones superadditae: quibus intellectis ab hoc
181 3118 1938 3174 significato necesse est vt non habeat esse hoc significatum quod est praeter alia, quia contingit destrui suae
181 3172 1947 3244 alietatis concomitantiam. Sic ergo non nisi determinatione negationis circa formam contingentis
