2402 3621
120 294 1876 363 est prior: quia non sunt eodem tempore. quod requiritur ad eandem transmutationem numero se-
122 352 1869 415 cundum philosopum in eodem. Primo mod. scilicet prout esse circa rem manet vnum & idem, intelligitur esse rei consi-
115 406 1862 465 stere in continuo fieri, non ex parte esse ipsius aut essentiae rei: sed ex parte ipsius fieri quo res suum esse ha-
126 459 1866 519 bet ab alio. Quod non contingit intelligi nisi tripliciter: quoniam illud fieri aut est vnum & idem simplex manens, aut
114 515 1865 577 vnum continuum distinctum penes prius & posterius: aut semper aliud & aliud discretum. CONtra
121 569 1861 628 primum modum vt videtur fundatur aliquorum intentio: videlicet quod res in sua essentia, & in esse suo substan-
121 619 1864 684 tiali & essentiali manet vna & eadem: sed tamen quod non habet esse nisi per fieri ab alio, hoc non potest habere vni
130 668 1866 733 co fieri ne sit simplex & totum simul: sicut est esse dei, & ne ponatur in se subsistere abque actione aliqua pri
131 721 1856 784 mi agentis: sicut expositum est: sed sicut in principio esse suum habet per suum fieri: sic & ipsum con
135 784 1867 842 tinue habet & permanenter per suum continuum fieri vnicum, aut per diuisa fieri vnum post alterum. Sed quod sunt
131 828 1859 891 diuersa discreta simul existentia siue sese concomitantia, hoc omnino est impossibile: quia vt dictum est diuersae
130 878 1863 945 transmutationes non sunt nisi ad diuersos terminos: vt diuersae trasmutationes grae ad diuersos terminos
138 930 1866 1000 genere: diuersae vero specie ad diuersos terminos specie: diuersae vero numero ad diuersos termimos nu-
128 988 1864 1051 mero, secundum philosopum quinto Physicae. Sed quod sit fieri vnum continuum habens prius & posterius: hoc similiter est im-
140 1034 1860 1111 possibile: quia illud fieri non est nisi motus. & secundum philosopum. vi. Physic. eadem est diuisio temporis & motus & eius
134 1093 1868 1158 in quod sit motus. Cum ergo essentia siue esse rei vt dictum est sit simplex & indiuisibile: non potest fieri esse eius com-
126 1136 1869 1206 tinuum & diuisibile. Sed propter hoc forte videbitur aliquibus hic distinguendum: quod continuum distinctum
123 1197 1868 1262 penes prius & posterius duplex est: quoddam cum innouatione & veteratione: quoddam absque innouatione
130 1250 1862 1313 & veteratione. Primo modo quemadmodum aqua exit de fonte quae semper est alia & alia. & tale fieri conti-
127 1304 1869 1359 nuum habens prius & posterius est motus: cuius vna pars cum innouatur & recipit esse, pars praecedens
121 1352 1870 1422 recedit ab esse & inueterascit. & tale continuum vt dicunt non est fieri quo continuatur esse rei: sed est fieri
114 1407 1863 1464 secundo modo: quemadmodum enim dicunt radium procedere a sole: a quo non semper aliud & aliud emittitur
113 1458 1862 1517 sed quod semel emissum est, vnico & simplici fieri & in esse conseruatur & continuatur continuo fieri: sic dicunt esse
125 1515 1861 1572 creaturae procedere a deo. Non quod aliquid creaturae vel esse eius amittitur, & aliud acquiritur: aut similiter eius fieri: si
118 1564 1870 1632 cut contingit in motu quod semper aliquid eius acquiritur & aliquid amittitur, & in re in quae est motus semper aliquid post ali
119 1619 1873 1686 ud acquiritur per generationem, & aliquid post aliud amittitur per corruptionem: vt infra magis apparebit in quaestio
117 1673 1860 1742 ne de aeuo angeli. Sed quod esse creaturae primo datum vnico & simplici fieri per continuam influentiam
127 1731 1858 1791 conseruatur: ita quod propter continuitatem conseruationis est ibi successio in fieri: sed quia conserua-
114 1778 1868 1838 tur in esse est vnum simplex totum simul: ideo ibi nulla omnino est innouatio. Quod non potest stare, quia prius
121 1834 1872 1892 & posterius quae sunt in illo continuo fieri conseruationis totius, aut sunt simul secundum totum & manent:
119 1887 1861 1958 aut sibi mutuo succedendo: & vna decidit quando altera aduenit. Si isto secundo modo, tunc dicere quod est prius &
117 1940 1868 2014 posterius sine innouatione, & inueteratione, contradictionem implicat: quia quid decidit inueterascit, & quid
123 1999 1870 2056 aduenit innouatur. Nec valet quod dicunt quod ibi nulla est inueteratio vel innouatio, quia quod conseruatum
124 2048 1871 2101 est in esse estisimplex totum simul & in esse, & in essentia sua. licet enim in huiusmodi termino sue scilicet in ipso con-
120 2092 1876 2160 seruato non habet innouationem: habet tamen eam intra se & suam essentiam per suas partes aduenientes & dece
132 2152 1864 2207 dentes: vt dictum est. Si vero partes ponantur esse simul, hoc est contra naturam continui in transmutatio
123 2208 1866 2270 nibus existentis. Praeterea ponendo simul partes existere ipsius fieri, non poterunt obtinere intentum. pro
122 2265 1865 2326 pter quod negant vnum simplex fieri in esse rei, & ponunt ipsum habere partes. Hoc enim ponunt non moti ratio
119 2318 1871 2379 ne: sed propter fugam inconuenientium: quae tamen ex hoc non effugiumt scilicet ne esse creaturae ponatur actus purus
124 2366 1860 2418 sine futuritione & praeteritione: sed totum simuel & simplex erit infinitum. Siue enim fieri illud ponatur simplex, siue
119 2418 1866 2485 habens partes simul existentes, non plus ex vno illorum vitantur illa inconvenientia quam alia: vt patet inspicienti.
123 2468 1866 2539 Dicendum est ergo simpliciter quod esse creaturae & quo ad se, & quo ad essentiam cuius est, & quo ad fieri eius
127 2525 1863 2591 est totum simul: nullo autem modo in continuo fieri: vt patet ex iam dictis in prosecutione membrorum. Ad cuius ta
122 2578 1862 2647 men intellectum sciendum est: quod eorum quae sunt, quaedam habent subsistere in se: vt substantiae: quaedam vero alteri inhae
124 2624 1866 2682 rere: vt accidentia realia. Quorum quaedam inhaerent subiecto: vt in se, & absolute consideratur: quaedam vero vt con
120 2671 1867 2743 sideratur sub respectu quodam ad aliud diuersimode secundum diuersitatem partium existentium, & permanentium in ip
117 2736 1862 2798 so. Primo modo habent esse in subiecto omnia alia accidentia a tempore & motu. Secundo modo habent esse in subiecto
117 2783 1858 2847 tempus & motus: sed tempus per motum, mutatio enim quae est indiuisibile quid in motu sequitur substantiam siue
122 2833 1867 2898 subiectum secundum quod mutatum est super aliquod signum determinatum in situ, vel in qualitate, vel in quanti-
124 2884 1870 2953 tate. Inquantum vero transfertur successiue a priori manente in loco, vel in qualitate, vel in quantitate: ipso
126 2937 1869 3003 autem non manente in illo: sed transeunte ab vna parte in aliam, sequitur eam motus. propter quid siue quid acquiritur per motum
123 2992 1876 3055 sit manens: siue in motu: vt cum acquiritur quaelitas in ipso moto per alterationem, aut quantitas per augmentationem, vel
121 3042 1872 3103 in eo super quid mouetur localiter: vt si aliqua qualitas mansiua maneret in pariete per motum solis super
128 3101 1871 3177 ipsum: siue sit aliquid transiens vel circa mobile localiter: vt situs diuersi quos acquirunt vnum post
