2447 3764
498 284 2296 396 alium, vel circa id super quid mouetur: vt cum sol transit per aerem lux quam generat in eo in recta oppositione, desi
511 359 2297 453 cit quando recedit a recta oppositione: siue sic inquam: siue sic sit de eo quod acquiritur per motum: semper tamen motus se-
509 410 2286 502 cundum partes suas decedit & aduenit: diuisibiles tamen secundum diuisiones partium rei in qua sit motus.
514 467 2294 555 Tempus autem consimiliter sequitur motum: sicut motus id quod fertur secundum prius & posterius in id in quod est
512 523 2294 610 motus. propter quid etiam consimiliter tempus partes non habet permanentes: sed tantum succedentes. Aliis autem omni
505 573 2296 664 bus entibus siue sint simplicia, siue partes habeant in essentia: vt habent locus, quantitas, & qualitas in qui-
510 633 2299 715 bus habet esse motus, essentiale est quod sint permanentes in natura sua, & essentia simplici, si sunt simplicia
507 684 2296 777 & similiter quod partes suas habeant simul. accidit autem quod succedentes. Vnde cum sit augmentum in quantitate, manent
521 734 2297 834 partes acquisitae per motum partibus motus non remanentibus. Et similiter cum sit motus in qualitate. Si enim
509 792 2291 890 non maneant huiusmodi res vel in esse suo simplici, vel secundum partes suas, hoc accidit eis propter aliquem modum
518 850 2294 932 dependentiae ad suam causam. Est igitur intelligendum quod in causis actiuis quaedam sunt a quibus causata de
515 901 2295 994 pendent quo ad fieri tantum: vt contingit in partibus propagantibus aut aliquid generantibus instru-
524 951 2297 1045 mentaliter & ministerialiter tantum, quemadmodum medicus agit ad generationem sanitatis instrumentali
522 1010 2300 1087 ter: vbi agens principale est natura agens intra. & quemadmodum agit asinus ad generationem asini qui agit
520 1058 2305 1145 instrumentaliter: vbi agens principale sunt corpus caeleste, & intelligentia, maxime prima. In talibus agens princi
519 1112 2308 1205 pale manet genitum recedente agente secundario. Alia vero sunt a quibus dependent causata, non tantum quo ad fieri:
521 1171 2305 1251 sed etiam quo ad esse eorum: sicut velite dependet creatura a deo, & lumen in acre a corpore luminoso. In talibus non
518 1222 2307 1307 manet omnino causatum ad absentiam veritatis suae causae. Non quia alia actione secundum rem agens esse dat & datum con
523 1275 2305 1369 seruat: vt vult opinio iam dicta: sed quia non habet aliquae coagens ad fieri sui esse: sed idem ipsum: ita quod id ipsum in agen
524 1335 2304 1411 te quod est causa fieri esse causati ex quadam directione ad ipsum, & coniunctione cum ipso, id ipsum ex per
520 1380 2309 1471 manentia in eadem directione & coniunctione est cauam conseruationis ipsius esse causati. lta quod sicut ipsa virtus
520 1429 2309 1518 agens, & eius directio & coniunctio cum creato est eadem numero manens: sic est actio sua eadem circa cau
523 1485 2301 1578 satum manens vna & eadem numero. Et similiter ipsum causatum praeter hoc quod cum effectus primo recipit
530 1550 2310 1624 esse a tali causa: tunc dicitur fieri causatum: deinceps autem conseruatio est. Nihil tamen aliud egit agens primo cau-
525 1597 2301 1682 sando fieri, quam modo causando conseruari: nec econuerso: ita quod sicut ex parte agentis idem sunt re facere &
531 1650 2304 1742 & conseruare, sic ex parte causati idem sint re fieri & conseruari: differentia autem sola ratione: & hoc quem-
530 1711 2316 1795 admodum cum sigillum imprimitur aquae, ex contactu partium aquae ad partes sigilli fit in aquae sigilli figura: & eo-
539 1753 2321 1842 dem contactum conseruatur in esse quamdiu manet ille contactus: et hoc absque omni alia influentia: & absque omni
531 1808 2307 1904 alio & nouo fieri in aqua procedente a sigillo: quo figura illa conseruetur quae prius erat impressa. Vnde si
536 1865 2304 1946 cut ibi circa esse figurae sigilli in aqua contingit, quod non solum ipsum est simplex & totum simul: sed etiam con-
539 1916 2310 2000 similiter simplex est: & totum simul fieri illud quo primo habet esse & deinceps conseruari: & hoc absque
533 1969 2313 2057 omni successione, & innouatione non solum ex parte ipsius esse figurae, sed etiam ex parte ipsius fieri: sic esse
545 2023 2314 2117 cuiuslibet rei creatae alterius a tempore & motu, & eorum quae annexa sunt eis inquantum huiusmodi, quamdiu ma-
533 2075 2323 2159 net eadem directio causae ad ipsam, & coniunctio cum eadem, simplex est & totum simul absque omni successi
541 2132 2321 2217 one partium, vel in se vel in fieri suae conseruationis: ita quod in eodem instanti quo subtrahitur aei sua causa, ne
543 2189 2321 2279 ad ipsam dirigatur & coniungatur sicut prius, cadit in nihilum. Quiod si talis causa generet aliquid in alio: vt
550 2239 2321 2328 corpus luminosum lumen in aere, si continue per motum suum localem aliam & aliam directionem & coniunctionem
553 2292 2322 2385 rectae oppositionis habeat ad aerem, continue generat aliud & aliud lumen in aere alio & alio fieri, & conti
552 2351 2326 2432 nue vno decedente oritur aliud secundum successionem partium motus & temporis quo connectuntur. Si tamen stet sol
550 2399 2330 2485 in eadem directione, oppositione, & coniunctione, non est ibi nisi vnicum lumen generatum & conseruatum vnico
547 2451 2323 2545 simplici fieri, si tamen fieri dici possit. Immo vt videtur non debet dici fieri vel factio, nisi quo ad primum instans
561 2521 2327 2597 quo causatum prosilit in esse ad praesentiam suae causae. Postmodum autem quo ad totam temporis successionem debet
557 2572 2334 2651 dici rei manentis conseruatio absque omni factione. Per quod aparte euitantur omnia inconuenientia propter quae vitan-
558 2611 2338 2706 da praedicti contraria ei quid dictum est posuerunt, non obstante enim quod esse creaturae simplex sit & simul
555 2667 2335 2755 vt dictum est: ipsum deficit omnino a simplicitate & simultate esse dei tanquam non habens esse fixum & stabile re-
550 2717 2337 2811 spectu esse dei: immo fluidum omnino & mutabile. Non quod semper fluat & mutetur, vel in se secundum suarum par-
550 2769 2335 2862 tium successionem, vel in suo fieri per partium illius successionem: vt per hoc esse creaturae semper sit in potentia &
555 2826 2333 2915 numquam in esse ponatur: vt illi dicunt: sed quod esse eius fixionem & stabilitatem suam ex se non habet: sed ab alio.
554 2880 2338 2969 immo quantum est ex se simul cum sua fixione, & esse ab alio habet potentiam qua prona est statim causa
557 2935 2337 3022 sua subtracta cadere in nihilum: ita quod ista potentia ad non esse semper est coniuncta actui quo habet ab
553 2990 2338 3080 alio esse. Propter quod eius actualitas non est actus purus: sed admixtus potentia. Et ideo non est in eo perse
563 3042 2338 3129 cta simplicitas, sed compositio ex potentia & actum: neque perfecta simultas: quia deficit aliquid a perfe-
565 3095 2347 3184 cta ratione actus: licet illud actus quod habet est totum simul & simplex. quoniam fluxibilitas ista & mu-
568 3149 2339 3252 tabilitas non est nisi in potentia tantum. et ideo nullum fluxum aut mutationem actualem ponit. quare nec
