2466 3767
492 312 2271 393 gustandum. Et ideo ei addatur opinio particularis vt de qua est sensus, vt quod hoc sit dulce delectabile. tunc
498 383 2264 451 conclusum voluntati oportet confesti operari potentem & non prohibitum. & hoc propter ignorantiam, vt processit ratio
492 444 2262 510 praedicta. Et quod primo & principaliter fallitur circa opinionem rectam particularem, non autem circa velm, aparte de-
497 491 2267 550 termiat per hoc quod dicit quod opinio particularis quantum est de se non est scientialis, quia scientia vniuersalium est
499 545 2256 602 & non particularium. ideo non est inconueniens si circa eam homo fallatur & peccet incontinenter agendo: quia operatio non
496 602 2260 671 est circa vniversala, sed solum particularia, circa quae fallitur. hoc autem esset durum & inconueniens si primo & per se falleretur
487 659 2266 720 circa vniversala quorum est scientia. & secundum hoc per aliquem modum verum est quod dixit Socrates, quod impossibile est ali
487 716 2259 781 quem decipi secundum scientiam quam habet. Non enim praesente scientia sit passio vt vicat: neque ipsa scientia & ratiovniversalis
483 770 2255 833 attrahitur propter passionem: sed ipsa particularis & sensibilis opinio, circa quam primo fallitur incontinens. Et sic pa
486 829 2263 892 ret quod incontinens incontinenter agit propter ignorantiam duplicis propotnnis. Primo particularis: circa quam primo
494 880 2264 950 & per se decipitur. Secundo vniversalis, circa quam decipitur secundario: vt in passione victus aut omnino non habeat eas, vel sic
497 936 2257 1009 habeat eas, vt non sciat eas. Etsi enim eas habeat voce secundum quod moechus in actu moechandi quondoque dicere
489 990 2266 1060 pont: quoniam moechari malum est: & quoniam moechari cum hac muliere malum est: non tamen eas habet re, vt ita intelli
497 1055 2258 1121 gat & sentiat sicut dicit. quemadmodum dicentes verba Empedoclis, nihil autem intelligentes eorum quae dicunt
502 1112 2257 1173 quemadmodum dicit in fine sexti capostoli, quo ad proponnem velm. & in fine septimi quo ad proponnem particularem. Et
502 1159 2259 1228 patet ex dictis quis sit modus huius ignorantiae, quoniam non est in priuatione & carentia habitus scientiae: sed priua-
497 1219 2250 1282 tione actus & vsus ex ligamine habitus ne possit eo homo vti. Sic enim disponunt homines passiones irae & concu
500 1268 2261 1342 piscentiae, quemadmodum somnus dormientem, & ebrietas vinolentum, & furia insanum. Sunt enim omnes isti actu igno
502 1325 2246 1393 rantes non potentes vti scientia sua propter ligamen. Vnde & dissolutio ignorantiae incontinentis, vt iterato fiat sciens
499 1383 2254 1451 non est nouae scientiae acquisitio: sed passionis ablatio. Quemadmodum enim siquis est grammaticus cum inebriatur ascendunt
505 1434 2256 1506 vapores & intellectum eius obnubilant, & vsquequo dominetur euaporatio non potest vt grammaticus operari: post dis
498 1491 2255 1555 solutionem autem euaporationis tunc operatur: sic & in incontinente contingit. Cognouerat enim primo quoniam malum est
500 1545 2252 1609 moechari. a concupiscentia autem vehementi grauatur intellectus ipsius, & perdit talem cognitionem & scientiam quamdiu
498 1601 2255 1658 dominatur talis concupiscentia vehemens. Post dissolutionem autem huiusmodi: confesti dissoluitur ignorantia: et rursus
491 1655 2257 1724 scientiam quam habuit quoniam moechari malum est, reassumit. Et concordant omnes in his quod sit mens & senten-
488 1714 2254 1780 tia philosophi. sed quia non aparte distinguit: an concupiscentia sensualis immediate obnubilet rationem, vel mediante ap-
498 1777 2257 1838 petitu voluntatis concordante cum appetitu sensus: in hoc solo est controuersia, vt dictum est: & videntur ambo
490 1829 2256 1897 pro se habere philosopum, quia aliqua dicta eius videntur expressius esse pro vna opinione: aliqua vero pro alia, vt visum
491 1886 2252 1946 est, et iam videbitur amplius. EST autem adhuc amplius aliquid intelligendum ad veritatis, & intellectus philosophi maiorem de-
486 1936 2252 2013 clarationem, quod philosophus non tam danmnat in vitio & peccato actum exterioris operis quam interioris consensus in delectatio
498 1987 2248 2048 nem, quia vt dicit secundo Politicae de vitio auaritiae, magis oportet concupiscentias regulare quam substantias.
493 2042 2256 2103 Nec etiam solum danmnat interiorem consensum in opus: sed etiam totam delectationem prauam. propter quid dicitur in ii.
503 2099 2256 2166 ethic. quod oportet nos pati ad delectationem, quid senes plebis patiebantur ad Helenam, vt supra dictum est. Vnde
500 2157 2257 2219 philosophus malum incontinentiae non solum ponit in opere exteriori: sed etiam in opere interiori, & ipsius delectationis & consen
500 2208 2248 2276 sus & in delectationem & in opus exterius. ClRca processum ergo & vitium incontinentiae, sciendum quod triplex est
494 2260 2262 2326 in eo gradus principalis. Primo enim delectabile sensus mentem tangit tentando. Secundo in tentationem inducit al
495 2318 2259 2386 liciendo. Tertio tentationem intrare facit volentem inficiendo. Primum enim non est in nostra potestate. & ideo vel
498 2372 2255 2434 in ipso nullum omnino est peccatum, vel minimum veniale. secundum illos qui dicunt quod motus carnis primo primi
497 2428 2265 2496 sunt peccata venialia. & si sunt peccata: non tamen sunt in particulari voluntaria nec voluntate commissa. sed
491 2484 2265 2543 secundum & tertium voluntate nostra committuntur. & ideo peccata sunt. Vnde dominus non docet nos orare ne tem
490 2539 2254 2598 temur: quia hoc quandoque non esset nobis prosicuum. propter quod non fuit Paulus exauditus quando peti-
490 2596 2258 2655 uit sibi stimulum carnis auferri: sed docet nos orare ne inducamur in tentationem. Matthaei sexto. Et ne
495 2650 2257 2710 intremus in tentationem. Marci. xiiii. Vnde dicit Augustinus in fine de libero arbitrio. Voluntatem non
493 2701 2259 2762 allicit ad faciendum nisi aliquod visum &c. vt dictum est supra. Vnde si concupiscentia solummodo animum tam
497 2756 2254 2830 gendo tentet, & voluntas eam statim reiicit: in nullo eam inficit: nec in aliquo intellectum obumbrat: sed obe
499 2813 2252 2879 diente appetitu inferiori appetitui superiori mox tentatio cessat: sicut contingit in continente. Vnde si contingat
497 2861 2258 2931 ex aliqua passione corporali quacunque intellectum obumbrari, & in ignorantiam operandorum cadere, fine omni
500 2922 2259 2975 culpa voluntatis praecedente omittendo vel conmittendo, illa ignorantia vitiosa non est: sed solum poena na
496 2971 2260 3035 turae corruptae. ltaque in eis quae operatur homo propter talem ignorantiam, omnino excusatur: etiam si sint de ge-
501 3023 2260 3086 nere malorum: quia nec initium & causa huius ignorantiae voluntarium est. propter quid huiusmodi facta
501 3080 2260 3148 omnino dicuntur inuoluntaria, vt si furiosus occidat: cuius furiae voluntas sua non causam nec occasionem
500 3133 2259 3193 dedit, neque in omittendo, neque in committendo. Vnde si Loth inebriatus fuisset sine omni culpa sua
499 3187 2256 3258 propter ignorantiam concumbens cum filiabus suis, non peccasset omnino ratione ligata, & per conse
496 3253 2255 3328 quens voluntate: vt nullo modo electione aliquid egisse potuisset. Electio enim siue recta, siue
