2444 3725
186 312 1982 397 vllum fieri aut successionem omnino. Propter quod quo ad actum oppositum illi, potentia non est in facto esse
180 383 1982 448 nec potest esse omnino: quia esset actus purus. Vnde exemplum de luce a sole in aere bonum est ad propo-
178 438 1975 505 situm nostrum. nec eis valet. falsum enim supponunt scilicet quod sit in continuo fieri a sole: non autem in facto esse:
176 489 1978 552 eo quod non manet recedente corpore luminoso. Illud enim non manere recedente sole non repugnat eius fa-
185 544 1976 610 cto esse stante sole. Vnde quod modo lumen nunquam est in aere in facto esse: sed semper est in fieri alterius, & alterius par
183 605 1967 668 tis lucis secundum aliud & aliud fieri, hoc accidit essentiae, & esse lucis siue luminis in aere: quoniam quantum
183 655 1971 711 est de se, nata esset manere tota simul in facto esse, si causa sua in eadem coniunctione & oppositione ad ae
188 707 1974 768 rem maneret: sicut dictum est. Sed quod nunc non manet, hoc ei accidit propter motum solis & mutationem
177 762 1968 820 oppositionis: vt dictum est. Vnde vbi non mutatur coniunctio causae cum causato, manet in facto esse cau
178 813 1971 876 satum quamdiu manet coniunctio: vt patet in gratiae & charitatis influentia in animam sanctam a deo, quae
183 865 1974 932 tota simul est in esse simplici consistens praeterquam cum augmentatur: tunc enim innouatur in esse & essentia sua
173 919 1971 984 per nouum fieri. Nec valet eis auctoritas Augustini praeinducta. Ad cuius intellectum notandum est
188 982 1977 1042 quod res existens ex eo dicitur in facto esse, quod potentiam habet reductam ad esse stans & manens, secundum
187 1032 1973 1093 quod domus dicitur esse in facto esse: quando potentia quae erat in lignis & lapidibus ad formam domus
189 1082 1969 1140 iam sic est deducta: vt in eis secundum actum sit forma domus. Vnde quando potentia non potest deduci nisi
190 1138 1974 1205 ad esse secundum actum fluens: vt est potentia ad esse temporis, & motus vel diuisionis infinitae in con
184 1189 1975 1256 tinuo, aut appositionis in discreto: tale quid semper dicitur esse in fieri solo, & nunquam in facto esse. Sed
184 1244 1972 1312 potentiam reduci ad actum esse stantis, contingit intelligi dupliciter. Vno modo quod reducatur ad actum
191 1306 1970 1364 sic perfectum quod nullo modo indiget ad actus conseruationem causa qua habet actum sui esse: quemadmo
183 1351 1972 1414 dum domus sic per artificem reducitur de potentia materiae ad esse domus in actu quod nullo modo eget eo ad sui
188 1402 1962 1459 conseruationem. Et hoc quia non est omnino causa eius esse scilicet quo ad esse suum & principiorum eius in quo
187 1457 1967 1519 conseruatur esse formae inductae ab artifice ad eius absentiam. Hoc modo lumen non reducitur ad actum
185 1512 1965 1568 in aere per solem, neque esse alicuius creaturae a deo: quoniam tunc nulla omnino maneret potentia admixta esse
173 1557 1973 1619 creaturae: quid est impossibile: vt dictum est. Vnde quantuncumque creatura habet perfectum esse a deo: semper
187 1616 1965 1677 tamen habet potentiam ad non esse dupliciter sibi admixtam, & simpliciter & absolute quantum est de
190 1670 1970 1732 se: quia non potest sibi auferri: & respectu suae causae: quia fine ipso conseruante esse necesse est eam ad
190 1725 1975 1786 actum purum non essendi perduci. Et consimilem potentiam, ad non esse scilicet & simpliciter, quantum est
188 1785 1972 1844 de se & respectu suae causae, habet lux vel lumen in aere, & gratia vel iustitia in anima. Sed potentiam ta-
186 1832 1970 1895 lem ad non esse non habet forma domus in lignis & lapidibus, qauis enim habet potentiam ad non esse
185 1888 1965 1951 simpliciter & absolute, quantum est ex se: non tamen habet eam ex respectu ad artificem: vt scilicet sit necesse
185 1938 1973 2003 eam perduci ad actum non esse nisi eam conseruet in esse, talem enim dependentiam non habet res a sua causa
190 1991 1972 2060 accidentali producente eam in esse: sed a sua causa essentiali. talis autem causa accidentalis est omne
189 2056 1965 2110 agens artificiale. Est etiam omne generans sibi simile in naturalibus. vnde talia egent essentialiter causante
182 2099 1969 2161 & conseruante, non quod est agens motum: sed quod est agens omnino immobile ad quod reducuntur omnia
184 2153 1970 2220 alia agentia: sine cuius actione non posset continuari actio aliorum agentium. secundum quod dicit philosophus. viii. Physi.
195 2220 1973 2271 Quamuis milies sint quaedam principia immobilium, quaedam mouentium, & multa seipsa mouentia corrumpan-
188 2260 1968 2325 tur, alia autem fiant: et hoc quidem immobile: aliud autem mouetur: sed nihil minus est aliquid quod continet extra:
196 2310 1962 2381 ex hoc extra vnumquidque est quod est causa alia quidem esse: alia vero non & continuae motionis. Vbi dicit com
185 2367 1974 2427 mentator. Ista indigent motore extrinseco: vt largiatur eis esse qui continet totum: quia generans in istis non
192 2422 1972 2481 dat nisi principium generationis: deinde dimittit generabile. Necesse est ergo vt sit complens genera-
196 2475 1969 2538 tum ex se per principium quod est in eo per se, & conseruans ipsum vt non compleatur generatio alicuius eorum
188 2532 1964 2595 quae generant se, nisi sit ille generans extra praeter generans propinquum. Et in hoc non discordamus omni-
193 2581 1971 2637 no a philosophis, nisi quod nos ponimus primum agens cum omni agente agere immediate: philosophi au
198 2636 1962 2703 tem non nisi mediante motu corporum caelestium. Et sic tam nos quam ipsi proprie loquendo dicimus quod pri
183 2689 1968 2744 mum mouens in vnoquoque ente per se est causa esse & causa conseruationis eius: omne autem aliud agens
191 2745 1969 2803 est causa fieri tantum. Vnde Augustinus in dicto suo comparat esse eius quod sit a tali causa a qua omnino depen
198 2803 1968 2868 det, ad eius esse quod fit a causa a qua non dependet omnino: negando comparationem esse eandem: in eo
196 2851 1965 2918 videlicet quod sicut res se habent ad causas secunda scilicet quod respectu eius sunt in facto esse perfecto: quia non
193 2904 1968 2969 est necesse eas per illas in esse conseruari, aut in non esse perduci, si non ab illis in esse conseruentur: sic po
188 2958 1968 3011 nantur se habere ad causam primam. hoc enim non est verum. respectu enim talis esse nuilum causa-
189 3009 1974 3075 tum eius hoc modo habet esse in facto esse. Quin tamen simpliciter & absolute sit in facto esse nullo mo-
196 3065 1974 3137 do negat: quod manifeste liquet ex verbis suis quae omittunt: quibus exponendo illud. Mihi autem adhae
189 3130 1971 3192 rere deo bonum est. ostendit quam multo amplius nostrum bonum quo sumus, est a deo, quam bonum quo
187 3170 1971 3263 sunt quaedam alia causata a causis suis. et hoc secundum modum iam expositum. vnde dicit sic. Neque
