2432 3712
461 268 2254 360 aliquid tale est homo vt factus deserente qui fecit eum possit aliquid agere bene tanquam ex seipso. Sed tota eius actio
459 353 2252 422 bona est ad eum conuerti a quo factus est, & ab eo iustus, pius, sapiens, beatusque semper fieri: non fieri &
468 405 2259 476 recedere: sicut a corporis medico sanari & abire: quia medicus operarius corporis siue extrinsecus ser-
472 467 2261 525 uiens naturae, intrinsecus operanti subditur. Non igitur ita se debet homo ad deum conuertere: vt cum
459 518 2259 583 ab eo factus fuerit iustus, abscedat: sed ita vt ab illo semper fiat. & quippe ipse cum ab illo non discedit eius
457 575 2259 633 sibi praesentia iustificatur, & illuminatur, & beatificatur operante, & custodiente deo. Neque enim sicut ope-
461 624 2259 690 ratur homo terram vt culta atque foecunda sit: qui cum fuerit operatus abscedit relinquens eam, vel siquid
467 674 2264 733 aliud manente opere quod factum est cum operator abscesserit: ita deus operatur hominem iustum iustificando
469 727 2258 791 eum: vt si abscesserit maneat in absente quod fecit. Sed potius sicut aer praesente luce non factus est luci-
470 784 2261 849 dus: sed fit: quia, si factus esset: non autem si fieret, etiam absente luce lucidus maneret: sic homo deo prae
462 834 2257 905 sente illuminatur: absente autem continuo tenebratur. llle itaque operetur hominem bonum: atque custodiat: qui inconmu
471 891 2258 956 tabiliter bonus est. Semper enim ab illo fieri semperque perfici debemus inhaerentes ei, & in ea conversione quae
471 946 2260 1014 ad illum est permanentes. lpsius enim sumus figmentum: non tantum ad hoc vt homines simus: sed etiam ad
472 998 2246 1067 hoc vt boni simus. ATTENde lector si vales quid Augustinus intendat: & aduerte quod cum dicit: Neque
482 1053 2258 1121 aliquid tale est homo vt factus &c. non negat quin verum sit dicere de creatura quod sit in facto esse. Sed
476 1107 2251 1176 non sic vt deserta maneat: immo sic vt ei coniuncta perseueret. Quod appellat eam semper fieri non aliud &
471 1159 2255 1226 aliud recipiendo: nec idem per aliud & aliud fieri continuo tenendo vt illi dicunt: quemadmodum si pel-
471 1212 2251 1283 uis in fonte super aquam aliam & aliam scaturientem semper in supernatando teneretur: sed idem per eandem
476 1272 2263 1333 actionem qua id in esse produxit, in esse custodiat. Quae tamen actio non proprie fieri dicitur, nisi quo ad primum in-
480 1319 2251 1388 stans quo res primo producta est. Vnde exponens quomodo intellexit quod dixit, Semper fit iustus: subdit
475 1371 2250 1434 duo dicens. Operante & custodiente deo. vt vnum pertineat ad primam productionem: alterum vero ad con-
481 1428 2263 1493 seruationem. Nec est in hoc differentia neque quo ad esse naturae totius creaturae, neque quo ad bene esse gratiae
477 1492 2264 1547 neque quo ad esse luminis in aere & aliorum huiusmodi. Patet etiam ex hoc quomodo secundum dictum modum po
478 1531 2258 1602 nendi esse creaturae in facto esse non oportet ipsum ponere secundum se subsistere absque omni diuina
473 1592 2260 1656 actione. Patet etiam quomodo intellectus bene potest cogitare qualiter ab illo simplici esse potest creatura
475 1645 2264 1698 cadere in non esse. Quae omnia illi negant, & inducunt contra istam positionem, & plura alia quae pertinent ad ra-
476 1689 2267 1763 tionem mensurae & durationis creaturae in esse, quibus respondebimus inferius, loquendo de aeuo an
488 1757 2260 1819 geli. Per idem patet quomodo duo obiecta ad istam partem inducta bene procedunt. AD obiectum in op-
495 1811 2266 1870 positum: quid continue ex se tendit in non esse, continue recipit ab alio esse. &c. Dicendum quod continue
486 1857 2264 1923 tendere in non esse potest intelligi dupliciter: vel semper continue partem ipsius esse amittendo post
489 1916 2265 1979 partem, vel essendo semper dispositum si causa sua deseratur: vt statim cadat in non esse. De eo quod
487 1963 2256 2030 primo semper tendit in non esse: verum est quod continuatur in esse partem eius recipiendo post par-
490 2022 2263 2089 tem, & per aliud & aliud fieri. Sed sic non est verum quod creatura continue tendit in non esse. immo quia
478 2074 2263 2132 esse suum consistit in simplici, simul totum & in instanti deserente suo conseruatore cadit in non esse
482 2126 2262 2185 sicut & simul procedit in esse: nisi forte in illis quae recipiunt magis & minus possit fieri continua ac-
484 2179 2264 2244 quisitio partis esse post partem in augmento, & amissio in diminutione, sicut & partis essentiae post
483 2234 2265 2298 partem, secundum quod alias in quarta disputatione nostra de Quolibet dictum est: & infra aliquid vide-
482 2284 2271 2359 bitur. De eo vero quod secundo modo continue tendit in non esse, non est verum. Sic enim existens si
483 2337 2272 2397 mul in creaturis continue tendit in non esse: quia nuiium est nunc quin deserente suo conseruatore
487 2393 2262 2461 statim de necessitate in illo cadat in non esse. Et similiter conseruatur continue in esse: quia nuilum est
481 2451 2270 2513 nunc, quin nisi praeseruetur a suo conseruatore statim in illo cadat in non esse. quod appellat Augu-
481 2485 2267 2561 stinus continue eam fieri: licet totum sit simul: sicut illud appellatur tendere continue in non esse cum
483 2550 2259 2623 est, licet nunquam tendat in non esse ipsum perfectum, nisi totum simul tendat: vt dictum est. Et quod dixit Au-
489 2606 2267 2677 gustinus in sua auctoritate semper fieri, non intellexit illud fieri circa rem ipsam secundum se & abso-
487 2661 2267 2728 lute consideratam: sed secundum respectum quendam ad tempus in quo sunt prius & posterius: quae
492 2716 2263 2794 complectitur aeuum quod est mensura permanentium inquantum permanentia sunt: vt infra di-
492 2770 2038 2828 cetur: respectu quorum dicitur semper fieri illud licet in se fixum sit totum simul stans.
825 2811 2267 2885 Irca secundum arguitur quod diuersitas intentionum non semper facit compositionem
826 2876 2257 2943 in qualibet re: quoniam tunc esset compositio in deo: quia in ipso est diuersitas intentio
845 2927 2265 2989 hunm scilicet relationis & sui fundamenti: quae faciunt compositionem: vt patet de esse
847 2987 2262 3051 & essentia in creaturis. CONtra. quae possunt aliquando abinuicem remoueri, di
840 3036 2264 3103 cendo quod hoc non est hoc, necessario faciunt compositionem in eodem, quia vbi nul
831 3086 2271 3150 la est omnino compositio, nulla est diuersitas: sed penitus idem & econuerso: secum
467 3146 2260 3229 dum Boetium de Trini. Talia sunt quae diuersa sunt secundum intentioneem. scilicet quod semper vnum contingit
