2367 3621
110 266 1855 372 speciem post aliam. Hoc autem paeonere est inconveniens in tam nobilibus creaturis. Maxime cum aliis inferiori-
112 350 1848 425 bus dedit in perfectione suae naturae ea quibus possunt explere propriam operationem & naturalem. iuxta illud quod di
111 408 1851 462 cit philosophus secundo caeli & mundi: quod natura si posuisset stellas mobiles non priuasset eas naturalibus instrumen
111 456 1853 518 tis explendi huiusmodi motum. Quia vt dicit impossibile est vt natura ingeniet animalibus: dando eis scilicet in
112 513 1847 574 strumenta naturalia ad motum progressiuum: & per hoc intendat eis & recedat ab illis corporibus nobilibus subli
112 567 1843 625 mibus habentes, proprietates & naturas vltimas: & spoliet eas rebus quibus possibile est vt incedant per se. Sili-
119 619 1844 680 ter in proposito multo magis impossibile est vt istas creaturas summe nobiles spoliet speciebus quibus intelligunt
118 670 1841 734 omnia a se itelligibilia. SI vero aliquis ponat quod non sunt infinitae ideae: nec sunt infinitae rerum essentiae possibiles fiae
118 727 1837 790 ri: & omnium illarum species habet quilibet angelus: nec plures essentiae creaturarum sunt intelligibiles: tunc idem quid prius
127 783 1856 839 arguo in speciebus numerorum quod sunt infinitae in diuina cognitione: quorum nullus est quin secundum se sit cognosci
125 827 1854 889 bilis: & per ordinem cognoscibiles sunt ab illo non tot quin plures. Cuiuslibet ergo numerorum infinitorum spe
125 879 1857 937 ciem habet simul quilibet angelus in se, vel potest habere, vel natura sua perfici absolute non potest. Cum ergo hote
130 930 1855 988 tanquam impossibile sequitur ex positione specierum tanquam rationum intelligibilium: videtur ergo quod positio illa sit falsa &
122 984 1845 1056 impossibilis. Sed siue ponatur species dicto modo in intellectu siue non: adhuc manet difficultas quaestionis: quomodo sci
119 1037 1846 1108 licet intellectus de potentia intelligendi deducatur in actum si semper speciebus actu informatur, & non semper eis actu
116 1092 1848 1150 intelligit: quomodo etiam rerum essentiae quae non sunt in existentia possunt eis esse praesentes vt obiecta in cognoscente.
118 1148 1850 1204 Sed ante huiusmodi inuestigationem oportet hic aduertere: quod cum haec actio intelligendi non completur nisi ex duo
112 1203 1850 1265 bus secundum omnes, scilicet ex intellectiuo & intelligibili aliquo modo vnitis: vt iam videbitur: & secundum quod dicit Au
114 1252 1850 1317 gustinus nono de trinitate caplo vltimo, ab vtroque notitia paritur: a cognoscente scilicet & cognito: ratio
118 1305 1843 1372 igitur intelligendi in intelligente actu tanquam id quo intelligit: dupliciter intelligi potest: vel ex parte intellecti
111 1355 1849 1412 ui vt intellectiuum est: & quasi actiue quo ad modum significandi se habet ad actum intelligendi: vel ex parte intelligi-
115 1411 1847 1474 bilis vt intelligibile est: & quasi passiue quo ad modum significandi se habet ad actum intelligendi. Primo mo-
110 1462 1850 1522 do diximus iam quod intellectus quicumque etiam creatus seipso est ratio intelligendi quaecumque intelligit, id est quod essentia sua
114 1514 1847 1577 nuda est ratio intelligendi quaecumque intelligit: qua procedit ab ipsa actiue actus intelligendi: ita quod plus non requiritur ex
119 1567 1851 1634 parte intellectiui inquantum intellectiuum est in actu intelligens. SEcundo modo solum intelligibile increatum, vt diuina
118 1614 1847 1678 essentia, est ratio intelligendi seipsam & omnia alia: non autem essentia aliqua creata: licet philosophi ponentes intelligentias
110 1676 1852 1740 superiores causas esse inferiorum, sicut posuerunt deum esse causam intelligentiae, proxime in gradu naturae posue
111 1727 1846 1793 runt quod per essentias suas cognoscebant inferiores, sicut deus cognoscit omnia. Sed hoc non potest stare: quoniam poni
111 1778 1847 1835 mus deum omnes rerum essentias immediate creare: ita quod nulla creatura in hoc causalitatem habet super aliam. Pro
115 1832 1853 1901 pter quod nec essentia sua intelligibilis est ratio intelligendi aliquid aliorum, nec creaturae nisi in vniuersali: inquantum
111 1886 1842 1947 scilicet cum aliis conuenit in genere vel in specie: nec dei nisi vt effectus dei est. Sed quo ad propria quae sunt in deo
122 1938 1847 2002 & in aliis creaturis non potest essentia vnius creaturae esse ratio intelligibilis ad intelligendum aliam: nec eadem ratione
119 1992 1855 2055 quicquam aliud ab ipsa essentia rei cognoscendae, neque species, neque quicquam aliud: vt secundum hoc omnis cognitio sic secundum
121 2044 1844 2104 quod cognitum secundum essentiam cogniti sit in cognoscente. & hoc non vt in subiecto cui inhaereat formaliter: sed vt
117 2099 1849 2159 in concipiente obiectiue. Sed quomodo habet esse in cognoscente vt in cognoscente cum non sit omnino in existentia: & ita non
115 2153 1850 2211 possit ei esse praesens vt cognoscibile ex se: nisi secundum opinionem Platonis: qui posuit essentias rerum esse formas
111 2207 1847 2259 secundum se separatas existentes: & per hoc praesentes cuilibet intellectui ad mouendum in actum intelligendi. secundum quod
117 2258 1835 2315 ei imposuit Aristoteles: & sufficienter improbat septimo Metaphysi. Hoc ergo modo nulla essentia alicuius
118 2310 1848 2378 intelligibilis potest ex se esse praesens intellectui priusquam sit: aut ratio intelligendi alterius a se ex parte intelligibilis.
125 2364 1850 2425 Quare cum non potest esse ratio intelligibilis in intelligente creato ad intelligendum aliud a se: ipsa intelligibilitas
118 2417 1843 2480 essentiae suae: sed solum ipsa intelligibilitas essentiae rei intelligendae: & hoc non potest esse nisi sit praesens intelligen-
114 2468 1841 2524 ti: & ex se non potest esse praesens ei quia nullo modo existit, nee in se subsistendo, nec secundum se alteri inhaeren-
119 2517 1846 2588 do: oportet ergo quod fiat ei praesens per aliquid alterum quod sit aliquid sui. Quod secundum vsitatam opinionem species est
116 2577 1843 2638 intellectui impressa vt similitudo essentiae cognoscendae: qua formaliter intellectui inhaerente ex vtroque eli-
128 2618 1850 2687 ci habet actus intelligendi terminatus ad dei essentiam sicut ad obiectum: non qui dicitur factio per quem aliquid
119 2670 1850 2739 fiat in rem exteriorem: vt per actum illuminandi lumen in aere: sed qui est sicut perfectio in agente: qui dicitur
123 2723 1843 2790 operatio. Vt enim lucere in corpore luminoso est tanquam operatio quaedam: cuius vnum principium est ipsum luminosum
115 2778 1842 2850 formaliter per suam lucem: sic intelligere est in intellectu informato specie intelligibilis. cuius vnum princi-
125 2829 1847 2895 pium est intellectiuum: & intelligibile per suam speciem prout ex eis effectum est vnum quid: quid est illud quod est intel-
115 2892 1840 2953 lectus in actum: formaliter tamen per ipsam speciem qua informatur. Sed statim apparet quod modus iste ponen-
125 2934 1843 2996 di actum intelligendi non est conueniens. quoniam omnis talis actio necessitate naturali procedit ab agente disposito-
120 2987 1848 3054 ita quod non potest poni in esse vt dispositus forma illa qua agit quin agat actu per se perfectissimo illam opte
111 3035 1858 3104 rationem. QVEMadmodum ergo luminosum non potest non lucere: & de necessitate perfecte in se lucet proportio
115 3090 1849 3175 naliter perfectioni lucis in ipso: sic intellectus angelicus informatus specie intelligibilis non potest non intelligere:
