2431 3784
502 292 2308 397 & de necessitate perfecte intelligit omne illud cuius habet speciem proportionaliter perfectioni speciei in ipso.
510 379 2299 446 Quare cum angeli species non recipiunt ab ipsis essentiis rerum: quia habent eas a deo impressas, vt dicunt: sed
507 436 2306 503 non quocumque modo: sed vt pertinentes ad naturalem perfectionem eorum, sine quibus non possunt elicere suam operationem
507 499 2301 563 propriam debitam suae speciei: quae est vita intellectualis. cuius non est alia operatio, propria & naturalis nisi
509 549 2308 621 intelligere: omnia ergo quorum habet species simul, simul actu perfecto de necessitate intelligeret secundum modum
506 602 2296 664 illum quo habet species: & actu simul intelligere posset quoruncumque simul posset habere species. Cum ergo
509 658 2301 733 omnium intelligibilium simul actu species habet & vt plures: simul de necessitate omnia illa intelligeret & vt plu
511 717 2296 789 ra: ita quod nullum eorum non intelligere posset. Et etiam si haberet infinitas species aut posset habere simul: quod
512 772 2295 834 necesse habent ponere: vt patet ex praedictis: infinita ergo simul intelligeret, aut simul intelligere posset.
512 829 2308 888 Quod non posset esse vt videtur, nisi esset virtutis infinitae, quod falsum est. ITEM sequeretur quod intellectus i
512 883 2299 956 in intelligendo non esset patiens nisi per accidens: inquantum scilicet recipit speciem per impressionem a deo: quam reci
514 942 2297 1008 pit sicut subiectum suum accidens. Et hoc inquantum est aliquid in genere entis, non inquantum est aliquid de ge-
507 1001 2301 1063 nere intelligibilium. Et sic talis passio non sit ab intelligibili inquantum est intelligibile natum mouere intellectum
514 1050 2306 1121 vt est de genere intellectiuorum: & sic intellectus vt est de genere intellectiuorum respectu actus intelligendi
505 1106 2303 1166 se haberet vt actiuus & nullo modo vt passiuus: & non esset intelligere pati quoddam: nec intellectualis
513 1163 2307 1220 actus esset motus a re ad animam, sed econverso. immo nec esset motus ab anima ad rem omnino: quia talis actus
503 1219 2300 1277 est omnino absolutus non terminatus ad aliud: sed stans in agente: sicut lucere non habet ad aliquid terminari: &
513 1273 2307 1342 sic actu intelligendi res intellecta non perciperetur. Cum igitur ad actum intelligendi oportet intelligibile praesens
509 1328 2308 1394 esse intelligenti: & per praesentiam suam intellectiuum deduci in actum intelligendi de potentia: praesens autem non po
505 1387 2306 1456 test esse in sua essentia per se: non ergo restat modus quo aliter possit esse praesens nisi per aliquid aliud existens
512 1453 2303 1515 apud intellectum quod est aliquid eius: & vt ostensum est, hoc non potest esse species intelligibilis impressa in-
507 1490 2308 1570 tellectui: aliquid ergo aliud existens apud itellectum oportet ponere. Cum igitur secundum philosophum secundo Ethicorum, s
516 1553 2296 1611 apud ipsum non possunt esse nisi tria: scilicet passiones: sub quibus ponentes species dicunt contineri species:
508 1608 2293 1672 licet philosophus ibi non loquitur nisi de passionibus quae sunt ex parte affectus: sicut patet in suis exemplis: & potentiae
512 1675 2308 1735 & habitus: & manifestum est quod illud quod hic quaerimus est aliquid aliud a potentia: quia vt dictum est ex par
507 1733 2306 1793 te intelligibilis nihil quod est in vna creatura potest esse ratio intelligendi aliam: hoc enim solius dei est proprium: vt
505 1786 2303 1840 iam dicetur: & id quid quaerimus est ratio intelligendi ex parte intelligibilis: sine quo per se non sufficit intellectiuum in-
516 1831 2308 1902 quantum est intellectiuum, licet ex se perfectam habet rationem intellectiui vt immutatum ab intelligibili statim exeat
515 1885 2309 1945 in actum intelligendi: planum est igitur quod necesse habemus ponere quod illud sit habitus scientialis intellectui ange-
509 1936 2307 2007 lico naturaliter impressus tanquam illud quod sibi conmnaturale est ad explendam operationem naturalem inquantum est
515 1998 2296 2075 vnum intellectuale. quae operatio est ipsum intelligere. Dicimus ergo quod quia obiectum proprium & primum secundum se
509 2047 2303 2123 intellectus: non est nisi vniuersale sub ratione qua est vniuersale: quid debet immutare intellectiuum ad actum in-
503 2111 2302 2183 telligendi: non potest per se esse praesens intellectui inquantum est intellectiuus vt ipsum immutet: quia quantum est ex se est
516 2179 2301 2242 quiditas quaedam rei simpliciter abstracta a loco & tempore & ab esse & non esse: vt alibi expositum est. Nec potest ipsa
505 2223 2297 2290 essentia angeli vt intelligibile quoddam est esse ratio intelligendi alia vt immutet ipsum intellectum angelicum:
515 2284 2298 2348 quemadmodum immutat intellectus dei intellectum diuinum tanqui ratio intelligibilis ad intelligendum omnia alia: nec
509 2324 2299 2408 pont hoc facere intelligibile praesens intellectui per speciem quae est propria similitudo ei impressa. Idcirco dicimus simpli
516 2387 2296 2461 citer: quod id quid apud itellectum angelicum vt est intellectiuum quid, est ex parte intelligibilis praesens intellectui in quo
518 2438 2297 2515 praesens est ei ipsum intelligibile: non tamen vt ei inhaerens per illud: sed vt praesens & insistens obiectiue in illo: est habi-
514 2488 2302 2567 tus scientialis sibi comnaturalis, & a deo naturaliter concreatus ad intelligendum sub ratione intelligibilis suam
513 2554 2300 2633 essentiam & cuiuslibet alterius creaturae: & vniuersaliter quicquid naturali cognitione cognoscibile est in crea
516 2605 2303 2681 turis: vt ista tria scilicet intellectus angelicus, habitus scientialis ipsi inhaerens, & per ipsum intelligibile splendens in
511 2657 2303 2737 ipso intellectu tanquam forma & species impressa in eo: non autem inhaerens & impressa nisi per ipsum habitum: sint vnum
522 2701 2298 2790 principium actus intelligendi quo constituitur intellectus in actu intelligendi: tanquam per sibi naturalem & essentialem
515 2757 2298 2844 operationem, quae tamen formaliter fieri habet per obiectum expressum, quod per operationem intelligendi assimilat sibi
515 2811 2304 2896 perfecte ipsum intellectiuum. Et per hunc modum omnis cognitio intellectiua sit per assimilationem intelligentis ad rem in
511 2877 2303 2946 tellectam & conuenientiam in forma, non minus per huiusmodi habitum quam per speciem aliam impressam. SED quomo
507 2924 2290 3004 do per huiusmodi habitum praesens sit intelligibile intellectiuo: & quomodo immutatur vt de potentia intelligente sit
506 2965 2309 3055 actu intelligens, in hoc latet quaestionis difficultas. AD intellectum primi sciendum est quod habitus scientialis l
506 3040 2296 3109 in intellectu essentialem respectum & dependentiam habet ad scibile cuius est: ita quod licet sit in intellectu sicut qua
507 3087 2290 3154 litas de prima specie, tamen super ipsam fundatur essentialis respectus sibi: qui ab ea solui non potest tanquam ad id a
514 3146 2308 3224 quo in esse & essentia sua dependet. VNde in angelis licet non sit scientia accepta a rebus & generata: quia l
513 3197 2292 3255 tamen est eis scientia connaturalis: & diuinitus indita: non minus habet illum respectum essentialem ad scibile:
500 3262 2299 3346 ita quod quando praesentia scibilis non dependet ab aliquo sensu a quo est abstrahenda, sicut in nobis dependet
