2436 3704
149 257 1927 338 in angelis autem non, ex natura habitus scientialis splendetur per intelligile obiectum in ipso intellectu perceptum
156 323 1927 394 in actu cum scientia est in actum: & perceptum in habitu cum scientia est solum in habitu. Et hoc quemadmo-
167 384 1932 449 dum apud ponentes species ponitur per speciem suam praesentari obiectum: non solum vt inhaerens in sua specie
148 435 1922 506 sed vt obiectum in seipso. Quod & multo naturalius sit per habitum scientialem quam possibile esset fieri per speciem:
159 489 1918 559 quanto essentialius dependet scientia a scibili quam species a re a qua non habet causari: eo quod vnicus habitus
156 548 1925 616 scientiae virtute continet omnia intelligibilia circa quae est scientia: & tanto magis actualiter quanto simplicior
165 601 1923 664 est: ita quod intellectus capere non possit id quod est scientia in re, nisi accipiendo scibile cuius est: vt non solum sit
157 647 1920 719 scientia in intellectu tanquam accidens ei inhaerens sub ratione qua intellectus est aliquid in rerum natura: sed po
159 708 1926 776 tius sub ratione qua est aliquid in genere intellectiui. Propter quod per habitum scientialem habet intelligibile esse
161 763 1924 825 in intellectum: non solum impressiue per ipsum habitum, sed expressiue secundum seipsum. Et si aliqua difficultas sit
165 808 1930 879 in hoc modo ponendi, multo magis est in positione specierum impressarum. Vnde quia iste modus habendi in se
168 864 1928 934 species expressas, proprius est intellectus & non sensus: ideo philosophus tertio de anima conmendat dicentes animam esse
169 916 1919 989 locum specierum: non quod tota, sed intellectiua. Quid dicit ad differentiam sensitiuae: in qua non est nisi species impres-
172 972 1919 1041 sa: in intellectu vero est expressa: & propter hoc quodammodo sicut in loco, non autem sicut in subiecto. Vnde
168 1023 1920 1090 cum dicit inferius: quod omnia ea quae sunt, quodammodo est anima: quia omnia quae sunt aut sensibilia sunt, aut intelligi-
165 1079 1921 1151 bilia: est autem scientia quidem scibilia sensus autem sensibilia: & sensus est sensibilia per species sibi impressas:
166 1139 1922 1200 oportet quod hic loquatur ex parte intellectiuae de alio modo essendi res quam ibi: scilicet non per illam speciem expres-
167 1180 1923 1250 sam: sed per habitum scientiae quae est species impressa alterius generis ab illa quam negamus. vnde expresse dicit Scie
163 1242 1924 1303 tia quidem scibilia. Propter quid cum statim subiungit quod necesse est quod res ipsae sunt in anima, aut species earum: ipsae
172 1292 1926 1369 quidem res non sunt in ea: non enim hic lapis est in anima sed species: ex parte sensus intelligitur solum de specie orga-
170 1346 1924 1413 no impressa quae non est ratio sentiendi nisi materialiter. Ex parte vero intellectus intelligitur quo ad istum locum
164 1398 1925 1470 de specie impressa: quae est habitus scientiae: quo ad locum praecedentem de specie expressa, quae est quiditas & ratio lapidis
171 1462 1927 1522 vniuersalis: & species respectu huius lapidis particularis. de quo dicit & bene quod non est in anima. Et sic quiditas
170 1507 1931 1571 & essentia rerum abstrahens a loco & tempore dupliciter habet esse in intellectiua potentia: & impressiue in habitu
169 1558 1926 1623 scientiae: & expressiue secundum se sed per habitum scientiae: sine quo nec sic esset in illa. NVNC restat de secundo quomodo
166 1613 1924 1687 scilicet intellectus angeli de potentia intelligendi reducatur in actum. Ad cuius intellectum sciendum quod multo ali
164 1663 1936 1740 ter sit immutatio intellectus angeli & nostri & sensitiuae virtutis vt exeant de potentia in actum. Quia certum
169 1729 1925 1786 est quod non solum nullum horum est sua actio: quid soli deo competit: sed etiam verum est quod nullum eorum circa singu-
167 1771 1932 1847 la etiam naturaliter ab ipso cognoscenda semper est in actu vt dictum est supra. INchoando igitur ab immuta
168 1827 1929 1893 tione virtutis sensitiuae & reductione eius de potentia in actum, sciendum est quod secundum philosophum secundo de anima, sensi
169 1879 1930 1950 tiui prima immutatio qua exit in esse de potentia materiae ad actum formae, est a generante ipsum in forma sen
164 1935 1929 2003 sitiui: qualis immutatio non est in aliqua vi intellectiua: quia habet esse a solo creante: quid declarare imperti
162 1988 1931 2058 nens est ad propositum. Cum autem iam generatum est: est in potentia ad duo: & ad speciem sensibilis: & ad sentire secundum
169 2041 1934 2104 actum: & ad vtrumque eorum eget aliquo existente in actum quod educit & transmittit ipsum de potentia in actum. Et
165 2102 1930 2161 hoc est sensibile extra sine quo nihil sentit secundum actum: quemadmodum neque combustibile seipso comburitur sine
173 2149 1931 2225 combustiuo. AD speciem sensibilis sensus est in potentia: quia recipiendo eius intentionem fit non ipsum sensibile: vel
170 2211 1935 2271 tale aliquid secundum veritatem & perfectionem talis formae qualis est in sensibili extra: sed fit vt sensibile recipiendo
175 2257 1936 2328 intentionem qua quodammodo est illud. Quae tamen forma aliquid rei est: & fit secundum aliquam realem alteratio-
170 2302 1933 2385 nem quae etiam sit in ipso medio: quid ob hoc solum non potest immutari ad actum sentiendi: quia non est in ipso
179 2362 1929 2431 vis formalis sensitiua. Quo enim sentimus est id in quo est potentia huiusmodi vt dicit philosophus: Et est il-
169 2415 1932 2484 lud in quo inquantum est in potentia ad receptionem dictae speciei, est media ratio & proportio sensibilium, vt pupil
168 2470 1926 2541 la, nec alba, nec nigra, nec medii coloris, sed qualitatis mediae aeque proportionalis omnibus, quemadmodum
173 2522 1928 2587 temperatum in tactu est medium inter calidum & frigidum excellens. Medium enim vt dicit philosophus, discretiuum
181 2577 1937 2639 est: & fit ad vtrumque alterum vltimorum. Et propter hoc excellentiae sensibilium intensius imprimentes species
172 2633 1933 2697 suas quam valet sustinere illud medium, corrumpit illud. sicut Symphonia corrumpitur chordis fortius percussis
173 2691 1934 2758 quam oportet. Sed talis immutatio per impressionem speciei a nulla re omnino fit in quacumque vi intellectiua:
181 2741 1939 2801 quia non est nisi materialis & per materialem trasmutationem: & quaelibet vis intellectiua immaterialis est.
181 2795 1933 2858 Propter quod dicit philosophus secundo de anima quod manifestum est ex eis quae apparent in organis sensuum, quod non est si-
169 2841 1932 2912 mul passibilitas sensitiui & intellectiui. Sensus enim non potest sentire post valde sensibile, minus. Intellectus
177 2895 1944 2960 autem post valde intelligibile non minus intelligit infima: sed magis. vbi dicit commentator, quod respectu talis trans
174 2955 1945 3023 mutabilitatis priuatio in sensu non est similis priuationi trasmutationis existentis in intellectum. quia priuatio illa in
179 3004 1938 3070 intellectu debet esse pura. ita scilicet quod nulla sit ei potentia admixta. Non sic autem est de priuatione transmu
176 3058 1935 3123 tationis in sensu. Ad actum autem sentiendi sensus est in potentia: quia dispositus materialiter ad susceptionem immu-
179 3109 1937 3197 tationis ad actum sentiendi ex parte principii formalis in ipso. Qualem dispositionem non requirit intellectus ad actum
