2431 3752
500 238 2278 346 vt angelus inferior a deo illuminetur: quid appellauit Augustinus iuuamentum: quo angelus inferior a superio
507 330 2280 394 ri adiuuatur vt a deo illuminetur. ClRca secundum scilicet de angelorum locutione, sciendum: quod aliquorum est opinio quod
507 384 2278 450 locutio in angelis aliud est ab intelligere, vt nutus quidam aut signum quo id quod per actum intelligendi vnius
509 448 2269 506 concipitur alteri indicatur. secundum quod primae Corinth. xiii. super illud. Si linguis hominium loquar & angelorum, di-
510 492 2274 558 cit glos. Quibus angeli praepositi significant minoribus quod de dei voluntate praesentiunt: quid fit aliquibus nu
507 549 2296 610 tibus. SED si angelus loquatur angelo nutibus huiusmodi, necesse est quod sint aliquid operatum ab angelo opera
505 596 2270 665 tione intellectuali: quia loqui intellectus est & rationis. Si igitur loqui non est intelligere: nutus huiusmodi est aliquid
501 648 2279 718 operatum ab intellectu praeter actum intelligendi, non ipse conceptus mentis. & sic non esset verbum nisi quemad-
509 710 2280 774 modum facta sensibilia verba dicuntur, & nutus monachorum. Quare cum non est proprie loqui sine verbo pro
503 759 2283 822 prie dicto, loqui ergo in angelis transumptiue & non proprie diceretur: quid non est verum. Sic enim omnis crea
508 817 2277 879 tura secundum Augustinum eo quod nutus dei quodammo est, loquitur & clamat quia deus fecit eam. Si igitur lo-
507 867 2280 929 qui proprie ponamus in angelis, dico secundum proprietatem rei non vsitationis nominis qua loqui dicuntur homines verbo
519 921 2279 985 vocis: sed verbo mentis quod verius dicitur verbum quam verbum vocis: cum huiusmodi verbo mentis nemo loquatur, nisi
505 970 2274 1028 actu intelligendi: quo actum concipit ipsum verbum: non est dicendum quod aliud sit in angelo loqui quam intelligere. Et
514 1030 2279 1092 hoc ideo maxime: quia non est proprie loqui fine proprio verbo. Et proprium maxime verbum in angelo non est nisi com
515 1080 2270 1144 ceptus per operationem intelligendi. Nihil ergo re aliud est dicendum esse in angelo loqui quam intelligere. SED
512 1130 2281 1194 differt ab intelligere ratione: quia dicitur intelligere vt intelligentem respicit absolute, & in verbo suo
511 1188 2280 1251 aliquid apphendit. Dicitur autem loqui inquantum ordinatur ad indicandum alteri rem quae in ipso verbo concipitur: quam
514 1236 2281 1304 ille secundum se non potest concipere. quemadmodum nos quia non possumus indicare alteri homin verbum mentis nostrae
518 1301 2276 1356 vtimur verbo corporis ad illud indicandum pro ipso. lta quod si homo posset verbum mentis nostrae videre, non vte
514 1349 2283 1415 remur ad idicandum illud aliquo verbo vocis: sicut si angelus vnus omnem conceptum quem habet in se natu
514 1409 2275 1464 raliter videret alius angelus, non vteretur alio conceptu ad illum indicandum, vt iam patebit. Et huiusmodi verbum si
516 1452 2280 1515 ue conceptus patens indicatiuus alterius latentis: qui dicitur verbum locutionis: vt in intelligente absolute
511 1503 2278 1572 consideratur, dicitur conceptus: vt vero ordinatur ad alium conceptum alteri indicandum, dicitur nutus. Quia igitur ver
506 1559 2273 1623 bum quo angelus loquitur, est conceptus mentis angelicae ordinatus ad aliquid alteri indicandum per verbum illud: ad
510 1613 2274 1675 videndum quomodo hoc fiat, & quis conceptus dicatur verbum, aut loqui, & quis non: oportet intelligere quod notitia an
511 1665 2280 1729 geli est duplex. Quaedam pure naturalis: quaedam supernaturalis. Naturalis autem non est nisi quiditatum vniuersa
517 1721 2275 1785 lium & essentiarum omnium cre aturarum vel in verbo vel in propria natura. Viso enim verbo naturaliter videm
510 1773 2276 1835 tur illae in ipso. Et pertinet quodammo ad beatitudinem essentialem cognitio huiusmodi essentiarum, quae etiam natura
513 1824 2269 1890 liter in habitu angeli ipsi concreato intelliguuntur ab ipso: licet non simul sicut in verbo. Est etiam notitia
510 1878 2273 1942 angeli naturalis singularium existentium participantium quiditates: quae statim cum sunt in rerum existentia, natu
509 1932 2278 2004 raliter cognoscit. Sut ei vniversala cognita rationes cognoscendi singularia, vt iam declarabitur. Cognitio vero su
526 1984 2279 2048 pernaturalis omnino est cognitio singularium futurorum dependentium a sola voluntate diuina & praescientia.
515 2044 2284 2108 Qualis erat notitia de quae gente & in quo tempore & in quo loco et de quae virgine Christus carnem erat assum
523 2100 2279 2161 pturus priusquam ipsam assumpsit. Hoc enim non verbo naturaliter angelus concipere potuit: nec in propria na
515 2152 2273 2213 tura: sed ad hoc indiguit speciali reuelatione. DE eis quae naturaliter cognita sunt ab angelis beatis:
516 2199 2272 2266 siue in verbo: siue in propria natura, non fit proprie locutio. Quia omnia illa quilibet angelus videt: li-
518 2252 2276 2311 cet differenter secundum maiorem & minorem lympiditateis: secundum quod lympidius vident ver
515 2309 2271 2364 bum, et habitu simpliciori & magis vniuersali superiores cognoscunt res creatas quam inferiores. Va-
521 2369 2276 2428 num enim videtur angelum angelo indicare quiod ex se nouit tantum quantum posset illud nosse altero an-
516 2409 2277 2487 gelo indicante: nisi forte ad admirationem: aut excitationem diuinae laudis: aut alicuius huiusmodi
520 2478 2280 2534 ad instructionem autem nullo modo. Vnde locutio angelorum proprie non fit nisi de illis particu
523 2520 2276 2590 laribus factis: quae scilicet speciali reuelatione ab vno supernaturaliter cognoscuntur, ita quod non ab alio: quae
523 2575 2276 2641 non potest cognitione naturali videre angelus vnus in alio: neque in verbo: neque in existentia rerum.
519 2629 2288 2685 licet enim angelus quilibet non solum in se videt rerum essentias, conceptus essentialiter forman-
519 2680 2277 2740 do circa eas: sed etiam similiter in alio: cum ille de eis formet huiusmodi conceptus: videt etiam parti-
523 2743 2278 2800 cularia naturaliter quaecunque sunt in existentia rerum: & hoc in ipsis rebus extra: particularia ta-
527 2794 2285 2856 men contingentia futura: & conceptiones formandas circa ea aliorum nuilus videre naturaliter po
528 2848 2280 2912 test cum ea vni reuelantur. quoniam ratio intelligendi particularia: siue reuelentur: siue non, sic ex rerum
523 2904 2285 2963 existentia cognoscuntur sicut obiecta vniversala intellecta: quia non repraesentantur intellectui angelico si-
528 2952 2281 3016 cut neque hiumano nisi sub formis suorum vniuersalium indiuiduatis actualiter in ipsis. Vnde hu-
520 3000 2280 3071 iusmodi indiuidua reuelata in ratione suorum vniuersalium supernaturaliter concipiuntur: sicut cum
527 3061 2279 3123 postmodum fuerint facta in existentia rerum concipiuntur in ratione illorum vniuersalium natu-
523 3112 2277 3191 raliter. lta quod licet vnus angelus videt in alio formas vniuersales quae sunt rationes cogno scend
