2367 3732
422 270 2205 365 imaginabiliter posset illa imaginatio reuelari. quemadmodum reuelationes factae sunt prophetis
432 353 2200 409 imaginariae & intellectuales. Quia quod potest fieri a nobis vel in nobis naturaliter, multo for-
440 397 2191 461 tius potest fieri in nobis & in angelis deo reuelante supernaturaliter. Quia etiam illud naturaliter
427 444 2209 522 fieri potest in nobis, testatur Augustinus vbi dicit de trinitate libro viii. cap. vi. Cum alicuius species, vel loci, vel
431 505 2209 572 hominis, vel cuiuslibet corporis eadem occurrit oculis nostris quae occurrebat animo: cum eam pri
438 562 2205 624 usquam videremus cogitabamus, non paruo miraculo mouemur: ita raro & pene nunquam accidit: & ta-
436 608 2212 673 men firmissime credimus: quia secundum specialem generalemque notitiam quae certa nobis est co-
438 659 2211 741 gitamus. Vnde si huiusmodi speciali notitiae intellectus apponatur in intellectu angeli vel hominis
438 726 2214 788 de Antichristo designatio indiuiduationis per reuelationem, & quo ad substantiam, & quo ad acci
441 773 2201 841 dentia determinantia substantiam indiuiduam quae potest homo in sensibilibus capere ex sensu: aut vi
439 831 2212 896 cogitatiua sibi formare: vt dictum est: & cum hoc reueletur ei modo consimili quod illa est persona Anti-
437 892 2213 946 christi, & quae, & qualia futura sunt per eam & circa eam: quae nulla creatura naturaliter absque reue
437 937 2206 1006 latione extra verbum potest concipere: talis cui huiusmodi sunt reuelata: potest in suo intellectu su-
443 995 2212 1058 per hoc nouos conformare conceptus: quos legere alius angelus potest in illo, & formare in se conce-
442 1044 2213 1112 ptus illis consimiles. Et sic per istos secundos conceptus apertos loquitur angelus angelo priores com-
446 1095 2206 1163 ceptus occultos. Et sunt isti secundi conceptus verba & nutus priorum: vt licet omne loqui sit intelligere:
442 1146 2218 1210 non tamen econuerso. ET per hunc etiam modum omnis angelus loquens docet vel illud cuius habet com-
440 1200 2222 1266 ceptum occultum quem non nouit angelus cui loquitur & qui quo ad hoc docetur: aut si consimi
450 1256 2208 1326 li reuelatione illud nouit, & non nouit quia illi similiter reuelatum est, illa locutione quo ad hoc eum instruit:
448 1312 2217 1380 aut si vtrunque nouit, tunc est locutio tantum: non autem doctrina. Et sicut potest loquendo reuelare
457 1359 2217 1432 sibi esse aliquid de aliquo particulari reuelatum: ita etiam cum per se cogitat aliquid de aliquo par-
456 1415 2216 1489 ticulari signato: quod etiam alius angelus non potest percipere de se: scilicet illum de huiusmodi par-
453 1464 2220 1538 ticulari cogitare: potest hoc quidem reuelare: scilicet se de huiusmodi cogitare. Clrca tertium arti
459 1531 2215 1590 culum duo sunt consideranda. Vnum circa nouitatem illuminationis. Aliud circa nouitatem lo-
458 1573 2213 1642 cutionis. ClRca primum aduertendi sunt quatuor modi cognitionis angelorum praedicti: scili-
458 1629 2215 1698 cet naturalis in verbo: naturalis quo ad rerum vniuersalia in propria natura: & naturalis quo ad
459 1683 2215 1751 singularia in rerum existentia: & accidentalis quo ad singularia contingentia cognita non naturali
456 1747 2223 1805 ter: sed speciali reuelatione. Cum igitur omnis illuminatio ordinatur ad modum alicuius cognitio
459 1791 2214 1856 nis: & prima illuminatio non sit nisi per primam praesentationem diuinae essentiae nudae angelico intellectui
460 1844 2215 1915 ad ipsam aperte videndam: ad cuius praesentationem oportet intellectum angelicum disponi: etsi
462 1897 2216 1964 non specie deitatis sibi impressa: quia nullam potest habere: vt ostendimus alibi: aliqua tamen dis-
469 1946 2216 2015 positione supernaturali: qua intellectus angelicus eleuatur: & spiritualiter quadam supernaturali
463 2004 2216 2073 sanitate fortificatur & clarificatur: quaecunque sit illa: vt lumen gloriae, vel aliquid huiusmodi: si igi-
462 2060 2222 2127 tur angelus superior in inferiorem naturaliter aliquid agat transmutando ipsum in naturalibus
463 2111 2214 2178 vt huiusmodi dispositionem in se recipiat per quam praeparetur ad illuminationem: Dicendum quod
455 2164 2213 2236 sicut illa illuminatio facta fuit in primo instanti glorificationis angeli a deo se ipsum lumen quid ipse
452 2221 2214 2287 est angelico intellectui praesentante: sic & illa illuminatio inquantum dispositiue secundum praede
463 2275 2220 2345 terminatum modum dicitur fieri ab angelo: non est facta de nouo: sed in prima eius glorificati-
468 2337 2219 2391 one. VNde quo ad illa quae per talem illuminationem cognoscit angelus, dicendum est ad quae-
464 2374 2228 2446 stionem: quod vnus angelus non potest aliquid de nouo cognoscere per operationem alterius angeli
471 2437 2228 2497 circa ipsum in illuminando. SImiliter dicendum est de illuminatione quae habet fieri ad secundam
469 2490 2224 2555 cognitionem. Cum enim illa sit in angeli creatione in eo quod datur ei lumen naturale intellectus: &
466 2540 2226 2605 imprimitur ei habitus scientialis: aut ergo angelus nihil operatur ad illam illuminationem: aut non
468 2592 2279 2677 de nouo: sed in prima angeli creatione. SImiliter dicendum est de illuminatione quae habet fieri N
471 2647 2226 2714 ad tertiam cognitionem. Illa enim est naturalis sequela cognitionis secundae postquam rebus acquiritur
469 2707 2226 2770 per deum immediate aut mediante agente naturali esse actualis existentiae: sicut patet ex praedetermi-
470 2757 2228 2821 natis. Non restat igitur nisi de illuminatione quae sit ad quartam cognitionem: scilicet accidenta-
469 2811 2232 2876 lem de singularibus contingentibus. Quae sit per reuelationem dupliciter. Vno modo in verbo cir
468 2867 2234 2925 ca naturalem cognitionem essentiarum vniuersalium rerum: vt cognoscuntur in verbo. Alio modo
468 2913 2235 2974 in propria natura circa cognitionem naturalem essentiarum vniuersalium rerum vt cognoscuntur ex ha-
469 2966 2227 3033 bitu scientiali. COOnitio autem talis: quia secundum neutrum modum pertinet ad beatitudi-
473 3011 2233 3091 nem essentialem, non derogat in aliquo statui beatitudinis: vt fiat in angelo de nouo: & vt sic ponatur
476 3078 2231 3141 quod ad huiusmodi notitiam formaliter & effectiue a deo illuminetur de nouo: per quam illuminationem
471 3129 2244 3211 ei talis notitia reueletur: sed propter immutabilitatem, quae multum congruit illi cognitioni quae est.
