2428 3721
154 305 1940 385 in verbo, videtur mihi quod potius est sentiendum quod omnia talia quaecunque angelis super essentialem
153 370 1941 435 beatitudinem reuelantur in verbo: a primo instanti suae beatitudinis sint reuelata: & ita quod si alter
156 425 1933 487 angelus operatus est aliquid circa eum ad huiusmoni illuminationem suscipiendam: & per hoc ad
149 478 1935 543 huiusmoni cognoscenda: illud non de nouo: sed ab initio operatus est. VNde de talium notitia an
153 532 1930 601 gelorum in verbo: quod non sit noua sed antiqua, Augustinus dicit expresse, xv. de trinitate cap. xiii. de
152 592 1937 658 angelis inquiens sic. Bonum eorum est de operibus suis eius consulere veritatem. & sequitur. Totum
146 639 1934 705 ab illo per illud verbum eius audientes. i. in eius virtute inuenientes quid sibi faciendum quid qui
152 692 1925 749 bus quando nunciandum sit. Et constat quod consulendo eam: hoc in ea non inuenirent: neque ab ea au
157 745 1929 809 dirent, si noua in speciali reuelatione indigerent. Si tamen ponatur hoc de nouo audire & inue-
155 806 1925 866 nire: & hoc speciali reuelatione: & angelus ponatur ad illam aliquid operari: dicendum est quod ope-
155 850 1923 914 ratur consimiliter illud de nouo: secundum quod inuenit in ipsa veritate illud operandum. PLus tamen
158 914 1928 967 credo quod ad reuelationem faciendam in verbo nulla noua requiritur illuminatio: immo sufficit ad hoc illu-
153 956 1930 1029 minatio antiqua: quam verbum vt verum lumen se ingerit angelicae menti: licet non statim reuelet. quia re
158 1028 1941 1079 uelatio huiusmodi dependet a voluntate reuelantis: sicut & omnis alia actio circa creaturas. ET sic pu
160 1065 1929 1127 to dicendum quod angelus vnus nihil potest de nouo cognoscere per alterius angeli operationem de
153 1119 1935 1184 nouo circa ipsum illuminando. Pont tamen per eius operationem antiquam illuminando aliquid co
155 1169 1932 1242 gnoscere de nouo. Si enim aliquid operatus est secundum iam dictum modum vnus angelus ad illumi
155 1235 1932 1290 nationem alterius gloriosam: & per illam secundum voluntatem dei aliqua de nouo alteri reuelantur:
159 1283 1924 1353 hoc necessario fit per illius operationem antiquam in illuminando. SI vero angelus intelligatur ali-
161 1335 1936 1399 quod contingentium de nouo cognoscere circa cognitionem naturalem ex habitu scientiali: hic est
152 1392 1927 1457 vna magna dubitatio: vtrum angelus potest ignorare in propria natura quid nouit in verbo. Quia si sic
161 1442 1931 1499 cum notitia talium ex reuelatione sit supra naturalem dispositionem virtutis cognitiuae angelorum
154 1494 1926 1556 oportet quod ad illam fiat aliqua supernaturalis illuminatio: quam principaliter non nisi deus infundit: &
152 1551 1923 1609 angelus operatur dispositiue secundum modum praedeterminatum. Et secundum hoc est dicendum
167 1611 1933 1681 quod vnus angelus aliquid potest de nouo cognoscere per operationem alterius angeli: illuminando
164 1655 1930 1713 scilicet de nouo. AVT si forte tota illuminatio fuit facta in prima glorificatione: sed nouitas co-
160 1707 1917 1779 gnitionis dependet a voluntate reuelantis: tunc est dicendum quod operatione antiqua angelus vnus
160 1754 1930 1827 operatus est ad cognitionem nouam alterius angeli. Si vero angelus non potenst ignorare in propria na
155 1816 1930 1876 tura de talibus postquam ea nouit in verbo: tunc iudicandum est de modo huius cognitionis sicut di-
157 1870 1929 1939 ctum est de illa. ET si ita est: tunc potius credo quod angeli quaecunque erant inaeternum scituri sciue
148 1932 1929 1989 runt a primo instanti suae glorificationis. Dico notitia speculatiua. Sed postquam talia de nouo conti-
157 1976 1934 2048 gerunt in esse: tunc de nouo sciuerunt illa notitia experimentali. Aut quod omnis illuminatio ad quae-
156 2028 1924 2090 cunque scienda ab antiquo facta est. Sed reuelatio fiendorum fiat per illam illuminationis dispositio
151 2083 1928 2154 nem praeuenientem: quia ipsa non necessario inducit notitiam reuelandorum: eo quod, sicut dictum est, re-
161 2137 1920 2204 uelatio dependet a voluntate reuelantis. Et hoc quo ad superiores a deo immediate secundum no
152 2188 1922 2257 titiam quam habent in verbo: quo ad inferiores autem per superiores: & secundum notitiam quam ha
155 2243 1917 2307 bent in propria natura. ET huic magis concordat textus prophetalis iuxta expositionem catho
153 2301 1926 2361 licorum: qui non de nouitate illuminationis: sed doctrinae & reuelationis faciunt mentionem. Vn-
152 2346 1929 2413 de & de tali reuelatione de nouo facta a deo immediate angelis superioribus habetur Esa. lxiii. vbi
156 2409 1921 2473 primo proponitur eorum interrogatio ignorantiam eorum insinuans: & dicitur. Quis est iste qui
154 2467 1917 2526 venit de Edom &c. Et subditur Christi doctrinalis responsio. Ego qui loquor iustitiam & pro-
163 2508 1922 2579 pugnator ad saluandum. QVod exponens Dionysius secundum Amb. cap. vii. Angelicae hierar.
155 2568 1923 2628 dicit quod Theologi introducunt quosdam hierarchiarum apud lesum Christum quaerentes: & eos
161 2618 1918 2685 ipsum lesum immediate docentem. Ego inquit disputo iustitiam & iudicium salutaris. Et quod illam in
151 2678 1915 2740 terrogationem ex ignorantia & desiderio sciendi fecerunt superiores iam illuminati, declarat sub-
156 2726 1927 2789 dens. Miror autem quia & caelestium essentiarum primae & tantum simul omnes supereminentes
159 2777 1930 2844 diuinis illuminationibus &c. Vnde vt dicit ibidem Dionysius, non primo interrogant lesum
156 2838 1924 2902 quare rubrum est vestimentum tuum: sed apud se primo deliberant ante interrogare ostendentes
161 2893 1913 2955 quod discunt, & deificam scientiam appetunt. Super quod dicit Hugo. Sciendum est quod haec quae-
159 2944 1920 3008 stio non doctrinae inquisitio est: sed ignorantiae professio: & quia doceri opus habent. Quaerunt er-
157 2992 1920 3063 go intra se docendi supra se: nec audent interrogare quousque se offerat dicens. Ego qui loquor iusti-
159 3045 1925 3114 tiam. Tunc demum assumpta fiducia ad ipsum quaestionem dirigunt: quare est rubrum vestimen-
155 3103 1923 3189 tum tuum &c. ET est hic aduertendum quod illuminatio aequiuoce dicitur. Vno modo luminis infu-
