2450 3686
141 293 1915 379 circa quartum praedictorum modorum scientiae: circa quam solum ponimus locutionem, vt praedictum est, Scien
134 359 1905 431 dum quod si omnia scienda omnibus angelis a principio sunt reuelata in verbo, & in habitu notitiae naturalis com
131 414 1905 480 creatae: tunc angelus, proprie nihil agit de nouo circa angelum loquendo quo de nouo aliquid cognoscat
135 465 1909 540 & hoc ad instructionem etiam, nisi ad admirationem, & ad diuinae laudis prouocationem. Si ergo angeli in
135 520 1906 590 feriores ab initio singula non sciuerunt: sed de contingentibus reseruabantur eis quaedam suis tem-
130 569 1899 636 poribus per reuelationem scienda: ista reuelatio intelligitur fienda in verbo, sicut solus deus reue-
141 631 1908 688 lat aliquid de nouo angelo loquendo, vt aliquid de nouo cognoscat. Quantum vero ad reuelationem
140 679 1903 742 faciendam circa notitiam extra verbum, sic angelus superior secundum praedicta agit loquendo de
119 739 1901 794 nouo angelo inferiori secundum modum praedeterminatum, vt aliquid ipse cognoscat de nouo. PER iam di
134 779 1892 862 cta patet responsio ad obiectum in contrarium determinatis. Si vnus angelus agat aliquid loquendo vel
142 842 1896 914 illuminando in alium vt cognoscat aliquid de nouo, tunc vnus aliquid ab alio reciperet quod ille in eo age
146 893 1907 971 ret & causaret. Dicendum quod verum est in illuminatione ipsum secundum aliquam dispositionem secundum
146 950 1909 1010 virtutem alterando, vt expositum est. Et similiter in locutione non agendo aliquid in illum per se & immedia
148 1002 1915 1062 te: sed in se locutionis conceptum nouum formando: quo tanquam aliquo existente in rerum natura secundum
147 1055 1912 1126 se & positiue immutatur intellectus alterius angeli non solum ad illud percipiendum tanquam rem aliquam secun
147 1112 1903 1174 dum se, sed tanquam signum conceptus latentis: quemadmodum verbum nostrum vocale concipitur tanquam signum verbi
119 1176 1906 1233 mentalis latentis. Et quod assumitur quod vnus angelus non potest agere in alium lumen intellectuale, aut
139 1211 1904 1286 speciem aliquam: Dicendum secundum praedicta: quod etsi lumen intellectuale non possit agere in ipsum
134 1275 1901 1342 effectiue lumen infundendo: potest tamen dispositiue illud efficiendo. quo facto lumen a deo effecti
117 1326 1898 1399 ue recipitur, vt est praeexpositum. Quia similiter assumitur quod non potest agere praesentiam obiecti, quia angelus illam na
136 1377 1896 1447 turaliter habet, quod pertinet ad locutionem: Dicendum quod licet ex habitu scientiae habeat naturaliter ob-
127 1432 1903 1495 iecta praesentia ad cognitionem naturalem: non tamen ad cognitionem contingentium scibilium sola reuelatione
128 1476 906 1538 secundum quod plane patet ex supradeterminatis.
466 1492 1902 1611 Equuntur quaestiones pertinentes ad hominem. Et erant quaedam pertinentes ad
462 1588 1900 1652 habitus in ipso. Quaedam vero ad actiones eius. Quaedam vero ad passiones eius.
461 1629 1906 1703 Quaedam autem ad sacramenta ipsius. ClRca primum quaerebantur quaedam circa
462 1687 1901 1770 habitus acquisitos, & quaedam alia circa habitus infusos. Circa habitus acquisitos quae
458 1748 1896 1818 rebantur tria. PRImum de generatione eorum, vtrunm scilicet habitus acquisitus per
447 1788 1899 1876 quemlibet actum pertinentem ad ipsum primo generetur: & deinde per quemlibet sequen-
437 1846 1897 1920 tem augmentetur. Secundum de eorum connexione, vtrum. scilicet omes virtutes sint connexae, vt qui habet
132 1896 1899 1971 vnam, necessario habeat omnes. Tertium de eorum corruptione, vtrum habitus possit corrumpi. ClRca primum
130 1969 1900 2038 arguitur quod quolibet actu primo habitus generetur: & deinde augmentetur. Quoniam primus actus aut aliquid
132 2022 1901 2071 operatur ad generationem habitus, aut nihil. Si nihil: ergo eadem ratione actus secundus nihil opera-
132 2069 1904 2147 bitur: similiter tertius, quartus, & sic deinceps, & sic habitus nunquam generaretur. Si autem aliquid: illud
135 2128 1895 2193 non est nisi dispositio potentiae ad actus consimiles: qui non est nisi habitus. ergo &c. Et eodem mo
134 2179 1899 2243 do argumentandum est de augmento. CONtra est illud quod dicit philosophus primo ethicorum de gene
124 2230 1903 2306 ratione habitus in exemplo simili: quod vna hirundo non facit ver cum aduenerit, sed cum venerint
136 2287 1906 2358 plures vna post aliam. ergo similiter secundum ipsum vnus actus non generat habitum, sed plures, vnus factus post alium
128 2342 1900 2411 Et similiter est de augmento. HIC oportet primo considerare quid appellatur habitus generandus
139 2393 1899 2459 & acquirendus per actus secundum rem. Ad cuius intellectum sciendum, quod habitus secundum quod
131 2446 1899 2525 hic de habitu loquimur, est qualitas generata in mouente seipsum per appetitum cognitiuum in actio-
135 2495 1902 2559 nem ex eo quod est ex alio motum. Dico mouente, quia ex hoc quod aliquid mouetur solum, & non mouet, num
140 2546 1898 2621 quam in ipso habitus generatur, vt in oculo ad actum videndi. Dico mouente seipsum, quia ex hoc quod aliquid non
131 2610 1892 2669 moueat nisi aliud in quod agit, nunquam habitus in ipso mouente generatur, vt in igne ex eo quod calefacit
138 2665 1894 2729 aliquae. Dico autem mouente seipsum appetitu cognitiuo, quia mouens seipsum appetitu naturali numquam sua actione
136 2714 1893 2787 in se generat habitum, vt graue ex eo quod descendit. Dico vero mouente seipsum appetitu cognitiuo ex eo quod
137 2771 1893 2826 est ex alio motum: quia mouens se seipso non moto prius ab alio habitum in se omnino non generat, vt
131 2825 1892 2893 angelus ex actu suo intelligendi. Et in omnibus istis ratio communis est, qua. scilicet talia naturaliter vadunt
129 2878 1894 2934 in suum actum, & sunt determinata ad vnum tantum: & habitus non est qualitas nisi eius quod de se non est
127 2930 1890 2999 naturaliter determinatum ad vnum: eo quod habitus generabilis ex actione agentis in agente habet ip
128 2979 1891 3042 sum determinare: ita quod si inesset naturaliter, naturam habitus non haberet, de quo intendimus: qua-
133 3031 1896 3106 lis est habitus scientialis in angelis. Est igitur habitus de quo ad praesens intendimus, qualitas in
123 3087 1893 3146 mouente seipsum per appetitum cognitiuum motum ab alio, generata in ipso per suam actionem
132 3144 1893 3232 qua habilis est vt consimiles actiones eliciat. Verbi gratia: intellectus motus ab aliquo intelligibili
