2262 3621
36 268 1781 358 positum perfecte recipit impressionem ignis, vt inflammetur perfecte. Et non est hic differentia: in
44 348 1773 396 combustibilis inflammatione: & ibi in habitus generatione: nisi quod ibi est vnum agens continue de-
39 397 1760 468 uincens & actionem continuans: hic autem diuersa agentia actionem iterantia. lbi autem quid impressum
28 446 1762 510 fuit ab igne in combustibile in primo instanti, aut in primo minimo tempore in quo impressit aliquid
35 504 1765 565 prima mutatione, aut primo minimo motus quo aliquid imprimere potuit, necessario est aliquid de-
37 559 1762 612 terminatum, secundum quod dicit Commentator super sextum physicorum. Primum in generatione
33 608 1765 664 est minima pars quae potest generari de generato terminatae quantitatis. Verbi gratia, quod minima pars
43 658 1763 722 ignis est terminata, scilicet minima pars quae potest esse ignis. Et hoc vt dicit super primum physicorum, si
30 711 1770 770 recipit partitionem. Si autem non, necessario accidit in accidentibus. Vt enim dicit super octauum
32 763 1766 828 physicorum, forma est terminata magnitudine & paruitate in vnaquaque rerum naturalium. Hoc
43 811 1766 876 enim modo sicut in cauatione lapidis & in tractu nauis sit aliquid simul in virtute plurium: quid licet
31 869 1767 925 sit diuisibile, totum tamen sit simul: vt partis expulsio de lapide: & non pars eius expellitur a parte gut
41 919 1773 977 tarum cauantium in parte temporis, vt infra dicetur: secundum hunc modum contingit de alte-
38 974 1770 1041 ratione quacunque: quod illud in quod primo fit alteratio fiat subito, etsi sit alicuius quantitatis deter-
30 1022 1768 1097 minatae in actum, vt dicitur octauo physicorum. vbi dicit Commentator. Si prima pars quae fic ex
42 1089 1770 1141 transmutatione non esset determinata, & agens non esset determinatae virtutis, tunc omnia essent
36 1131 1768 1192 in continua transmutatione. Sed prima pars in actu motuum qui fiunt siue fuerit transmutatio in
34 1180 1774 1247 loco, aut in qualitate, aut in quantitate, sit subito. i. in instanti non in tempore. Et si non, tunc ante trans
38 1236 1776 1301 mutationem esset transmutatio, & non inueniretur transmutatio noua: & illa pars secundum quod exit
38 1288 1774 1346 in actum est terminata, sed non est naturaliter in actum nisi quiescat motus. Sed qualibet alia parte mo
41 1341 1772 1406 tus & in qualibet alia parte temporis secundum analogiam virtutis imprimentis augmentum est vs
36 1407 1769 1459 que ad perfectam inflammationem. dicente Commentatore super primum physicorum. Oppositi partes
38 1448 1763 1512 successiue recedunt a subiecto, & fiunt in ipso partes generati. Et supertertium. Motus nihil aliud est quam
42 1498 1762 1561 generatio partis post aliam illius perfectionis ad quam intendit motus donec perficiatur: & sit in actu
35 1556 1760 1611 lta quod si forma inducenda contrarium habeat in materia, immo quia habet aliquo modo: aliter enim
27 1602 1766 1667 per agens subito fieret in materia: oportet quod in toto motu sint contraria simul, vel citra suas excellem
32 1656 1761 1725 tias, vel in aliquo mixto. Secundum enim quod dicit philosophous. vi. physicorum, omne in quod aliquid
36 1708 1761 1772 mouetur necesse est diuisibile esse: & similiter omne a quo mouetur, & cum mouetur, esse partim in
31 1772 1765 1832 eo ad quod mouetur, & partim in eo a quo mouetur: non secundum totum in vno, aut in altero. Et
37 1813 1768 1874 ita cum primo mouetur ab vno extremo non statim mouetur in alterum extremum, sed in medium
38 1870 1761 1930 vt ex albo in fuscum non in nigrum. Super quid dicit Commentator. In primis qualitatibus, scilicet in
38 1920 1772 1987 caliditate & frigiditate, videtur quod medium est temperatum. Transmutatum enim cum primo trans
36 1975 1770 2036 mutatur a calido in frigidum, dicitur quod quiddam eius est in calido, & quiddam in temperato, cum
38 2027 1761 2083 inter calidum & temperatum non sit qualitas media diuersa secundum speciem, sed secundum magis &
38 2083 1765 2148 minus. quoniam manifestum est secundum se quod cum transmutatur amittit partem calidi & acquirit partem
33 2131 1769 2187 frigidi: & quaedam pars eius est calida: & quaedam temperata, quoniam non calidum secundum to
37 2191 1765 2257 tum: neque temperatum secundum totum. Similiter omittendo partem albi acquirit partem pallidi ten-
39 2238 1773 2311 perati. Non enim est in albo secundum totum, neque in pallido secundum totum, sed quiddam in albo
38 2296 1767 2361 & quiddam in pallido. Et hoc quidem non distinguitur in actum, sed in potentia tantum. VT exhis intelli-
26 2351 1762 2409 gamus quod cum aliquid sit nigrum in extremo: & sint tres partes eius a bc: & debet fieri album, cu
27 2405 1755 2461 ius similiter sunt tres partes d et, in prima transmutatione generatur aliqua pars albedinis mi-
35 2454 1756 2503 nima, sit d, & remouetur pars minima nigredinis, sit a, quae quidem d cum alia parte nigri commi-
35 2500 1758 2575 scetur: & fit ex eis fuscum, vt secundum hoc motum partim sit in fusco, & partim in nigro: sed plus
33 2555 1762 2610 in nigro. Motuque vlterius procedente acquiritur per augmentum alia pars albedinis quae est e, & re
41 2606 1757 2661 mouetur pars nigredinis quae est b. Commiscenturque d e partes albedinis cum c parte nigredinis
32 2661 1770 2724 & sit pallidum: vt sit partim in pallido, & partim in nigro, sed plus in pallido. Motuque vlterius pro
36 2712 1763 2773 cedente acquiritur per augmentum pars albedinis vltima quae est t, & corrumpitur pars nigredinis vltima
37 2764 1755 2825 quae est c. & fit album purum. Et similiter est si plura media interponantur. Vnde dicit Commenta-
38 2813 1759 2880 tor super secundum de anima, esse verum virtutum passiuarum est admixtum ex potentia & actu
42 2867 1764 2926 Passiuum enim antequam patiatur est contrarium agenti: & cum passio completur est simile: & dum
39 2915 1762 2993 patitur aest admixtum ex simili & contrario. Non enim cessat dum mouetur in eo corrumpi pars
39 2980 1773 3039 contrarii, & fieri pars similis. Sicut est in igne comburente: & in exemplo iam dicto de genera-
31 3024 1764 3085 tione albi ex nigro primo impresso ab agente deuincente passiuum, vt impressum ab ipso maneat
44 3078 1767 3156 quousque adueniat actio secundi agentis, licet sit intercisa secundum analogiam suae virtutis illud
