2436 3733
473 239 2255 336 augmentabit: & sic de superuenientibus aliis: quousque illud in habitum perficiatur. Dico vt maneat, quia
484 329 2257 391 aliter sequens agens oporteret esse primum: & quaecunque actiones sequarentur, nunquam ex eis habitus gene
486 375 2246 437 raretur nisi aliquid impressum a primo maneret augmentandum per sequentia vsque ad habitus perfe-
486 429 2260 500 ctionem, sicut patet ex dictis. Secundum hunc ergo modum generaliter de formis quae suscipiunt
485 482 2248 542 magis & minus, vt sunt habitus de quibus loquimur, & vniuersaliter formae quae in natura essen-
476 537 2256 595 tiae suae gradus & latitudinem habent: secundum quos in essentia sua forma dicitur magna vel par-
480 591 2260 655 ua: & secundum hoc subiectum denominat magis & minus recipiendo intensionem & remissionem
479 642 2246 698 in subiecto. secundum quod in quarta nostra disputatione de Quolibet in quaestione de causa susceptionis eius
476 691 2252 764 quid est magis & minus, exposuimus: Dico quod per quemlibet actum qui ordinatur ad habitus generationem, ali
479 757 2259 817 quid de essentia ipsius formae generatur secundum analogiam virtutis in agente, ita quod si intantum deuin
485 800 2256 871 cat passiuum, & tam fortiter imprimat, ne absorbeatur & corrumpatur a contrario existente in subiecto, ad
481 859 2255 927 ueniente secundo agente nihil noui generatur, sed prius generatum augetur in gradu aliquo determi
482 913 2254 977 nato secundum analogiam virtutis agentis, & sic de singulis quousque habitus perficiatur, & cesset motus in fine
485 965 2254 1034 vt ex actum non procedant actus vt factio ad aliquid agendum: sed actus vt operatio ad potentiam agen-
482 1017 2267 1079 tis perficiendam, secundum quod determinat philosophus in primo ethicorum. cap. ix. Et secundum hoc di
489 1070 2264 1128 co ad quaestionem propositam, quod in quolibet actu qui est secundum habitum, aliquid de essentia ha
480 1125 2267 1193 bitus generatur secundum analogiam virtutis eius, ita quod si omnino deuicitur a contrario, illud statim ab
488 1179 2270 1239 forbetur, neque potest procedere vt habitus perficiatur. Si autem deuincit contrarium vt impressum
486 1236 2260 1295 a se maneat quousque alter actus augmentans adueniat: & sic deinceps: omnes ad generationem habitus
491 1286 2258 1357 operantur: sed semper posterior in virtute praecedentis, immo omnium praecedentium: non vt secundum se agen
493 1340 2257 1409 tium, quia adueniente posteriore, necessario transierunt priores: sed in virtute in eo quid ab ipsis impres
490 1393 2263 1463 sum est mouentium, sine quo posteriores non haberent quid augmentare possent: sed necesse habe
489 1453 2251 1517 rent quod augmentandum per alios sequentes generarent. Nec tamen ex hoc quod dico per quemlibet
493 1503 2242 1569 actuum huiusmodi fieri aliquid quid pertinet ad essentiam habitus, intelligo quod per quemlibet actuum habi
488 1557 2263 1617 tus fiat qui per vlteriores augmentetur: sed quod solum fiet per aliquem vnum ex intermediis, & hoc per augmen-
499 1610 2266 1676 tum quod apponit generato per priotes,. quemadmodum albedo completa absque omnis admixtione nigre
495 1670 2267 1730 dinis generatur per aliquem actum vltimum nigredinis corrumpentem & augmentantem quod a praecedentibus genera
490 1715 2275 1780 tum est. Ad cuius intellectum sciendum est: quod in omni genere habilitatum ad actus eliciendos potentiarum
492 1771 2270 1825 intellectus & voluntatis, in quibus principaliter habitus habent esse tam boni quam mali, quatuor sunt sta-
495 1826 2266 1890 tu scilicet initium, progressus, perfectio, & excessus. verbi gratia in habilitatibus moralibus ad eliciendum
500 1878 2264 1940 actus morales. de quibus philosophus. vii. ethicorum ponit exempla appellans ipsa genera bonitatum & ma
502 1929 2271 1997 litiarum: quae sunt in bonitatibus, perseuerantia, continentia, temperantia, heroica: in malitiis vero incon
500 1984 2269 2046 tinentia, imperseuerantia, intemperantia, bestialitas. Quarum perseuerantia & incontinentia pertinent ad
500 2037 2273 2104 bonitatum & malitiarum initium: continentia & imperseuerantia ad progressum, temperantia
502 2089 2275 2164 ad perfectionem, heroica & bestialitas ad excessum. Est autem perseuerantia prout hic de ea loqui
493 2144 2271 2212 mur, habilitas qua quis occurrentibus fortibus tristitiis, aut delectationibus malis, a quibus multi vincum
492 2200 2277 2265 tur, se tenet ne statina ab eis vincatur, & succumbat. Vnde dicit philosophus. Perseuerare est in eo quod est.
503 2251 2267 2320 detinere. Commentid iest non laxare. Continentia autem vt dicit Aristi. est in eo quid est vicere. propter quod eligibi
500 2305 2271 2369 lior est continentia quam perseuerantia. vbi dicit Commentator. Detinens & non relaxans, non iam su
507 2368 2269 2427 perat. Melius est autem eo quod est detinere hoc ipsum superare. Vnde bonum perseuerantiae est in
505 2422 2269 2479 eo, quo quis tolerando detinet se ne statim laxet, & est infimus gradus bonitatis, quem sequitur sta-
511 2464 2273 2524 tim gradus continentiae: quae vincit & repellit tentationes, licet cum dolore & labore. Et in hoc
505 2522 2272 2576 differt a temperantia quae sequitur in tertio gradu, quoniam vt dicit continens habet fortes & pra
507 2572 2267 2637 uas concupiscentias: temperatus autem non. vbi dicit Commentator. Temperatus nequaquam habet
507 2628 2276 2692 turpes delectationes vexantes ipsum, sed ratione praecipiente oportere detinere a turpibus delectationibus
509 2678 2273 2747 confestim habet concupiscentiam sequentem & manet quietus. Continens autem habent rationem contendentem non sequi vexatus
515 2735 2275 2801 a concupiscentiis. Et sequitur heroica quae est in quarto & vltimo gradu bonitatis. de quae dicit philosophus quod est supernos
507 2788 2276 2851 & quaedam diuina virtus. vbi dicit Comment. Vt cum aliquis dirigit omnem virtutem super omnem hominem. secundum quod in qua
514 2842 2272 2900 dam disputatione nira de Quolibet alias exposuimus. In malitiis vero infima est incontinentia qua quis in re
510 2896 2275 2962 sistendo passionibus in principio, in fine succumbit. Vnde dicit philosophus circa principium septi-
506 2960 2275 3016 mi ethicorum: quod incontinens sciens quoniam praua agit propter passionem. Commnentid i. victus a passione. Posthunc
507 3001 2280 3074 in secundo gradu peior est imperseuerans, quem philosophus mollem appellat, & delicatum, qui
516 3054 2285 3123 nec se tenet, nec resistit, sed statim laxat & obedit concupiscentiae. Et tertio sequitur pessimus qui est intem
502 3109 2295 3200 peratus: qui prauas passiones ex electione prosequitur. Et tunc in excellenti gradu malitiae est
