2426 3772
513 287 2305 393 ad finem, duplicem ordinem & connexionem oportet considerare virtutum in homine: vnum ipsarum inter se: alium
519 377 2320 450 in suo fine. Homo autem sicut vnus est & secundum se & natura & essentia formae & speciei, ita habet vnam
515 449 2317 502 operationem vltimam finalem ad quam omnes aliae ordinantur, licet quaedam earum respiciunt alias sicut suos fi
510 499 2311 559 nes. Vt enim dicitur in principio ethicorum, multis operationibus existentibus multi fiunt fines. Aliquis est
508 550 2317 619 finis quem propter ipsum volumus: alia autem propter illum, & non omnia propter alterum desideramus in infinitum.
517 603 2310 673 Et ideo omnes virtutes humanae &morales, & intellectuales, & earum operationes simul ad illum finem ordinam-
513 663 2309 730 tur. Et sic est quaedam connexio omnium huiusmodi inter se & in illo fine. iuxta illud quid dicitur. vi. ethicorum cap xix.
511 718 2316 776 Sapientia fclicitatem facit pars existens totius virtutis, quae constituitur vt totum quoddam ex speculatiuis vir-
519 774 2310 833 tutibus & practicis. de qua connexione nihil ad praesens. Homo tamen secundum quod est politicus ope
524 832 2313 901 rans secundum virtutes politicas, quae sunt temperantia, fortitudo, iustitia, prudentia, aliquam habet operatio-
522 885 2315 959 nem vltimam secundum quod talis est scilicet virtutis perfectioris inter illas ad quam omnes aliae operationes virtutum
519 942 2310 1011 politicarum ordinantur. de quarum connexione specialiter ad praesens intendimus, sicut specialiter
522 1005 2307 1071 super hoc quaestio proposita fuit. Quae quia in se recipiunt magis & minus, & non cognoscitur perfecte com
522 1052 2298 1123 nexio nisi cognoscantur gradus connexorum secundum magis & minus, & aequales: ideo vt perfectius
513 1104 2309 1165 cognoscatur earum comnexio, oportet eam considerare dupliciter: & ex parte comnexorum primo: et deinde
518 1164 2309 1221 ex parte modorum connectendi secundum gradus praedictos. Ex parte autem connexorum secundum iam dicta opor
514 1207 2313 1281 tet considerare duplicem connexionem: vnam omnium earum inter se: aliamtrium earum in vnam vt in finem earum s
520 1273 2305 1341 Sic enim est ordo in politicis omnium ad finem vltimum in suo genere, sicut est in naturalibus ad primum
527 1330 2305 1395 principium. In naturalibus enim omnes mouentes secundum omnes motus eorum idem intendunt, sci
516 1386 2309 1453 licet motum primi motoris, & motus omnium orbium motum orbis stellati, qui est motus primi mo
518 1441 2307 1497 toris, & alii sunt propter istum. Et dispositio illorum est in adiuuando se adinuicem & conseruan
524 1496 2300 1559 do, sicut est dispositio bonorum regentium qui iuuant se adinuicem in regendo bonam quietem, quoniam
520 1551 2307 1616 omnes actiones eorum sunt gera actionum primi principii. Ponunt enim actiones suas seruientes actio
527 1600 2331 1696 ni primi principii. Et sicut est dispositio in artificiis quae iuuant se adinuicem erga vnum artificia pear
519 1662 2306 1723 le, quemadmodum iuuant seinuicem artes sermocinales, grammatica logicam & rhetoricam in oa
523 1720 2294 1791 tionis congruitate, logica grammaticam & rethoricam in argumentationis necessitate, rhetorica gran-
515 1771 2300 1845 maticam & logicam in sermonis venustate: et hoc erga notitiam scientiarum realium ad quas ordinantur
517 1829 2301 1892 finaliter: Ordo ergo consimiliter debet esse in politicis operationum secundum omnes virtutes, & ipsarum
521 1884 2310 1958 virtutum inter se, in iuuandae. scilicet sese mutuo & conseruando, & hoc respectu alicuius operationis vlti
524 1939 2304 2016 mae & perfectae quae est finis aliarum. Et est operatio illa propria operatio prudentiae, in qua consistit
516 2001 2308 2068 felicitas politica, vt dicitur primo ethicorum. Et sic ex parte ipsorum connexorum duplex conne
523 2044 2307 2121 xio inuestiganda est: vna scilicet ipsarum quatuor inter se: alia vero trium earum scilicet moralium
521 2117 2312 2175 vt temperantiae, fortitudinis, & iustitiae in quartam earum, vt in prudentiam. ita quod quo ad primam
523 2160 2312 2237 istarum duarum connexionum quaelibet virtutum trium moralium requirit quamlibet aliarum: et
523 2218 2303 2285 etiam prudentiam ad sui essentiam. Et quo ad secundam econuerso prudentia ad suam existentiam requrit
524 2270 2309 2335 quamlibet trium virtutum moralium. Virtutes autem morales, & earum fines, quia sunt tanquam ea quae
519 2325 2311 2395 sunt ad finem, vt ad prudentiam & ad eius finem: ideo connexio omnium inquantum quaelibetre
518 2380 2298 2458 quiritur ad existentiam cuiuslibet virtutum moralium, est comnexio sicut eorum quae sunt ad finem inter se. Comne
522 2432 2298 2513 xio vero virtutum moralium cum prudentia inquantum requiruntur ad eam, est connexio sicut in fine eorum quae
524 2499 2300 2563 sunt ad finem. Vnde prudentia inquantum connectitur virtutibus moralibus & requiritur ad earum existentiam or-
527 2548 2312 2613 dinatur ad seipsam vt in finem: inquantum ipsa regulat morales in seipsa: & per hoc morales connectuntur inipsa
521 2602 2306 2677 & ad esse requiruntur ipsius. Et sic visa huiusmodi duplici comnexione perfecte patebit comnexio ipsarum exparte
523 2650 2303 2728 comnexorum. Connexio autem prima declaratur per hoc quod duo sunt consideranda in qualibet virtute scilicet in
514 2708 2306 2782 nis, proprius praeter finem illum vltimum vnicum ad quem fines, proprii ordinantur: & ea quae sunt ad finem: quemadmodum
520 2763 2305 2845 finis fortitudinis bellicae est pax ciuitatis vel patriae in obtenta victoria. et generaliter finis fortitudinis
520 2816 2305 2899 est pacis tranquillitas. Ad hoc enim solummodo debemus belligerare vt possimus in pace viuere.
515 2875 2304 2947 In castitate vero finis est munditiae puritas: in iustitia autem finis est proportionalis aequalitas: finis
524 2928 2313 3000 vero prudentiae est directionis operabilium infallibilitas: & hoc in quaelibet virtute, vel hominis secundum monasticam, il
515 2981 2307 3069 domus secundum oeconomicam, vel ciuitatis secud politicam: inquantum eisdem virtutibus habent regi homo, domus, & ciui
515 3040 2308 3111 tas. Ea vero quae sunt ad finem in fortitudie, sunt tolerare dura & aspa & aggredi terribilia, in temprantia operacat
518 3098 2316 3177 naur delectationis respuere, in iustitia suum vnicuique tribuere, in prudentia regulas operandorum discernere. Vt
522 3143 2318 3227 autem virtus quaelibet firmitur, & impermutabimiliter operetur eca quibus finem adipiscatur, & non contraria quibus eo frustretur, autca
524 3200 2318 3264 dat ab eo: sed conseruetur in ipso, quantum est in se, sufficit ei vt delectabilitur operetur quae sibi sunt, propria, quibus finem suum
514 3255 2319 3346 adipiscitur, & in fine suo custoditur: & abhorreat contraria: vt casto vt operetur casta & abhorreat incesta.
