2403 3767
473 280 2249 377 Qui quidem igitur in omnibus simpliciter delectabilibus & tristibus ratiocinatiuae particulae animae
471 371 2240 428 naturalem seruat dominationem: vt neque ab vna delectatione vel tristitia superetur: erit vtique ille
471 415 2245 493 simpliciter temperatus: vt sanam habens prudentiam & virtutibus omnibus ornatus. Specifice vtique dicetur
478 472 2254 541 temperatus qui secundum gustum & tactum delectabilibus nequaquam subiectus est. Quare hic Aristo-
469 523 2247 601 teles temperantiam non specificam assumpsit: sed conmunem omnibus virtutibus. Et non solum in tempe-
478 587 2267 647 rantia conmune & specificum inuenimus assumptum: sed est hoc & in aliis inuenire. lustitia enim
483 630 2249 705 dicitur specifice quae in conmutationibus directiua, & distributionibus. Dicitur autem & communiter
481 688 2246 755 quae legalitas appellatur, seruans proprium vniuscuiusque particularum animae, vt rationem quidem habere
474 740 2246 815 passionibus dominantem ex natura simpliciter iustitiae. Similiter etiam fortitudinem qualiter non vtique
481 804 2248 864 quis dicet communiter & proprie: Simpliciter enim ad omnes passiones viriliter instare: vt nulli irratio-
485 850 2247 915 nabilium succumbat: qualiter non bonae audaciae: Secundum, vt sicut scilicet quaelibet trium moralium est ge
481 902 2252 969 neralis & particularis secundum quod iam patuit per Commentatorem: sic etiam est de prudentia. Secundum hunc modum
483 952 2252 1021 duplicem etiam est accipere prudentiam. Vnam quae est ratio vniuersalium principiorum operandorum, secundum
486 1008 2249 1077 ratiocinationem coniecturando: quae sunt in moralibus fines. Aliam quae est experimentatiua particula-
482 1062 2248 1131 rium operandorum, quae sunt in moralibus ea quae sunt ad finem. Harum prudentiarum diuisionem ponit
485 1120 2256 1187 philosophus. vi. Ethicorum dicens: quod eius haec est vt architectonica prudentia legis positiua: haec autem est vt circa
491 1175 2249 1236 singularia communi nomine Politica. Et sunt ambae idem re: sed esse non idem: quia secundum primum esse de
486 1233 2251 1286 terminat fines virtutibus: & vniuersalia operandorum considerat: quod est proprium opus prudentiae secundum
484 1274 2257 1330 se. & secundum hoc est virtus specialis. Secundum vero esse secundum particularia determinat operanda circa ma
480 1327 2262 1402 teriam aliarum trium virtutum moralium. Et secundum hoc est virtus communis: & est quasi ars manu ope
486 1387 2253 1451 ratiua imprimens formam rationis materiae morali in tribus aliis virtutibus: quemadmodum ars car-
488 1432 2259 1503 pentaria manu operatiua imprimit formam artis domificatiuae architectonicae in materia lignorum
489 1489 2258 1560 Vnde quia moralis virtus ex hoc habet perfectam rationem virtutis: ideo contingit quod ista prudentia
490 1542 2252 1611 experimentalis est quodammodo omnis virtus. Vnde & propter hoc dicit philosophus in fine sexti Ethicorum
486 1597 2258 1668 Socrates dixit omnes virtutes prudentias quasdam esse. Sed, vt dicit, errabat in hoc quod eas prudentias
483 1652 2263 1719 esse dixit: quoniam autem non sunt sine prudentia, bene dicebat: quia vt dicit, non solum virtus est ha-
480 1704 2260 1779 bitus qui secundum rectam rationem est, cuiusmoni est prudentia secundum operationem quam habet secundum se: sed etiam qui
490 1763 2259 1829 est cum ratione recta, cuiusmodi est quilibet habituum aliorum moralium inquantum a prudentia regulantur.
505 1816 2257 1885 SEquitur de comnexione secunda ex parte comnexorum, scilicet trium moralium virtutum cum prudentia. Et
489 1856 2253 1938 hoc quo ad duplicem modum prudentiae praedictae, scilicet illius quae est speculatiua vniuersalium operando
492 1921 2259 1989 rum tamquam finium: & illius quae est experimentatiua particularium operandorum: & directiua tamquam eorum quae
493 1975 2253 2039 sunt ad finem. De connexione illarum cum prudentia particularium simul & de connexione pruden-
490 2029 2252 2096 tiae particularium cum illis, de qua iam dictum, dicit philosophus. vi. Ethicorum. Non est possibile bonum
498 2075 2259 2136 esse principaliter sine prudentia, neque prudentiam sine morali virtute. Quid solummodo intelligit de pru
495 2132 2255 2191 dentia singularium. secundum quod alia translatio loquens de morali virtute dicit sic. Non est possibile vt
489 2185 2260 2255 sit absque prudentia: sicut non est possibile vt prudentia sit secundum quod est operatiua absque virtute morali.
487 2246 2249 2304 Cuius ratio est secundum philosopum parum supra: quoniam scilicet virtus dirigit intentionem in finem bonum ex mo
491 2293 2251 2361 rum melioratione. Qualis enim vnusquisque est talem sibi finem proponit, vt dicit in iii. Prudentia autem
501 2351 2257 2417 determinat operationes ad fines dirigendas. Et sic virtus indiget prudentia ne fines vani sint quos
497 2400 2255 2471 praestituit, nisi operetur ad finem. Sicut in vanum finis proponitur sagittariis nisi bene sagittent. Non enim sus
493 2465 2253 2527 ficit per habitum virtutis moralis inclinatio in bonum: sed requiritur determinatio per prudentiam
497 2513 2251 2582 actionum vt in finem dirigendarum. Prudentia ergo indiget virtute: quia aliter non sciret qualia opera in fi
504 2568 2253 2632 nem dirigenda determinaret. Et hoc quemadmodum in speculatiuis conclusiones sciri non possunt
504 2623 2253 2685 nisi per principia. In moralibus enim fines se habent sicut principia speculatiuorum: sicut conclusiones
499 2676 2255 2740 vero ea quae sunt ad finem ordinata. SED est aduertendum: quod virtutes morales praestituant finem prudentiae
500 2728 2249 2795 vt experimentatiua est particularium: hoc non conuenit eis per se primo & directe, sed prudentiae vt vni
498 2779 2260 2853 uersalium consideratiua est: quae per se & directe constituit finem ipsis moralibus: immo potius voluntati: li
505 2833 2261 2901 cet sub esse incompleto, cuius actibus virtutes sunt in ipsa generandae. Sed cum aliquid de ipsis generatum
502 2884 2258 2944 est in voluntate, firmant in prudentia vniuersali id quod voluntati praestituit. Et per hoc praestituunt prudentae
507 2944 2258 3010 experimentali ipsum finem ad quem operationes debent dirigere: quem tamen principalius ipsa prudentia
506 2994 2264 3065 vniuersalium praestituit sibiipsi inquantum est experimentatiua particularium: quem solum ei moralis virtus praesti
507 3049 2265 3119 tuit inquantum ipsum in prudentia vniuersali firmat,. quemadmodum etiam econtrario malitia virtuti morali
514 3099 2265 3171 contraria vera aestimationem finis quem praestituit prudentia corrumpit. secundum quod haec iam amplius declarabum
511 3164 2267 3243 tur in prosequendis. DE connexione vero moralium virtutum cum prudentia vniuersalium, dicit philosophus sexto
