2472 3761
270 243 2264 344 voluntatis quo ad synderesim vt dictum est. Sed quantum pertinet ad propositam quaestionem, dicendum quod cum omnis ratio e
273 340 2252 409 ronea sit per aliquam ignorantiam: & secundum philosophum in iii. Ethico. ignorantia quandoque causat inuoluntarium: quandoque non
282 389 2254 458 & non est malum moris siue peccatum nisi voluntarium: vt patet ex praedeterminatis: distinguendum est ex parte igno
297 455 2252 517 rantiae quae est cauam rationis erroneae. aut enim est talis quod tollit omnem rationem voluntarii: aut non. Si primo modo: tunc
302 503 2246 579 tollit omnem rationem boni & mali moralis: & est ignorantia causans inuoluntarium proueniens ex ignorantia ali-
312 559 2256 616 cuius circunstantiae absque omni negligentia ignorantis: quae dicitur ignorantia facti. & talis voluntas discordans a ra-
316 614 2256 685 tione errante est mala, quia ille error omnino excusatur: vt si ratio erret in hoc quod credat aliquam suppositam
314 671 2249 726 suam esse: vt lacob credidit de La: in quam nunquam consensit: & ea petente nolit cognoscere eam: voluntas
322 726 2256 790 est mala simpliciter, & bona secundum quid. Si vero ignorantia non sit talis quod tollat omnem rationem voluntarii
327 778 2249 842 sed manet aliquo modo voluntarium: siue directe siue indirecte: directe vt quando erat affectata: indirecte vt
339 835 2252 911 quando propter negligentiam inquisitionis & studii est inducta circa illud quod necesse erat scire: vt est legis man
349 890 2252 966 datum quae dicitur ignorantia iuris: tunc error rationis non excusat voluntatem operantem secundum rationem, quia quodam
356 946 2242 1013 modo est voluntarius. vt enim initium est voluntarium: & omnia sequentia. Neque etiam potest excusari voluntas discor-
369 1003 2244 1058 dans ab ea circa quidcumque genus actionis sit quin sit mala. Quoniam enim bonitas & malitia voluntatis, proprie de-
374 1054 2249 1135 pendet ab obiecto inquantum ei per rationem proponitur: vt voluntas eo modo dependeat a ratione ostendente ei obiectum
384 1123 2244 1182 quo dependet ab ipso obiecto: propter hoc voluntas discordans a ratione errante semper est mala: etsi non propter
382 1173 2242 1235 obiectum per suam naturam: tamen secundum quod ei mediante iudicio rationis proponitur: vt cum malum simpliciter repraesen
385 1224 2248 1292 tet ratio voluntati sub ratione boni simpliciter, voluntas cum ab illa discordat fertur in contrarium sub ratione boni
394 1278 2245 1348 vt nunc & mali simpliciter. & ideo peccat ex contemptu praeponendo illud quod putat esse diuinae legis illi quod non
406 1330 2245 1407 putat esse tale: & non damnatur voluntas ex eo quod agit: sed ex eo quod intendit. Talis ergo perplexus est: vt ne
404 1394 2242 1458 cesse sit eum peccare nisi errorem deponat. AD Argumentum quo dicitur quod agens contra rationem erroneam obe
414 1445 2241 1513 dit praecepto superioris: Dicendum quod verum est in re praecepta: non tamen apphendit illud sub ratione praecepti: immo
426 1502 2235 1577 potius sub ratione eius quod est contrarium praecepto propter quid mala est ipsa voluntas ex intentione agentis licet non
442 1548 2243 1634 ex ratione reiactae, vt dictum est. AD Argumentum in oppositum: quod omne quod non est ex fide hoc est ex conscien
435 1612 2236 1680 tia, peccatum est: bene procedit praeter hoc quod ibi non sumitur conscientia proprie sed large pro rationis putatione.
762 1664 2239 1728 Irca quintum arguebatur quod magis peccat agens contra rationem erroneam quam cum ipsa. Ille
768 1728 2240 1787 enim magis peccat qui minus habet excusationis: & minus qui magis. Sed peccans con-
770 1774 2242 1840 tra rationem erroneam nihil habet excusationis in peccando. peccans autem agendo secundum
783 1836 2241 1901 ipsam habet saltem in excusationem dictamen rationis proponentis sibi obiectum. ergo &c.
819 1875 2239 1954 CONtra: quod sapiens eligeret facere prae alio, minus est peccatum, quia de duobus ma
783 1915 2233 1996 llis minus malum praeeligendum est. sapiens autem praeeligit potius facere contra rationem erran-
795 1990 2235 2067 tem quam cum ipsa. ergo &c. DIcendum ad hoc secundum distinctionem praemissam de ignorantia
491 2052 2233 2121 in ratione erronea. aut causat omnino inuoluntarium secundum praedictum modum: aut non. Si sic: peccatum
505 2104 2242 2171 est facere contra rationem. & non est peccatum facere cum ipsa vt dictum est. Si non: aut ergo est ignorantia
501 2162 2233 2229 affectata aut non: sed neglecta. Si primo modo, maius est peccatum agere cum ratione erronea quam con-
512 2220 2240 2287 tra illam. Illa enim ignorantia in nullo excusat sed magis aggrauat. verbi gratia. Si quis credit esse suam quae
518 2266 2238 2340 ei supponitur & non est: sed procurauit se ignorare & probabiliter deberet non credere esse suam: magis
526 2324 2236 2402 peccat petenti reddendo debitum cum ratione erronea quam denegando. Si secundo modo, minus peccat agen-
530 2382 2238 2448 do cum ratione erronea quam contra eam, quia non peccat agendo cum ea nisi quantum meretur ipsa ignorantia. ver
533 2438 2242 2509 bi gratia. Siquis credat illam esse suam quae ei supponitur & non est: sed istam ignorantiam non habet nisi propter
534 2491 2237 2552 aliquam negligentiam modicam omittendo diligentiam quam debuit apposuisse inuestigando quae esset: iste ma
551 2545 2237 2618 gis peccaret denegando debitum petenti quam reddendo secundum erroneam rationem. PER hoc enim patent obie
558 2593 2237 2670 cta. Primum processit bene de ignorante erronea conscientia primo modo: quia ille omnino excusatur: & ter
566 2659 2240 2716 tio modo quia ille in parte excusatur. Sed de ignorante secundo modo nullo modo procedit quia ille in nullo ex
573 2712 2234 2783 cusatur. AD argumentum in oppositum quod magis est eligendum quod eligeret sapiens: & hoc est semper agere
581 2762 2235 2823 contra rationem erroneam: Dicendum quod verum est ab illo qui potest se conformare notitiae sapientis saltem cre
582 2816 2249 2875 dendo illi, non autem de illo qui semper tenet rationem contrariam, quia ille non reputat alium sapientem consulen
587 2870 2243 2937 tem contrarium: & ita contemneret sequendo ipsum vt fatuum contra illud quod credit rectam rationem.
862 2922 2240 2979 Equuntur quaestiones de homine. Et quaerebantur quaedam pertinentia ad singulos homines generaliter.
871 2980 2239 3035 Quaedam vero pertinentia ad homines constitutos in diuersis statibus ecclesiae specialiter.
887 3034 2236 3098 Circa primum quaerebatur vnum pertinens ad statum miseriae. Plura autem alia pertinentia ad statum
883 3089 2239 3150 culpae. De primo expediamus primo: quia est annexum quaestionibus praecedentibus de electione
881 3137 2238 3205 voluntati. Et est: vtrum magis eligendum est non esse omnino quammiserum esse. Quia melius sit non esse
882 3183 2236 3279 & magis eligendum quam miser esse, arguebatur per illud quod die de luda Matthaei. xx. Melius illi
