2309 3615
76 267 1806 347 Ethicorum. Temperantiam hoc appellamus nomine velut saluantem prudentiam. vbi temperantia sumitur
69 348 1812 405 communiter pro tribus virtutibus moralibus, vt dictum est. Et in fine sexti dicit. Malitia mentiri facit
78 393 1808 448 circa practica principia. excaecando enim intellectum facit videri contraria. Vnde. vii. Ethicorum. cap. xv.
76 449 1810 513 philosophus assignans differentiam inter incontinentem & intemperatum, dicit quod intemperatus non persuasus prosequi
83 503 1802 563 tur corporales delectationes. Incontinens prosequitur eas persuasus. Quia vt dicit ibi commentator, intempe-
86 554 1802 615 ratus aestimat bonum esse moechari. Et sequitur ibidem. Virtus & malitia principium: hoc quidem corrumpit:
86 603 1807 665 hoc autem saluat. Vnde habenti habitum malitiae videntur bona contraria principiis finalibus moralium. Vt
90 654 1803 714 ergo prudentia vniuersalium iam generata & perfecta retineat veram aestimationem principiorum, oportet
96 709 1800 770 quod sint omnes morales virtutes cum ipsa: quia vna deficiente, vt dictum est, a perfectione sua deficiunt aliae
95 763 1803 823 & omnibus deficientibus sequitur malitia, & deficit principium secundum analogiam defectus virtutis & au
94 817 1805 880 gmenti malitiae. Vnde cum primo acquiritur virtus moralis: quia oportet finem sibi praestitui: & hoc non po
94 864 1800 925 test facere virtus prudentiae acquisitae, neque vniuersalis, neque experimentalis, neque voluntas: quia non est
91 914 1808 989 per se principium actiuum nisi ratio praecedat demonstrans obiectum: oportet quod hoc faciat virtus naturalis
97 977 1807 1037 intellectus practici: quae ante omnis habitus qualencumque generationem habita notitia terminorum in operandis
93 1032 1810 1092 naturaliter concipit prima principia operandorum generalissima: quae sunt prima principia legis naturae.
100 1074 1812 1139 Quemadmondum intellectus speculatiuus in speculatis cognitis terminis concipit naturaliter prima
89 1124 1810 1196 principia speculandorum. Et est illa virtus naturalis, naturalis potentia intellectus practici: cui respon
89 1185 1804 1245 det potentia volitiua naturaliter tendens in bonum per cognitionem sibi praestitutum. Huic potentiae naturali pra
82 1233 1810 1287 ctici intellectus qua concipiuntur cognitis terminis prima principia finalia operandorum: in quae volun-
87 1284 1801 1346 tas fertur naturaliter: annexa est in bene natis potentia quaedam, quae est naturalis habilitas ex qua pron-
85 1337 1808 1406 pte inuenit particularia dirigenda in finem intentum & praestitutum, & vniuersaliter ad intentum conferentia. Et eam
83 1390 1807 1453 vocat philosophus Dinoticam. vi. Ethicorum. vbi dicit. Est vtique quaedam potentia quam vocant Dinoticam. Haec autem
87 1451 1799 1507 talis est, vt ad suppositam intentionem contendentia possit operari & fortiri ipsis. Est autem prudentia non po-
80 1495 1803 1557 tentia haec, sed non sine potentia hac. vbi dicit Commentator. Sed indiget hac potentia vt in ipsam supueniat
81 1547 1802 1611 sicut in subiectum receptiuum. Quoniam prudentia quidam habitus est ex multa experientia adueniens animae
92 1607 1802 1659 quae indiget dinotica potentia existente bonae natiuitatis: et ex natura adueniente ei quae in nobis rationi.
82 1650 1809 1721 Vnde in generatione prudentiae & habituum moralium: primum est ratio naturalis practica vniuersalium: quae
80 1705 1805 1760 antequam quicquid habitus habeatur cognitis terminis operandorum naturaliter concipit moralium prima prin
85 1757 1799 1823 cipia: quae sunt initium habitus prudentiae in ratione practica: ad quae statim prosequenda inclinatur naturaliter
88 1810 1802 1866 voluntas naturalis: & vult illa & concipit initia virtutum moralium in seipsa. Habilitatem vero natura-
81 1859 1796 1928 lem in voluntate ad inclinationem huiusmodi vocat philosophus virtutem naturalem moralem, sicut vocat Dino-
84 1916 1805 1983 tem prudentiam naturalem: secundum quod dicit in penultimo cap. vi. Ethicorum. Quemadmodum in opinatiuo
83 1971 1800 2027 duae sunt species, Dinotes & prudentia: sic in morali duae sunt species: haec quidem virtus naturalis:
82 2022 1806 2087 haec autem principalis: & harum principalis non sit sine prudentia: & tunc deinde Dinotes. Immo ratio pra
89 2079 1797 2137 ctica habilitate hac sibi naturali per appetitum & inclinationem voluntatis ad obtinendum intentum mota mo
85 2128 1799 2184 uetur ad determinandum voluntati operabilia particularia ad illa prosequendum: quam voluntas libere exequitur:
85 2180 1797 2244 ita quod per experientiam circa huiusmodi particularium determinationem augmentat in se ratio practica habitum pru
82 2235 1808 2291 dentiae: & eorum executione in se augmentat voluntas habitus virtutum moralium. ita quod semper naturaliter
84 2286 1809 2355 secundum analogiam habituum prius generatur prudentia vniversalis, & augmentatur ex experientia particularium in
92 2341 1803 2408 ratione quam virtus moralis ex operatione in voluntate. Sed ipsa generata in voluntate saluat, & firmat pru
89 2395 1799 2457 dentiam prius generatam in ratione, & mouet eam vlteriuns ad particularium determinationem: quibus
85 2448 1801 2512 amplius prosequatur intentum. Et sic semper secundum analogiam quousque habitus perficiantur ex parte rationis
94 2496 1802 2552 & voluntatis. Et per hunc modum prudentia vniuersalis comnexa est virtutibus moralibus: sine qua non ha
88 2547 1805 2603 bent fieri aut augmentari praestituendo eis fines. Virtus autem moralis quia pro quanto est generara firmat
86 2598 1805 2663 & conseruat prudentiam: ideo ipsa connexa est prudentiae vniuersali: quia vero etiam mouet rationem ad de
83 2655 1805 2713 terminationem particularium, est principium prudentiae experimentalis vel singularium, & connexa illi: quia vero
86 2708 1799 2777 prudentia experimentalis determinat operanda voluntati ad augmentum virtutum moralium, ex hoc prudent ia
89 2774 1810 2817 experimentalis comnexa est virtutibus moralibus: lta quod siquis aduertat, prudentia duplicem causalitatem
93 2806 1803 2878 & prioritatem habet circa morales virtutes. Vnam inquantum est vniuersalium, scilicet in praestituendo finem
92 2866 1805 2922 voluntati ad morales virtutes generandas. Et in hoc praecedit prudentia simpliciter natura morales vir
85 2915 1806 2973 tutes. De isto ordine talis prudentiae & comnexione eius ad morales virtutes modicum philosophus loquitur. Aliam
87 2967 1813 3034 vero causalitatem & prioritatem habet circa morales virtutes prudentia, inquantum est experimentalis ope
84 3017 1810 3080 randa eis determinando. & in hoc praecedit morales virtutes quo ad id quod generandum est de eis per huiusmodi
76 3076 1806 3153 operationes. De isto ordine talis prudentiae & connexione eius ad virtutes morales, loquitur philosophus
