2437 3772
551 294 2298 388 omnium illarum consummationem: in qua nihil omnino possunt habere commixtum de vitio. Qua-
546 374 2299 442 lem intendebant cum dicebant Stoici. Qui habet vnam habet omnes: & qui caret vna omnibus carere
548 435 2299 498 necesse est. Qui non ponebant virtutem esse virtutem nisi cum esset in summo, similiter neque vitium. Pro
547 489 2298 554 pter quod non solum virtutes necessario aequales esse dicebant: sed & vitia: cum tamen alii philosophi ponentes
558 543 2298 616 virtutes necessario connexas, vitia esse necessario paria: aut virtutes non ponebant. secundum quod dicit
552 597 2299 662 Augustinus de sententia lacobi. cap. iii. lllud de parilitate virtutum omnibus philosophis placuit. Hoc autem de
542 646 2298 724 parilitate vitiorum soli ausi sunt stoici disputare contra conmunem sensum generis humani. Simili-
543 710 2298 774 ter idem intellige de parilitate virtutum. Vnde contra parilitatem virtutum, & connexionem stoicorum.
547 765 2298 825 cap. v. dicit. Pudicitia coniugalis cum procul dubio virtus sit: non enim aut nihil aut vitium est: non
546 818 2297 880 tamen secum habet omnes virtutes. Nam si omnes esset, nuilum esset vitium, nullum omnino peccatum.
551 871 2298 943 quis autem sine aliquo peccato: Et sequitur cap. vii. Proinde mihi videntur stoici ideo falli qui proficien
552 928 2298 995 tem hominem nolunt omnino habere sapientiam: sed tunc habere cum in ea fuerit omnino perfectus. Sicut
548 983 2299 1052 enim nihil interest ad hominem praefocandum vtrum aquam stadiis multis super se habeat altam: an palmo
549 1034 2298 1105 vel digito: sic illos qui tendunt ad sapientiam: proficere quidem dicunt tamquam in imo gurgitis surgentes in
548 1096 2299 1162 aeris: sed nisi totam stultitiam velut opprimentem aquam proficiendo velut emergendo euaserint, non
546 1142 2295 1220 habere virtutem, nec esse sapientes. Vbi autem euaserint, mox habere totam: nec quicquam stultitiae remane
545 1203 2289 1269 re: vnde omnino nuilum peccatum possit existere. Cui similitudini Augustinus respondens, & eam de
535 1252 2297 1332 struens, ostendendo vera generationem sapientiae & habituum virtutis secundum modum praedeterminatum in
535 1316 2288 1393 quaestione proxima, subdit continuo dicens. Haec similitudo vbi stultitia velut aqua, & sapientia ve-
546 1363 2290 1435 lut aer ponitur, vt animus a praefocatione stultitiae tamquam emergens in sapientiam repente respiret: non mihi
550 1420 2295 1499 videtur satis accommoda nostrarum scripturarum auctoritati: sed illa potius vt vitium aut stultitia te-
537 1475 2292 1563 nebris: luci autem virtus vel sapientia comparetur: inquantum ista similia de corporalibus ad intelligibi-
535 1528 2298 1614 lia duci possunt. Non igitur sicut de aquis in aerem surgens, vbi earum summum transierit repente sapien-
535 1594 2284 1659 tia tamquam aere inspiratur: sed sicut de tenebris in lucem procedens, paulatim progrediendo illuminatur.
528 1645 2292 1718 Quid donec plenissime fiat: iam eum tamen dicimus tamquam de abditissima spelunca egredientem vicinia lucis ab
520 1710 2289 1779 flatum tanto magis quanto magis appropinquat egressui: vt illud quod in eo lucet sit vtique ex lumi-
529 1759 2287 1817 ne ad quod progreditur: illud autem quid adhuc obscurum est, sit ex tenebris vnde egreditur. Et induti sunt
521 1805 2283 1873 sancti iustitia alius magis alius minus: sed nulla pura: quia vt dicit, Non iustificabitur in conspe-
527 1864 2287 1942 ctu dei omnis viuens. Et tamen iustus ex fide viuit. Et sic in vita ista illa connexio per summam aequali-
515 1917 2290 1981 tatem in extremis virtutum: qualem posuerunt stoici: qui non posuerunt virtutes nisi extrema, & in
524 1972 2293 2047 indiuisibili, frustra expectatur. Vnde Augustinus virtutes morales reducens ad charitatem sine
528 2036 2285 2089 qua impossibile est eas persici, & in qua perficiuntur: quod non viderunt philosophi: dicit in cap. viii. Vt genera-
525 2086 2281 2164 liter breuiterque complectar quam de virtute habeam notionem quantum ad recte viuendum, virtus est
528 2142 2285 2200 charitas qua id quod diligendum est, diligitur. Haec in aliis maior, in aliis minor, in aliis nulla est. Plenissi-
515 2197 2287 2281 ma autem quae non potest augeri, quamdiu homo hic viuit in nemine: quamdiu autem augeri potest profecto id quod minus
524 2258 2299 2329 est quam debet ex vitio est. Ex quo vitio non est iustus in terra qui faciat bonum & non peccet. De eius vero con
517 2309 2279 2371 summatione dicit in fine, sexto cap. Quanto magis est in homine, tanto magis est virtute praeditus, quan-
527 2364 2282 2419 to autem minus tanto minus. Quia ipsa est virtus. Et quanto minus inest virtus, tanto magis inest vitium.
532 2417 2287 2476 Vbi ergo illa plena & perfecta fuerit: nihil ex vitio remanebit. Vnde quia Augustinus vidit virtu
522 2477 2293 2545 tes ad perfectam connexionem in aequalitate deduci non posse, nisi charitate inclinante ad finem vltimum
525 2525 2289 2601 quod est bonum separatum, a nobis non operabile, & ad operandum ad finem instigante: & hoc multo perfectius
521 2576 2292 2646 quam hoc secundum philosopum virtus prudentiae faciat: idcirco Augustinus connexionem omnium virtutum posuit
523 2638 2287 2697 in charitate, in libro de mo. ecclesiae. cap. xv. vbi sic dicit. Hominis summum bonum quo referenda sunt
526 2691 2282 2757 omnia, esse patuit nihil aliud quam ipsum deum cui est haerere beatissimum. Cui haerere certe non valemus.
522 2757 2280 2819 nisi dilectione, amore, charitate. Quia si virtus ad beatam vitam nos ducit: nihil omnino virtutem esse affir-
526 2801 2281 2878 mauerim nisi summum amorem dei. Nam illud quod quadripetita dicitur virtus, ab ipsius amore va-
527 2848 2284 2928 rio quodam affectu quantum intelligo dicitur. lllas vtique quatuor virtutes sic definire non dubitem: vt tem
526 2908 2283 2986 perantia sit amor integrum se praebens ei quid amatur. Fortitudo amor facile tolerans omnia propter id quid
526 2968 2288 3020 amatur. lustitia amor soli amato seruiens. Prudentia amor ea quibus adiuuatur ab eis quibus im-
539 3023 2290 3088 peditur sagaciter eligens &c. Secundum quod prolixe prosequitur per totum librum. PER iam dicta
534 3075 2286 3152 patent obiecta. Quod ergo primo arguitur quod non oportet virtutes esse connexas: quia aliquis potest
529 3129 2278 3182 exercitari circa materiam vnius virtutis, & non alterius: Dicendum quod verum est ad imperfectam
528 3181 2273 3258 earum generationem sub forma dispositionis: vt perseuerantiae vel continentiae. Ad generationem
533 3228 2280 3323 autem alicuius virtutis vt perueniat ad formam habitus, & mereatur dici virtus absolute: etsi non
