<?xml version="1.0" encoding="UTF-8" standalone="yes"?>
<PcGts xmlns="http://schema.primaresearch.org/PAGE/gts/pagecontent/2013-07-15" xmlns:xsi="http://www.w3.org/2001/XMLSchema-instance" xsi:schemaLocation="http://schema.primaresearch.org/PAGE/gts/pagecontent/2013-07-15 http://schema.primaresearch.org/PAGE/gts/pagecontent/2013-07-15/pagecontent.xsd">
    <Metadata>
        <Creator>prov=University of Rostock/Institute of Mathematics/CITlab|PLANET AI GmbH/Gundram Leifert/gundram.leifert@planet-ai.de:name=Badius1518-m5(htr_id=23184)::::v=2.6.6
prov=University of Rostock/Institute of Mathematics/CITlab|PLANET AI GmbH/Tobias Gruening/tobias.gruening@planet-ai.de:name=de.uros.citlab.module.baseline2polygon.B2PSeamMultiOriented:v=2.6.6
prov=University of Rostock/Institute of Mathematics/CITlab|PLANET AI GmbH/Tobias Gruening/tobias.gruening@planet-ai.de:name=/net_tf/LA73_249_0mod360.pb:de.uros.citlab.segmentation.CITlab_LA_ML:v=2.6.0
Transkribus</Creator>
        <Created>2019-12-09T23:47:23.692+01:00</Created>
        <LastChange>2020-04-22T17:13:43.708+02:00</LastChange>
        <TranskribusMetadata docId="291873" pageId="11634948" pageNr="427" tsid="28150571" status="IN_PROGRESS" userId="25065" imgUrl="https://files.transkribus.eu/Get?id=QYTYNTGVYWLJMRQEKADHGEPA&amp;fileType=view" xmlUrl="https://files.transkribus.eu/Get?id=FNSEFWYROUFGWEHXXLABJDHA" imageId="8013987"/>
    </Metadata>
    <Page imageFilename="426.jpg" imageWidth="2402" imageHeight="3725">
        <ReadingOrder>
            <OrderedGroup id="ro_1587600641881" caption="Regions reading order">
                <RegionRefIndexed index="0" regionRef="TextRegion_1582328998021_3313"/>
            </OrderedGroup>
        </ReadingOrder>
        <TextRegion orientation="0.0" id="TextRegion_1582328998021_3313" custom="readingOrder {index:0;}">
            <Coords points="137,320 1923,322 1923,3230 152,3235"/>
            <TextLine id="r4l2" custom="readingOrder {index:0;}">
                <Coords points="142,400 1934,393 1934,315 277,341 142,299"/>
                <Baseline points="154,378 242,375 330,373 419,371 507,370 596,369 684,368 773,368 861,368 950,368 1038,368 1126,368 1215,369 1303,369 1392,370 1480,370 1569,371 1657,371 1746,372 1834,372 1923,372"/>
                <TextEquiv>
                    <Unicode>in consummatione virtus perfecta non sufficit exercitari circa materiam vnius virtutis: sed oportet quod ex</Unicode>
                </TextEquiv>
            </TextLine>
            <TextLine id="r4l3" custom="readingOrder {index:1;}">
                <Coords points="149,440 1797,448 1928,439 1928,388 149,398"/>
                <Baseline points="160,432 247,430 335,428 423,427 511,426 599,425 687,424 774,424 862,423 950,423 1038,423 1126,424 1214,424 1302,424 1389,424 1477,425 1565,425 1653,425 1741,425 1829,425 1917,425"/>
                <TextEquiv>
                    <Unicode>ercitetur circa materias omnium: vt sicut ad esse alicuius virtutis in consummatione citra heroicam re</Unicode>
                </TextEquiv>
            </TextLine>
            <TextLine id="r4l4" custom="readingOrder {index:2;}">
                <Coords points="142,506 1800,502 1928,497 1928,439 142,444"/>
                <Baseline points="153,487 241,484 329,482 417,481 505,480 594,479 682,478 770,478 858,477 946,477 1035,478 1123,478 1211,478 1299,479 1387,479 1476,479 1564,479 1652,480 1740,480 1828,480 1917,479"/>
                <TextEquiv>
                    <Unicode>quiritur connexio aliarum ad eius fulcimentum vt dictum est: sic exercitium actionis circa materiam vnius</Unicode>
                </TextEquiv>
            </TextLine>
            <TextLine id="r4l5" custom="readingOrder {index:3;}">
                <Coords points="149,557 1808,559 1916,545 1916,490 149,509"/>
                <Baseline points="160,540 247,538 334,536 421,534 509,532 596,531 683,531 771,530 858,530 945,530 1033,530 1120,530 1207,531 1294,531 1382,532 1469,533 1556,533 1644,534 1731,535 1818,535 1906,535"/>
                <TextEquiv>
                    <Unicode>virtutis: vt perueniat ad perfectionem habitus: requirit simul exercitium actionis omnium aliarum. Sicut enim</Unicode>
                </TextEquiv>
            </TextLine>
            <TextLine id="r4l6" custom="readingOrder {index:4;}">
                <Coords points="145,617 1800,611 1917,600 1917,545 145,559"/>
                <Baseline points="155,594 242,592 330,590 417,588 505,587 592,586 680,585 767,585 855,585 942,585 1030,585 1118,585 1205,585 1293,585 1380,586 1468,586 1555,586 1643,587 1730,587 1818,587 1906,586"/>
                <TextEquiv>
                    <Unicode>vna virtus in fine non posset conseruari nisi fulciretur a qualibet earum eam praeseruante ab eis quae ad </Unicode>
                </TextEquiv>
            </TextLine>
            <TextLine id="r4l7" custom="readingOrder {index:5;}">
                <Coords points="154,659 1842,665 1922,603 154,608"/>
                <Baseline points="164,648 251,646 338,644 426,642 513,641 600,640 688,640 775,639 862,639 950,639 1037,639 1124,639 1212,639 1299,640 1386,640 1474,640 1561,641 1648,641 1736,641 1823,641 1911,641"/>
                <TextEquiv>
                    <Unicode>virtutes alias pertinent: &amp; voluntatem retrahere aut deiicere possunt a fine ipsius: sic exercitium circa</Unicode>
                </TextEquiv>
            </TextLine>
            <TextLine id="r4l8" custom="readingOrder {index:6;}">
                <Coords points="147,721 1842,719 1917,659 147,661"/>
                <Baseline points="158,701 245,698 332,697 420,696 507,694 595,694 682,693 770,693 857,692 945,692 1032,692 1119,693 1207,693 1294,693 1382,693 1469,694 1557,694 1644,694 1732,695 1819,695 1907,694"/>
                <TextEquiv>
                    <Unicode>suam materiam vt generetur requirit simul exercitium aliarum quo impedimenta illa repelluntur quae im</Unicode>
                </TextEquiv>
            </TextLine>
            <TextLine id="r4l9" custom="readingOrder {index:7;}">
                <Coords points="146,778 1919,757 1887,704 146,721"/>
                <Baseline points="158,755 245,752 332,750 420,749 507,748 595,747 682,746 770,746 857,745 945,745 1032,745 1119,745 1207,745 1294,746 1382,746 1469,746 1557,746 1644,746 1732,745 1819,745 1907,744"/>
                <TextEquiv>
                    <Unicode>pedirent exercitium illud ad generationem perfectae virtutis procedere. Et ita licet homo possit exerci-</Unicode>
                </TextEquiv>
            </TextLine>
            <TextLine id="r4l10" custom="readingOrder {index:8;}">
                <Coords points="146,816 1907,817 1921,757 146,778"/>
                <Baseline points="158,810 245,808 333,805 420,804 508,802 596,801 683,800 771,800 858,800 946,800 1034,800 1121,800 1209,800 1296,801 1384,801 1472,801 1559,801 1647,801 1734,801 1822,800 1910,799"/>
                <TextEquiv>
                    <Unicode>tari circa materiam vnius virtutis tantum: vt generetur in eo dispositio perseuerantiae aut continentiae ad il-</Unicode>
                </TextEquiv>
            </TextLine>
            <TextLine id="r4l11" custom="readingOrder {index:9;}">
                <Coords points="148,880 1916,864 1916,820 1772,810 148,816"/>
                <Baseline points="159,863 246,861 333,858 420,857 508,855 595,854 682,854 770,853 857,853 944,853 1032,854 1119,854 1206,854 1293,855 1381,855 1468,855 1555,855 1643,855 1730,854 1817,853 1905,852"/>
                <TextEquiv>
                    <Unicode>lam: ad hoc tamen vt generetur perfectus habitus secundum illam necesse est vt ad generationem eius exer-</Unicode>
                </TextEquiv>
            </TextLine>
            <TextLine id="r4l12" custom="readingOrder {index:10;}">
                <Coords points="147,942 1908,928 1923,864 146,880"/>
                <Baseline points="157,917 244,915 332,913 420,911 508,909 596,908 683,908 771,907 859,907 947,907 1035,907 1122,907 1210,907 1298,907 1386,908 1474,908 1561,908 1649,908 1737,908 1825,908 1913,908"/>
                <TextEquiv>
                    <Unicode>citetur simul circa materias omnium virtutum, licet non simul incipiat circa singulas. Quia si procedat &amp;</Unicode>
                </TextEquiv>
            </TextLine>
            <TextLine id="r4l13" custom="readingOrder {index:11;}">
                <Coords points="149,986 1850,979 1917,972 1917,919 149,940"/>
                <Baseline points="160,970 247,968 334,966 421,965 509,963 596,962 683,962 770,961 858,961 945,961 1032,961 1119,961 1207,961 1294,962 1381,962 1468,962 1556,962 1643,962 1730,961 1817,961 1905,960"/>
                <TextEquiv>
                    <Unicode>proficiat circumquaque, omnes habitus perfecte acquiret, licet non aeque primo. Sed necesse est vt simul ha</Unicode>
                </TextEquiv>
            </TextLine>
            <TextLine id="r4l14" custom="readingOrder {index:12;}">
                <Coords points="153,1039 1724,1038 1923,1024 1923,971 153,986"/>
                <Baseline points="165,1023 252,1021 339,1019 426,1018 514,1017 601,1016 688,1016 776,1015 863,1015 950,1015 1038,1015 1125,1015 1212,1015 1299,1016 1387,1016 1474,1016 1561,1016 1649,1016 1736,1015 1823,1015 1911,1014"/>
                <TextEquiv>
                    <Unicode>beat eos acquisitos: antequam aliquis illorum perueniat ad perfectionem consummatam citra heroicam. Est etiam</Unicode>
                </TextEquiv>
            </TextLine>
            <TextLine id="r4l15" custom="readingOrder {index:13;}">
                <Coords points="159,1099 1763,1093 1916,1079 1916,1024 159,1044"/>
                <Baseline points="170,1077 256,1075 343,1073 430,1072 517,1071 603,1070 690,1069 777,1068 864,1068 950,1068 1037,1068 1124,1068 1211,1068 1297,1068 1384,1068 1471,1068 1558,1068 1644,1068 1731,1068 1818,1067 1905,1066"/>
                <TextEquiv>
                    <Unicode>possibile vt simul incipiat exercitari circa materias omnium: &amp; simul vel quasi intra breue tempus inter</Unicode>
                </TextEquiv>
            </TextLine>
            <TextLine id="r4l16" custom="readingOrder {index:14;}">
                <Coords points="155,1154 1898,1143 1918,1079 155,1099"/>
                <Baseline points="166,1131 253,1129 340,1127 427,1126 514,1124 601,1123 688,1123 775,1122 862,1122 949,1122 1036,1122 1123,1122 1210,1122 1297,1122 1384,1122 1471,1122 1558,1122 1645,1122 1732,1121 1819,1121 1907,1120"/>
                <TextEquiv>
                    <Unicode>perfectam generationem primae &amp; vltimae simul omnes habeat acquisitos. Possibile est etiam, quod habeatur eas in </Unicode>
                </TextEquiv>
            </TextLine>
            <TextLine id="r4l17" custom="readingOrder {index:15;}">
                <Coords points="146,1190 1913,1195 1913,1142 145,1154"/>
                <Baseline points="156,1186 243,1183 330,1181 418,1179 505,1178 592,1177 680,1176 767,1176 854,1175 942,1175 1029,1175 1116,1175 1204,1176 1291,1176 1378,1176 1466,1176 1553,1176 1640,1176 1728,1176 1815,1176 1903,1175"/>
                <TextEquiv>
                    <Unicode>omnimoda aequalitate: sed hoc non est necesse. Si vero vna earum fuerit generata absque aliis (dico de mora</Unicode>
                </TextEquiv>
            </TextLine>
            <TextLine id="r4l18" custom="readingOrder {index:16;}">
                <Coords points="145,1254 1920,1249 1875,1185 145,1190"/>
                <Baseline points="156,1238 243,1235 331,1233 418,1232 506,1230 594,1229 681,1229 769,1228 857,1228 944,1228 1032,1228 1120,1229 1207,1229 1295,1229 1383,1229 1470,1229 1558,1229 1646,1229 1733,1229 1821,1228 1909,1227"/>
                <TextEquiv>
                    <Unicode>libus: quia sine prudentia prius generata saltem natura nulla alia potest generari vt dictum est) diu persiste</Unicode>
                </TextEquiv>
            </TextLine>
            <TextLine id="r4l19" custom="readingOrder {index:17;}">
                <Coords points="140,1301 1848,1302 1903,1246 140,1254"/>
                <Baseline points="150,1293 237,1290 324,1287 411,1285 498,1283 585,1282 672,1281 759,1281 846,1281 933,1281 1020,1281 1107,1281 1194,1282 1281,1282 1368,1283 1455,1283 1542,1284 1629,1284 1716,1284 1803,1284 1891,1283"/>
                <TextEquiv>
                    <Unicode>re non potest absque aliis eam fulcientibus propter impedimenta occurrentia circa materias aliarum vt dictum est.</Unicode>
                </TextEquiv>
            </TextLine>
            <TextLine id="r4l20" custom="readingOrder {index:18;}">
                <Coords points="473,1346 1814,1362 1911,1346 1912,1291 473,1293"/>
                <Baseline points="485,1338 555,1337 626,1336 697,1335 768,1334 839,1334 909,1334 980,1334 1051,1334 1122,1335 1193,1335 1263,1336 1334,1336 1405,1337 1476,1337 1547,1337 1617,1338 1688,1338 1759,1337 1830,1337 1901,1336"/>
                <TextEquiv>
                    <Unicode>lrca tertium arguitur quod habitus generatus non possit corrumpi: quia si corrumperetur</Unicode>
                </TextEquiv>
            </TextLine>
            <TextLine id="r4l21" custom="readingOrder {index:19;}">
                <Coords points="485,1406 1859,1410 1905,1346 485,1347"/>
                <Baseline points="495,1389 568,1388 642,1388 715,1387 789,1387 863,1386 936,1386 1010,1386 1084,1387 1157,1387 1231,1387 1304,1388 1378,1388 1452,1389 1525,1389 1599,1390 1673,1390 1746,1391 1820,1391 1894,1391"/>
                <TextEquiv>
                    <Unicode>hoc non esset nisi aut propter defectum subiecti: quid non potest esse: quia anima ratio</Unicode>
                </TextEquiv>
            </TextLine>
            <TextLine id="r4l22" custom="readingOrder {index:20;}">
                <Coords points="484,1452 1871,1466 1918,1399 484,1406"/>
                <Baseline points="496,1443 566,1442 637,1441 707,1441 778,1441 848,1440 919,1441 989,1441 1060,1441 1130,1441 1201,1442 1271,1442 1342,1442 1412,1443 1483,1443 1553,1443 1624,1443 1694,1443 1765,1443 1835,1443 1906,1443"/>
                <TextEquiv>
                    <Unicode>nalis quae est subiectum habituum, incorruptibilis est. Aut propter contrarium: quid </Unicode>
                </TextEquiv>
            </TextLine>
            <TextLine id="r4l23" custom="readingOrder {index:21;}">
                <Coords points="478,1503 1907,1514 1891,1452 478,1452"/>
                <Baseline points="489,1495 559,1495 629,1495 700,1495 770,1495 840,1495 911,1495 981,1495 1051,1495 1122,1495 1192,1495 1262,1495 1333,1496 1403,1496 1473,1496 1544,1496 1614,1496 1684,1497 1755,1497 1825,1497 1896,1497"/>
                <TextEquiv>
                    <Unicode>similiter non potest esse: quia non habent contrarium: vitium enim &amp; ignorantia pri-</Unicode>
                </TextEquiv>
            </TextLine>
            <TextLine id="r4l24" custom="readingOrder {index:22;}">
                <Coords points="484,1573 1913,1559 1913,1519 1802,1505 484,1507"/>
                <Baseline points="495,1550 565,1550 635,1549 706,1548 776,1548 847,1548 917,1548 987,1547 1058,1547 1128,1547 1199,1547 1269,1548 1339,1548 1410,1548 1480,1548 1551,1549 1621,1549 1691,1549 1762,1549 1832,1550 1903,1550"/>
                <TextEquiv>
                    <Unicode>uationes sunt: quae opponuntur habitibus intellectualibus &amp; moralibus. Aut propter</Unicode>
                </TextEquiv>
            </TextLine>
            <TextLine id="r4l25" custom="readingOrder {index:23;}">
                <Coords points="456,1622 1914,1621 1914,1559 456,1553"/>
                <Baseline points="467,1605 538,1604 610,1603 682,1602 754,1602 826,1602 898,1602 969,1602 1041,1602 1113,1602 1185,1602 1257,1602 1329,1603 1401,1603 1472,1603 1544,1603 1616,1603 1688,1603 1760,1602 1832,1602 1904,1601"/>
                <TextEquiv>
                    <Unicode>actuum cessationem. Quid etiam non potest esse: quia corruptio transmutatio quaedam </Unicode>
                </TextEquiv>
            </TextLine>
            <TextLine id="r4l26" custom="readingOrder {index:24;}">
                <Coords points="146,1670 1810,1677 1907,1670 1907,1611 146,1633"/>
                <Baseline points="157,1660 233,1659 515,1658 592,1657 668,1657 745,1656 822,1656 898,1656 975,1655 1052,1655 1129,1656 1205,1656 1282,1656 1359,1656 1435,1656 1512,1656 1589,1657 1665,1657 1742,1657 1819,1657 1896,1657"/>
                <TextEquiv>
                    <Unicode>est: quae non sit nisi per agens aliquid: et cessatio actio non est: &amp; ipsa nihil agit. ergo &amp;c. CONtra. in li-</Unicode>
                </TextEquiv>
            </TextLine>
            <TextLine id="r4l28" custom="readingOrder {index:25;}">
                <Coords points="139,1734 1896,1730 1911,1666 139,1670"/>
                <Baseline points="150,1718 237,1716 325,1714 412,1713 500,1712 587,1711 675,1710 762,1710 850,1709 937,1709 1025,1709 1113,1709 1200,1709 1288,1709 1375,1709 1463,1709 1550,1709 1638,1709 1725,1709 1813,1709 1901,1709"/>
                <TextEquiv>
                    <Unicode>bro de longitudine &amp; breuitate vitae dicit philosophus. Corruptio scientiae non solum est deceptio: sed obli</Unicode>
                </TextEquiv>
            </TextLine>
            <TextLine id="r4l29" custom="readingOrder {index:26;}">
                <Coords points="146,1785 1916,1770 1915,1719 1838,1717 146,1732"/>
                <Baseline points="156,1772 243,1770 330,1768 418,1767 505,1766 593,1765 680,1764 768,1763 855,1763 943,1763 1030,1763 1117,1763 1205,1763 1292,1763 1380,1763 1467,1763 1555,1763 1642,1763 1730,1763 1817,1763 1905,1763"/>
                <TextEquiv>
                    <Unicode>uio: quae non est nisi cessatio. ergo potest corrumpi ex sola cessatione. DIcendum ad hoc: quod praeter origi-</Unicode>
                </TextEquiv>
            </TextLine>
            <TextLine id="r4l30" custom="readingOrder {index:27;}">
                <Coords points="142,1838 1901,1838 1916,1770 142,1785"/>
                <Baseline points="152,1824 239,1823 327,1821 414,1820 502,1819 590,1818 677,1817 765,1817 853,1817 940,1816 1028,1816 1116,1816 1203,1816 1291,1817 1379,1817 1466,1817 1554,1817 1642,1817 1729,1817 1817,1818 1905,1818"/>
                <TextEquiv>
                    <Unicode>nalem corruptionem qua omne quod est in creaturis corruptibile est &amp; cadit in nihilum nisi manu diuinae </Unicode>
                </TextEquiv>
            </TextLine>
            <TextLine id="r4l31" custom="readingOrder {index:28;}">
                <Coords points="142,1900 1720,1892 1912,1880 1912,1838 142,1845"/>
                <Baseline points="154,1878 241,1876 328,1875 416,1874 503,1873 590,1872 678,1871 765,1871 852,1870 940,1870 1027,1870 1114,1870 1202,1870 1289,1870 1376,1870 1464,1871 1551,1871 1638,1871 1726,1871 1813,1871 1901,1871"/>
                <TextEquiv>
                    <Unicode>potentiae conseruetur in esse: qua habitus inquantum sunt aliquid creaturae corruptibiles sunt sicut &amp; alia: </Unicode>
                </TextEquiv>
            </TextLine>
            <TextLine id="r4l32" custom="readingOrder {index:29;}">
                <Coords points="145,1949 1785,1949 1915,1933 1915,1880 145,1900"/>
                <Baseline points="156,1932 243,1930 330,1929 418,1927 505,1927 593,1926 680,1925 767,1924 855,1924 942,1924 1030,1923 1117,1923 1204,1923 1292,1923 1379,1923 1467,1923 1554,1923 1641,1923 1729,1923 1816,1923 1904,1923"/>
                <TextEquiv>
                    <Unicode>&amp; similiter praeter corruptionem qua necesse est eos corrumpi ad corruptionem subiecti: dicente philoso</Unicode>
                </TextEquiv>
            </TextLine>
            <TextLine id="r4l33" custom="readingOrder {index:30;}">
                <Coords points="148,2002 1853,2006 1913,1933 147,1953"/>
                <Baseline points="158,1986 245,1984 332,1982 419,1981 507,1980 594,1979 681,1978 768,1977 856,1977 943,1977 1030,1977 1117,1977 1205,1977 1292,1977 1379,1977 1466,1977 1554,1978 1641,1978 1728,1978 1815,1978 1903,1978"/>
                <TextEquiv>
                    <Unicode>pho. Corruptis nobis necesse est corrumpi ea quae in nobis sunt: vnde manente subiecto incorrupti</Unicode>
                </TextEquiv>
            </TextLine>
            <TextLine id="r4l34" custom="readingOrder {index:31;}">
                <Coords points="140,2055 1775,2051 1912,2044 1912,1991 140,2002"/>
                <Baseline points="151,2038 238,2037 326,2035 413,2034 501,2033 588,2033 676,2032 763,2032 851,2031 938,2031 1026,2031 1114,2031 1201,2031 1289,2031 1376,2031 1464,2031 1551,2031 1639,2032 1726,2032 1814,2032 1902,2032"/>
                <TextEquiv>
                    <Unicode>bili tali corruptione, incorruptum manet quicquid est in ipso: &amp; similiter praeter corruptionem or-</Unicode>
                </TextEquiv>
            </TextLine>
            <TextLine id="r4l35" custom="readingOrder {index:32;}">
                <Coords points="146,2117 1794,2109 1916,2100 1916,2040 146,2059"/>
                <Baseline points="158,2090 245,2090 332,2089 420,2088 507,2088 594,2087 682,2086 769,2086 856,2086 944,2085 1031,2085 1118,2085 1206,2084 1293,2084 1380,2084 1468,2084 1555,2084 1642,2084 1730,2085 1817,2085 1905,2085"/>
                <TextEquiv>
                    <Unicode>ganorum &amp; virium sensitiuarum: a quibus dependet actio intellectualis: vt eis corruptis necesse sit intelle</Unicode>
                </TextEquiv>
            </TextLine>
            <TextLine id="r4l36" custom="readingOrder {index:33;}">
                <Coords points="146,2164 1910,2155 1859,2094 146,2115"/>
                <Baseline points="157,2146 244,2144 331,2142 418,2141 505,2140 592,2139 679,2139 766,2138 853,2138 940,2138 1028,2138 1115,2138 1202,2138 1289,2138 1376,2139 1463,2139 1550,2139 1637,2139 1724,2139 1811,2139 1899,2139"/>
                <TextEquiv>
                    <Unicode>ctualem &amp; per consequens voluntariam operationem deficere: &amp; sic habitum corrumpi vt dicetur: est alia</Unicode>
                </TextEquiv>
            </TextLine>
            <TextLine id="r4l37" custom="readingOrder {index:34;}">
                <Coords points="147,2214 1838,2212 1915,2156 147,2164"/>
                <Baseline points="159,2198 246,2197 333,2196 420,2195 508,2194 595,2193 682,2193 769,2192 857,2192 944,2192 1031,2192 1118,2192 1206,2192 1293,2192 1380,2192 1467,2193 1555,2193 1642,2193 1729,2193 1816,2194 1904,2194"/>
                <TextEquiv>
                    <Unicode>corruptio eorum naturalis vel modo naturali, sicut est eorum contraria generatio. Cuius causa &amp; mo</Unicode>
                </TextEquiv>
            </TextLine>
            <TextLine id="r4l38" custom="readingOrder {index:35;}">
                <Coords points="148,2268 1911,2267 1911,2207 148,2217"/>
                <Baseline points="159,2252 246,2251 333,2249 420,2249 507,2248 594,2247 681,2246 768,2246 855,2246 942,2246 1030,2245 1117,2245 1204,2245 1291,2246 1378,2246 1465,2246 1552,2246 1639,2247 1726,2247 1813,2247 1901,2248"/>
                <TextEquiv>
                    <Unicode>dus quia latet propter difficultates inductas in obiectis, ideo de tali corruptione quaestio proposita est.</Unicode>
                </TextEquiv>
            </TextLine>
            <TextLine id="r4l39" custom="readingOrder {index:36;}">
                <Coords points="139,2321 1920,2309 1858,2254 139,2268"/>
                <Baseline points="149,2305 237,2304 325,2302 413,2301 501,2301 589,2300 677,2299 765,2299 853,2299 941,2299 1029,2299 1117,2299 1205,2299 1293,2299 1381,2299 1469,2299 1557,2300 1645,2300 1733,2300 1821,2300 1909,2299"/>
                <TextEquiv>
                    <Unicode>non quin sit certum habitus posse corrumpi: quia hoc continue experimur in nobis: &amp; hoc omnes clamant</Unicode>
                </TextEquiv>
            </TextLine>
            <TextLine id="r4l40" custom="readingOrder {index:37;}">
                <Coords points="148,2374 1803,2378 1913,2367 1913,2309 148,2325"/>
                <Baseline points="159,2359 246,2358 333,2357 420,2356 507,2355 595,2354 682,2354 769,2353 856,2353 943,2353 1031,2353 1118,2353 1205,2352 1292,2352 1379,2353 1467,2353 1554,2353 1641,2353 1728,2353 1815,2353 1903,2353"/>
                <TextEquiv>
                    <Unicode>&amp; dicunt: sed vt modus corruptionis &amp; causa corrumpens explicentur. Et quia illa vt dictum est non potest</Unicode>
                </TextEquiv>
            </TextLine>
            <TextLine id="r4l41" custom="readingOrder {index:38;}">
                <Coords points="147,2429 1910,2430 1861,2361 147,2374"/>
                <Baseline points="157,2412 244,2411 331,2410 418,2409 505,2409 592,2408 679,2408 766,2407 853,2407 940,2407 1027,2406 1114,2406 1201,2406 1288,2406 1375,2406 1462,2406 1549,2407 1636,2407 1723,2407 1810,2408 1898,2408"/>
                <TextEquiv>
                    <Unicode>sumi ex parte dei neque ex parte subiecti: quia illa sunt causae corrumpentes alio modo &amp; aliae quam hic sunt quaesitae</Unicode>
                </TextEquiv>
            </TextLine>
            <TextLine id="r4l42" custom="readingOrder {index:39;}">
                <Coords points="148,2480 1754,2485 1911,2469 1911,2427 148,2435"/>
                <Baseline points="159,2467 246,2466 333,2465 420,2464 507,2463 594,2462 681,2462 768,2461 855,2461 942,2461 1029,2460 1116,2460 1203,2460 1290,2460 1377,2460 1464,2460 1551,2460 1638,2460 1725,2460 1812,2460 1900,2460"/>
                <TextEquiv>
                    <Unicode>vt dictum est: oportet igitur quod aut ipse habitus seipsum corrumpat: aut quod sit aliquid aliud quod efficienter vel de- </Unicode>
                </TextEquiv>
            </TextLine>
            <TextLine id="r4l43" custom="readingOrder {index:40;}">
                <Coords points="146,2546 1874,2529 1918,2471 146,2482"/>
                <Baseline points="156,2520 243,2519 331,2518 418,2517 506,2516 594,2515 681,2515 769,2514 856,2514 944,2514 1032,2514 1119,2514 1207,2514 1294,2514 1382,2514 1470,2514 1557,2514 1645,2514 1732,2514 1820,2514 1908,2514"/>
                <TextEquiv>
                    <Unicode>ficienter ipsum corrumpat: non ipse seipsum: quia seipsum vnumquodque naturaliter saluat. Habitus etiam non</Unicode>
                </TextEquiv>
            </TextLine>
            <TextLine id="r4l44" custom="readingOrder {index:41;}">
                <Coords points="141,2580 1677,2593 1918,2577 1918,2519 141,2546"/>
                <Baseline points="153,2571 240,2571 328,2570 415,2570 503,2569 591,2569 678,2569 766,2569 854,2569 941,2568 1029,2568 1117,2568 1204,2568 1292,2568 1380,2568 1467,2568 1555,2568 1643,2568 1730,2568 1818,2568 1906,2568"/>
                <TextEquiv>
                    <Unicode>est nisi accidens: &amp; ita non habens nisi naturalem potentiam: quia non est nisi ad actus consimiles illis a quibus</Unicode>
                </TextEquiv>
            </TextLine>
            <TextLine id="r4l45" custom="readingOrder {index:42;}">
                <Coords points="146,2637 1657,2650 1891,2639 1918,2577 145,2582"/>
                <Baseline points="157,2625 244,2625 332,2624 419,2624 507,2623 594,2623 682,2622 769,2622 857,2622 944,2622 1032,2622 1119,2622 1207,2622 1294,2622 1382,2622 1469,2622 1557,2622 1644,2622 1732,2622 1819,2622 1907,2621"/>
                <TextEquiv>
                    <Unicode>habent generari: &amp; per quos etiam habent saluari. secundum philosophum secundo Ethicorum. Corrumpens ergo habi</Unicode>
                </TextEquiv>
            </TextLine>
            <TextLine id="r4l46" custom="readingOrder {index:43;}">
                <Coords points="148,2697 1794,2690 1909,2685 1909,2634 148,2637"/>
                <Baseline points="159,2679 246,2678 333,2677 420,2677 507,2677 594,2676 681,2676 768,2676 855,2676 942,2676 1029,2676 1116,2676 1203,2676 1290,2676 1377,2676 1464,2676 1551,2676 1638,2675 1725,2675 1812,2675 1899,2674"/>
                <TextEquiv>
                    <Unicode>tum aliud est a subiecto &amp; habitu &amp; aliis supra tactis. Et quia corrumpens naturaliter: &amp; id quid debet cor</Unicode>
                </TextEquiv>
            </TextLine>
            <TextLine id="r4l47" custom="readingOrder {index:44;}">
                <Coords points="148,2746 1828,2753 1912,2742 1912,2684 148,2697"/>
                <Baseline points="159,2732 246,2731 333,2730 420,2730 507,2730 594,2729 681,2729 768,2729 855,2729 942,2729 1030,2729 1117,2729 1204,2729 1291,2730 1378,2730 1465,2730 1552,2729 1639,2729 1726,2729 1813,2729 1901,2728"/>
                <TextEquiv>
                    <Unicode>rumpi oportet esse simul, oportet igitur quod sit aliquid simul existens in subiecto cum ipso habitu: secundum quod agentia</Unicode>
                </TextEquiv>
            </TextLine>
            <TextLine id="r4l48" custom="readingOrder {index:45;}">
                <Coords points="154,2796 1846,2801 1921,2743 154,2748"/>
                <Baseline points="165,2786 252,2785 339,2784 426,2784 514,2783 601,2783 688,2783 775,2783 863,2783 950,2783 1037,2784 1124,2784 1212,2784 1299,2784 1386,2784 1473,2784 1561,2784 1648,2783 1735,2782 1822,2781 1910,2780"/>
                <TextEquiv>
                    <Unicode>&amp; patientia oportet esse simul: &amp; vnum alteri succedere in eodem subiecto: &amp; quod ex eo ipsum corrumpit, quod ipsum </Unicode>
                </TextEquiv>
            </TextLine>
            <TextLine id="r4l49" custom="readingOrder {index:46;}">
                <Coords points="148,2852 1918,2856 1883,2789 148,2794"/>
                <Baseline points="159,2840 246,2839 333,2838 421,2837 508,2837 596,2837 683,2836 771,2836 858,2837 946,2837 1033,2837 1120,2837 1208,2837 1295,2837 1383,2837 1470,2837 1558,2837 1645,2836 1733,2836 1820,2835 1908,2833"/>
                <TextEquiv>
                    <Unicode>secum non compatitur. lllud autem non contingit: nisi per aliquam naturalem contrarietatem. Oportet igitur quod illud sit</Unicode>
                </TextEquiv>
            </TextLine>
            <TextLine id="r4l50" custom="readingOrder {index:47;}">
                <Coords points="149,2909 1786,2914 1910,2899 1910,2850 149,2854"/>
                <Baseline points="160,2892 251,2891 343,2891 434,2890 526,2890 617,2890 709,2890 800,2890 892,2891 983,2891 1075,2891 1166,2891 1258,2891 1349,2891 1441,2891 1532,2891 1624,2890 1715,2889 1807,2888 1899,2887"/>
                <TextEquiv>
                    <Unicode>habens aliquam ad habitum contrarietatem. Contrarietatem autem aliquid potest habere ad aliud: vt per hoc</Unicode>
                </TextEquiv>
            </TextLine>
            <TextLine id="r4l51" custom="readingOrder {index:48;}">
                <Coords points="153,2967 1855,2961 1914,2899 153,2916"/>
                <Baseline points="164,2946 255,2945 347,2944 438,2944 530,2944 621,2944 713,2944 804,2944 896,2944 987,2945 1079,2945 1170,2945 1262,2945 1353,2945 1445,2945 1536,2944 1628,2944 1719,2943 1811,2942 1903,2940"/>
                <TextEquiv>
                    <Unicode>quod sit principium corruptiuum eius dupliciter, vel per se &amp; immediate, vel per accidens &amp; mediate. Primo modo non</Unicode>
                </TextEquiv>
            </TextLine>
            <TextLine id="r4l52" custom="readingOrder {index:49;}">
                <Coords points="150,3009 1916,3007 1915,2952 150,2967"/>
                <Baseline points="160,2999 247,2999 334,2999 421,2999 508,2999 596,2999 683,2999 770,2999 857,2999 944,2999 1032,2999 1119,2999 1206,2999 1293,2999 1380,2998 1468,2998 1555,2997 1642,2997 1729,2996 1816,2995 1904,2994"/>
                <TextEquiv>
                    <Unicode>est contrarietas, proprie nisi in naturaliter actiuis mutuo communicantibus, vt sunt calidum &amp; frigidum: ad </Unicode>
                </TextEquiv>
            </TextLine>
            <TextLine id="r4l53" custom="readingOrder {index:50;}">
                <Coords points="159,3077 1891,3064 1909,3006 159,3020"/>
                <Baseline points="170,3053 256,3053 342,3052 429,3052 515,3052 602,3052 688,3052 775,3052 861,3052 948,3053 1034,3053 1120,3053 1207,3053 1293,3053 1380,3052 1466,3052 1553,3052 1639,3051 1726,3050 1812,3049 1899,3048"/>
                <TextEquiv>
                    <Unicode>quorum contrarietatem reducitur contrarietas omnis alia naturalis: sicut habet declarari in naturalibus. Secundo </Unicode>
                </TextEquiv>
            </TextLine>
            <TextLine id="r4l54" custom="readingOrder {index:51;}">
                <Coords points="157,3128 1862,3129 1924,3122 1924,3058 156,3066"/>
                <Baseline points="168,3107 255,3107 342,3107 429,3107 517,3107 604,3107 691,3107 779,3106 866,3106 953,3106 1041,3106 1128,3106 1215,3106 1302,3106 1390,3105 1477,3105 1564,3105 1652,3105 1739,3104 1826,3104 1914,3103"/>
                <TextEquiv>
                    <Unicode>modo contrariatur alteri vt effectui id quod per se contrariatur suae causae: sicut calidum contrariatur albedini quae </Unicode>
                </TextEquiv>
            </TextLine>
            <TextLine id="r4l56" custom="readingOrder {index:52;}">
                <Coords points="152,3170 1920,3169 1887,3112 152,3122"/>
                <Baseline points="162,3161 249,3161 336,3161 424,3161 511,3161 598,3161 686,3161 773,3161 860,3161 948,3161 1035,3161 1122,3161 1210,3160 1297,3160 1384,3160 1472,3160 1559,3159 1646,3159 1734,3158 1821,3158 1909,3157"/>
                <TextEquiv>
                    <Unicode>a frigiditate est generata: &amp; vniuersaliter generatum per vnum contrariorum contrariatur ei quid generatum est</Unicode>
                </TextEquiv>
            </TextLine>
            <TextLine id="line_1582329096603_3340" custom="readingOrder {index:53;}">
                <Coords points="153,3239 1834,3253 1923,3171 153,3181"/>
                <Baseline points="164,3216 189,3216 280,3217 370,3217 461,3217 552,3217 642,3217 733,3217 823,3217 914,3216 1005,3216 1095,3216 1186,3216 1276,3215 1367,3215 1458,3215 1548,3214 1639,3214 1729,3214 1820,3214 1911,3214"/>
                <TextEquiv>
                    <Unicode>per alterum. PRImo modo habitus vt habitus non habet contrarium, quod ergo habitus corrumpatur, hoc fit</Unicode>
                </TextEquiv>
            </TextLine>
            <TextEquiv>
                <Unicode>in consummatione virtus perfecta non sufficit exercitari circa materiam vnius virtutis: sed oportet quod ex
ercitetur circa materias omnium: vt sicut ad esse alicuius virtutis in consummatione citra heroicam re
quiritur connexio aliarum ad eius fulcimentum vt dictum est: sic exercitium actionis circa materiam vnius
virtutis: vt perueniat ad perfectionem habitus: requirit simul exercitium actionis omnium aliarum. Sicut enim
vna virtus in fine non posset conseruari nisi fulciretur a qualibet earum eam praeseruante ab eis quae ad 
virtutes alias pertinent: &amp; voluntatem retrahere aut deiicere possunt a fine ipsius: sic exercitium circa
suam materiam vt generetur requirit simul exercitium aliarum quo impedimenta illa repelluntur quae im
pedirent exercitium illud ad generationem perfectae virtutis procedere. Et ita licet homo possit exerci-
tari circa materiam vnius virtutis tantum: vt generetur in eo dispositio perseuerantiae aut continentiae ad il-
lam: ad hoc tamen vt generetur perfectus habitus secundum illam necesse est vt ad generationem eius exer-
citetur simul circa materias omnium virtutum, licet non simul incipiat circa singulas. Quia si procedat &amp;
proficiat circumquaque, omnes habitus perfecte acquiret, licet non aeque primo. Sed necesse est vt simul ha
beat eos acquisitos: antequam aliquis illorum perueniat ad perfectionem consummatam citra heroicam. Est etiam
possibile vt simul incipiat exercitari circa materias omnium: &amp; simul vel quasi intra breue tempus inter
perfectam generationem primae &amp; vltimae simul omnes habeat acquisitos. Possibile est etiam, quod habeatur eas in 
omnimoda aequalitate: sed hoc non est necesse. Si vero vna earum fuerit generata absque aliis (dico de mora
libus: quia sine prudentia prius generata saltem natura nulla alia potest generari vt dictum est) diu persiste
re non potest absque aliis eam fulcientibus propter impedimenta occurrentia circa materias aliarum vt dictum est.
lrca tertium arguitur quod habitus generatus non possit corrumpi: quia si corrumperetur
hoc non esset nisi aut propter defectum subiecti: quid non potest esse: quia anima ratio
nalis quae est subiectum habituum, incorruptibilis est. Aut propter contrarium: quid 
similiter non potest esse: quia non habent contrarium: vitium enim &amp; ignorantia pri-
uationes sunt: quae opponuntur habitibus intellectualibus &amp; moralibus. Aut propter
actuum cessationem. Quid etiam non potest esse: quia corruptio transmutatio quaedam 
est: quae non sit nisi per agens aliquid: et cessatio actio non est: &amp; ipsa nihil agit. ergo &amp;c. CONtra. in li-
bro de longitudine &amp; breuitate vitae dicit philosophus. Corruptio scientiae non solum est deceptio: sed obli
uio: quae non est nisi cessatio. ergo potest corrumpi ex sola cessatione. DIcendum ad hoc: quod praeter origi-
nalem corruptionem qua omne quod est in creaturis corruptibile est &amp; cadit in nihilum nisi manu diuinae 
potentiae conseruetur in esse: qua habitus inquantum sunt aliquid creaturae corruptibiles sunt sicut &amp; alia: 
&amp; similiter praeter corruptionem qua necesse est eos corrumpi ad corruptionem subiecti: dicente philoso
pho. Corruptis nobis necesse est corrumpi ea quae in nobis sunt: vnde manente subiecto incorrupti
bili tali corruptione, incorruptum manet quicquid est in ipso: &amp; similiter praeter corruptionem or-
ganorum &amp; virium sensitiuarum: a quibus dependet actio intellectualis: vt eis corruptis necesse sit intelle
ctualem &amp; per consequens voluntariam operationem deficere: &amp; sic habitum corrumpi vt dicetur: est alia
corruptio eorum naturalis vel modo naturali, sicut est eorum contraria generatio. Cuius causa &amp; mo
dus quia latet propter difficultates inductas in obiectis, ideo de tali corruptione quaestio proposita est.
non quin sit certum habitus posse corrumpi: quia hoc continue experimur in nobis: &amp; hoc omnes clamant
&amp; dicunt: sed vt modus corruptionis &amp; causa corrumpens explicentur. Et quia illa vt dictum est non potest
sumi ex parte dei neque ex parte subiecti: quia illa sunt causae corrumpentes alio modo &amp; aliae quam hic sunt quaesitae
vt dictum est: oportet igitur quod aut ipse habitus seipsum corrumpat: aut quod sit aliquid aliud quod efficienter vel de- 
ficienter ipsum corrumpat: non ipse seipsum: quia seipsum vnumquodque naturaliter saluat. Habitus etiam non
est nisi accidens: &amp; ita non habens nisi naturalem potentiam: quia non est nisi ad actus consimiles illis a quibus
habent generari: &amp; per quos etiam habent saluari. secundum philosophum secundo Ethicorum. Corrumpens ergo habi
tum aliud est a subiecto &amp; habitu &amp; aliis supra tactis. Et quia corrumpens naturaliter: &amp; id quid debet cor
rumpi oportet esse simul, oportet igitur quod sit aliquid simul existens in subiecto cum ipso habitu: secundum quod agentia
&amp; patientia oportet esse simul: &amp; vnum alteri succedere in eodem subiecto: &amp; quod ex eo ipsum corrumpit, quod ipsum 
secum non compatitur. lllud autem non contingit: nisi per aliquam naturalem contrarietatem. Oportet igitur quod illud sit
habens aliquam ad habitum contrarietatem. Contrarietatem autem aliquid potest habere ad aliud: vt per hoc
quod sit principium corruptiuum eius dupliciter, vel per se &amp; immediate, vel per accidens &amp; mediate. Primo modo non
est contrarietas, proprie nisi in naturaliter actiuis mutuo communicantibus, vt sunt calidum &amp; frigidum: ad 
quorum contrarietatem reducitur contrarietas omnis alia naturalis: sicut habet declarari in naturalibus. Secundo 
modo contrariatur alteri vt effectui id quod per se contrariatur suae causae: sicut calidum contrariatur albedini quae 
a frigiditate est generata: &amp; vniuersaliter generatum per vnum contrariorum contrariatur ei quid generatum est
per alterum. PRImo modo habitus vt habitus non habet contrarium, quod ergo habitus corrumpatur, hoc fit</Unicode>
            </TextEquiv>
        </TextRegion>
    </Page>
</PcGts>
