<?xml version="1.0" encoding="UTF-8" standalone="yes"?>
<PcGts xmlns="http://schema.primaresearch.org/PAGE/gts/pagecontent/2013-07-15" xmlns:xsi="http://www.w3.org/2001/XMLSchema-instance" xsi:schemaLocation="http://schema.primaresearch.org/PAGE/gts/pagecontent/2013-07-15 http://schema.primaresearch.org/PAGE/gts/pagecontent/2013-07-15/pagecontent.xsd">
    <Metadata>
        <Creator>prov=University of Rostock/Institute of Mathematics/CITlab|PLANET AI GmbH/Gundram Leifert/gundram.leifert@planet-ai.de:name=Badius1518-m5(htr_id=23184)::::v=2.6.6
prov=University of Rostock/Institute of Mathematics/CITlab|PLANET AI GmbH/Tobias Gruening/tobias.gruening@planet-ai.de:name=de.uros.citlab.module.baseline2polygon.B2PSeamMultiOriented:v=2.6.6
prov=University of Rostock/Institute of Mathematics/CITlab|PLANET AI GmbH/Tobias Gruening/tobias.gruening@planet-ai.de:name=/net_tf/LA73_249_0mod360.pb:de.uros.citlab.segmentation.CITlab_LA_ML:v=2.6.0
Transkribus</Creator>
        <Created>2019-12-09T23:47:24.117+01:00</Created>
        <LastChange>2020-04-22T17:14:57.393+02:00</LastChange>
        <TranskribusMetadata docId="291873" pageId="11634951" pageNr="429" tsid="28150808" status="IN_PROGRESS" userId="25065" imgUrl="https://files.transkribus.eu/Get?id=PCUUGGLHFXKRYXHMRMOZTOWM&amp;fileType=view" xmlUrl="https://files.transkribus.eu/Get?id=UJAIOYWNLLRRLEEHSIUTAKYG" imageId="8013990"/>
    </Metadata>
    <Page imageFilename="428.jpg" imageWidth="2361" imageHeight="3615">
        <ReadingOrder>
            <OrderedGroup id="ro_1587600642141" caption="Regions reading order">
                <RegionRefIndexed index="0" regionRef="TextRegion_1582329317272_3411"/>
            </OrderedGroup>
        </ReadingOrder>
        <TextRegion orientation="0.0" id="TextRegion_1582329317272_3411" custom="readingOrder {index:0;}">
            <Coords points="126,321 1869,321 1869,3184 126,3184"/>
            <TextLine id="r2l2" custom="readingOrder {index:0;}">
                <Coords points="116,387 1852,389 1875,302 116,290"/>
                <Baseline points="127,366 213,366 300,366 387,366 474,366 561,366 648,367 734,367 821,367 908,367 995,367 1082,368 1169,368 1256,369 1342,369 1429,370 1516,371 1603,372 1690,372 1777,374 1864,375"/>
                <TextEquiv>
                    <Unicode>tissimum eorum est consuetudo in pueritia. Isti enim propter consuetudinem loquentium negant naturam esse, &amp; vir</Unicode>
                </TextEquiv>
            </TextLine>
            <TextLine id="r2l3" custom="readingOrder {index:1;}">
                <Coords points="122,433 1870,436 1822,381 122,387"/>
                <Baseline points="132,419 218,419 304,419 391,419 477,419 563,419 650,419 736,420 822,420 909,420 995,421 1081,421 1168,421 1254,422 1340,422 1427,423 1513,423 1599,424 1686,425 1772,425 1859,426"/>
                <TextEquiv>
                    <Unicode>tutes, &amp; necessarium esse, &amp; ponunt omnia contingentia &amp; possibilia esse. Super haec autem impedimenta ex parte in- </Unicode>
                </TextEquiv>
            </TextLine>
            <TextLine id="r2l4" custom="readingOrder {index:2;}">
                <Coords points="126,490 1763,502 1865,485 1866,435 127,437"/>
                <Baseline points="138,473 223,472 309,472 395,472 481,472 567,472 653,472 738,472 824,472 910,473 996,473 1082,473 1168,474 1254,474 1339,475 1425,475 1511,476 1597,477 1683,477 1769,478 1855,479"/>
                <TextEquiv>
                    <Unicode>tellectus speculatiui est vnum impedimentum ex parte intellectus practiec scilicet malitia moris: secundum quod dicit philosophus</Unicode>
                </TextEquiv>
            </TextLine>
            <TextLine id="r2l5" custom="readingOrder {index:3;}">
                <Coords points="132,539 1862,540 1805,488 132,492"/>
                <Baseline points="142,526 227,527 312,527 398,527 483,527 569,527 654,527 740,527 825,528 911,528 996,528 1081,528 1167,528 1252,528 1338,528 1423,529 1509,529 1594,529 1680,529 1765,530 1851,530"/>
                <TextEquiv>
                    <Unicode>vi. Ethi. Peruertit malitia &amp; mentiri facit circa practica principia. &amp; hoc impediendo ne habitus eorum ge-</Unicode>
                </TextEquiv>
            </TextLine>
            <TextLine id="r2l6" custom="readingOrder {index:4;}">
                <Coords points="127,598 1866,585 1845,539 128,539"/>
                <Baseline points="139,578 224,579 310,580 396,580 482,580 568,581 653,581 739,581 825,581 911,581 997,580 1082,580 1168,580 1254,580 1340,580 1426,580 1511,581 1597,581 1683,582 1769,583 1855,584"/>
                <TextEquiv>
                    <Unicode>neretur quando praeuenit: &amp; contrariam aestimationem causando quando superuenit: vt sic iam generatus corrumpatur. Ex er-</Unicode>
                </TextEquiv>
            </TextLine>
            <TextLine id="r2l7" custom="readingOrder {index:5;}">
                <Coords points="130,644 1877,639 1817,591 130,598"/>
                <Baseline points="141,632 227,632 313,633 399,633 486,633 572,633 658,634 745,634 831,634 917,634 1004,634 1090,634 1176,634 1262,634 1349,634 1435,634 1521,634 1608,634 1694,634 1780,635 1867,635"/>
                <TextEquiv>
                    <Unicode>rore similiter circa ea quae sunt post principia regrediendo concludit contrarium principiorum: &amp; corrumpitur eorum ha </Unicode>
                </TextEquiv>
            </TextLine>
            <TextLine id="r2l8" custom="readingOrder {index:6;}">
                <Coords points="128,698 1874,691 1791,645 128,643"/>
                <Baseline points="140,684 226,685 312,687 398,688 484,688 570,688 656,689 743,689 829,688 915,688 1001,688 1087,687 1173,687 1259,687 1346,686 1432,686 1518,686 1604,686 1690,687 1776,687 1863,688"/>
                <TextEquiv>
                    <Unicode>bitus. de quo errore statim patebit loquendo circa habitus conclusionum. Sciendum ergo quod secundum praetactum mo-</Unicode>
                </TextEquiv>
            </TextLine>
            <TextLine id="r2l9" custom="readingOrder {index:7;}">
                <Coords points="133,761 1874,744 1807,696 133,698"/>
                <Baseline points="145,736 235,738 325,739 416,740 506,741 597,741 687,741 778,741 868,741 959,740 1049,740 1140,739 1230,739 1321,739 1411,738 1502,738 1592,738 1683,738 1773,739 1864,740"/>
                <TextEquiv>
                    <Unicode>dum sit corruptio circa habitum conclusionum per corruptionem praecedentem in habitu principiorum: vt de contrariis</Unicode>
                </TextEquiv>
            </TextLine>
            <TextLine id="r2l10" custom="readingOrder {index:8;}">
                <Coords points="129,815 1868,802 1868,750 129,750"/>
                <Baseline points="139,792 229,793 319,793 410,794 500,794 591,794 681,794 772,794 862,794 953,793 1043,793 1134,793 1224,793 1315,793 1405,792 1496,792 1586,792 1677,792 1767,792 1858,792"/>
                <TextEquiv>
                    <Unicode>principiorum frequenter elicitis actibus intellectualibus quibus concluditur contrarium verarum conclusionum, corrum</Unicode>
                </TextEquiv>
            </TextLine>
            <TextLine id="r2l11" custom="readingOrder {index:9;}">
                <Coords points="128,869 1850,859 1876,808 128,813"/>
                <Baseline points="140,843 226,845 312,846 398,847 484,848 571,848 657,848 743,849 829,848 915,848 1002,848 1088,847 1174,847 1260,846 1346,845 1433,845 1519,844 1605,843 1691,843 1777,843 1864,842"/>
                <TextEquiv>
                    <Unicode>pitur habitus earum &amp; inducitur contrarium: &amp; hoc per syllogismum ignorantiae sine falsigraphum: de quo determi</Unicode>
                </TextEquiv>
            </TextLine>
            <TextLine id="r2l12" custom="readingOrder {index:10;}">
                <Coords points="132,908 1786,919 1869,906 1869,856 132,869"/>
                <Baseline points="143,895 228,897 314,898 400,899 485,900 571,900 657,901 742,901 828,901 914,901 1000,900 1085,900 1171,899 1257,899 1342,898 1428,898 1514,897 1599,897 1685,896 1771,896 1857,896"/>
                <TextEquiv>
                    <Unicode>nat philosophus in libro posteriorum: tanquam peccantem contra demonstrationem qui est syllogismus generatiuus scientiae sicut</Unicode>
                </TextEquiv>
            </TextLine>
            <TextLine id="r2l13" custom="readingOrder {index:11;}">
                <Coords points="128,969 1736,973 1875,967 1875,908 127,913"/>
                <Baseline points="138,949 224,951 310,952 396,953 483,953 569,954 655,954 742,954 828,955 914,954 1001,954 1087,954 1173,953 1259,953 1346,952 1432,952 1518,951 1605,951 1691,950 1777,949 1864,949"/>
                <TextEquiv>
                    <Unicode>ille est ignorantiae: non quae est nescientia &amp; pura priuatio: sed quae est habitus contrarius. Vel per syllogismum so</Unicode>
                </TextEquiv>
            </TextLine>
            <TextLine id="r2l14" custom="readingOrder {index:12;}">
                <Coords points="138,1028 1877,1014 1820,958 138,963"/>
                <Baseline points="148,1001 233,1003 319,1005 405,1006 491,1007 577,1008 663,1008 749,1008 835,1008 921,1008 1007,1007 1092,1006 1178,1006 1264,1005 1350,1004 1436,1003 1522,1002 1608,1002 1694,1001 1780,1001 1866,1001"/>
                <TextEquiv>
                    <Unicode>phisticum peccantem in materia contra syllogismum dialecticum qui generat opinionem vera: sicut ille opinio-</Unicode>
                </TextEquiv>
            </TextLine>
            <TextLine id="r2l15" custom="readingOrder {index:13;}">
                <Coords points="128,1067 1832,1072 1869,1007 128,1030"/>
                <Baseline points="140,1057 225,1058 311,1059 397,1059 483,1059 569,1060 655,1060 741,1060 827,1060 913,1060 999,1059 1084,1059 1170,1059 1256,1058 1342,1058 1428,1057 1514,1057 1600,1056 1686,1056 1772,1056 1858,1055"/>
                <TextEquiv>
                    <Unicode>nem falsam. Contingit enim opinionem opinioni esse contrariam secundum philosophum libro praedi. &amp; libro Peri hermenias, si</Unicode>
                </TextEquiv>
            </TextLine>
            <TextLine id="r2l16" custom="readingOrder {index:14;}">
                <Coords points="135,1119 1872,1118 1811,1064 135,1074"/>
                <Baseline points="146,1111 231,1112 317,1112 403,1113 489,1113 574,1114 660,1114 746,1114 832,1114 917,1114 1003,1114 1089,1113 1175,1113 1260,1113 1346,1112 1432,1112 1518,1111 1603,1110 1689,1110 1775,1109 1861,1108"/>
                <TextEquiv>
                    <Unicode>cut &amp; orationem orationi. Aut per syllogismum sophisticum peccantem in forma. quo secundum philosophum in elenchis: </Unicode>
                </TextEquiv>
            </TextLine>
            <TextLine id="line_1582329291395_3399" custom="readingOrder {index:15;}">
                <Coords points="116,1169 1870,1183 1870,1118 116,1122"/>
                <Baseline points="126,1163 171,1163 260,1164 349,1164 438,1164 527,1164 616,1165 704,1165 793,1165 882,1165 971,1165 1060,1164 1149,1164 1238,1164 1326,1164 1415,1164 1504,1163 1593,1163 1682,1163 1771,1163 1860,1162"/>
                <TextEquiv>
                    <Unicode>sapientes ab insciis quandoque decipiuntur: &amp; hoc etiam post generationem habitus scientialis. CONtrarium au</Unicode>
                </TextEquiv>
            </TextLine>
            <TextLine id="r2l18" custom="readingOrder {index:16;}">
                <Coords points="133,1228 1807,1241 1874,1171 133,1180"/>
                <Baseline points="143,1217 229,1217 315,1217 401,1217 487,1217 573,1217 659,1218 745,1218 831,1218 917,1218 1003,1218 1089,1218 1175,1218 1261,1218 1347,1217 1433,1217 1519,1217 1605,1217 1691,1217 1777,1216 1864,1216"/>
                <TextEquiv>
                    <Unicode>tem originaliter actibus illis quibus habent habitus generari mouens &amp; inclinans voluntatem &amp; intellectum in actus</Unicode>
                </TextEquiv>
            </TextLine>
            <TextLine id="r2l19" custom="readingOrder {index:17;}">
                <Coords points="125,1274 1695,1297 1879,1275 1880,1223 125,1222"/>
                <Baseline points="137,1270 223,1270 310,1269 396,1269 483,1269 570,1269 656,1268 743,1269 829,1269 916,1269 1003,1269 1089,1269 1176,1269 1262,1270 1349,1270 1436,1270 1522,1270 1609,1270 1695,1270 1782,1270 1869,1270"/>
                <TextEquiv>
                    <Unicode>&amp; in fines contrarios, est sicut in aqua bulliente naturalis frigiditas: quae est origo frigiditatis actualis per quam.</Unicode>
                </TextEquiv>
            </TextLine>
            <TextLine id="r2l20" custom="readingOrder {index:18;}">
                <Coords points="128,1337 1835,1341 1874,1278 128,1289"/>
                <Baseline points="140,1322 226,1322 312,1322 398,1322 484,1322 570,1322 656,1321 742,1321 828,1321 914,1321 1001,1321 1087,1321 1173,1321 1259,1321 1345,1321 1431,1321 1517,1322 1603,1322 1689,1322 1775,1322 1862,1322"/>
                <TextEquiv>
                    <Unicode>aquae bulliens ablato calefactiuo &amp; suae naturae derelicta sine alio exterius infrigidante corrumpitur in ea caliditas: </Unicode>
                </TextEquiv>
            </TextLine>
            <TextLine id="r2l22" custom="readingOrder {index:19;}">
                <Coords points="129,1385 1870,1388 1848,1330 129,1337"/>
                <Baseline points="139,1375 225,1375 311,1375 397,1375 483,1375 569,1375 655,1375 741,1375 827,1374 913,1374 999,1374 1085,1374 1171,1374 1257,1374 1343,1374 1429,1374 1515,1374 1601,1374 1687,1375 1773,1375 1860,1376"/>
                <TextEquiv>
                    <Unicode>&amp; prcedit in actum frigiditas. TAle contrarium habitibus tam moralibus quam intellectualibus est fomes in nobis ex peccato</Unicode>
                </TextEquiv>
            </TextLine>
            <TextLine id="r2l23" custom="readingOrder {index:20;}">
                <Coords points="121,1437 1869,1442 1821,1383 121,1389"/>
                <Baseline points="131,1425 217,1426 303,1426 390,1426 476,1426 562,1427 649,1427 735,1426 821,1426 908,1426 994,1426 1080,1426 1167,1426 1253,1426 1339,1426 1426,1426 1512,1426 1598,1426 1685,1427 1771,1427 1858,1428"/>
                <TextEquiv>
                    <Unicode>manens etiam in renatis: per quem obnubilatus est in nobis oculus naturalis intelligentiae: immo lippus factus secundum </Unicode>
                </TextEquiv>
            </TextLine>
            <TextLine id="r2l24" custom="readingOrder {index:21;}">
                <Coords points="129,1495 1871,1492 1871,1442 129,1437"/>
                <Baseline points="140,1479 226,1480 312,1481 398,1481 484,1481 570,1481 656,1481 742,1481 828,1481 914,1481 1000,1481 1086,1480 1172,1480 1258,1480 1344,1480 1430,1479 1516,1479 1602,1479 1688,1480 1774,1480 1860,1481"/>
                <TextEquiv>
                    <Unicode>Hugo. libro iii. super caelestem hierarchiam: &amp; infectus est gustus naturalis appetitus: vt intellectus pronus</Unicode>
                </TextEquiv>
            </TextLine>
            <TextLine id="r2l25" custom="readingOrder {index:22;}">
                <Coords points="123,1543 1867,1543 1819,1487 123,1491"/>
                <Baseline points="135,1532 221,1533 307,1534 393,1534 479,1534 565,1534 651,1534 737,1534 823,1533 909,1533 995,1533 1081,1532 1167,1532 1253,1531 1339,1531 1425,1531 1511,1531 1597,1532 1683,1532 1769,1534 1856,1535"/>
                <TextEquiv>
                    <Unicode>sit ad errores &amp; voluntas ad prauas affectiones: &amp; manet ille fomes infixus nostrae naturae vt origo omnium</Unicode>
                </TextEquiv>
            </TextLine>
            <TextLine id="r2l26" custom="readingOrder {index:23;}">
                <Coords points="129,1595 1831,1607 1866,1544 129,1554"/>
                <Baseline points="140,1585 225,1586 311,1586 397,1586 483,1587 568,1587 654,1587 740,1587 826,1587 911,1587 997,1586 1083,1586 1169,1586 1254,1586 1340,1586 1426,1586 1512,1586 1597,1585 1683,1585 1769,1585 1855,1586"/>
                <TextEquiv>
                    <Unicode>actionum erronearum intellectualium &amp; affectionum prauarum voluntariarum: &amp; hoc quantuncumque intellectus sit</Unicode>
                </TextEquiv>
            </TextLine>
            <TextLine id="r2l27" custom="readingOrder {index:24;}">
                <Coords points="135,1648 1865,1649 1865,1595 135,1595"/>
                <Baseline points="146,1637 231,1639 316,1640 402,1640 487,1641 573,1641 658,1641 743,1641 829,1641 914,1641 1000,1640 1085,1640 1170,1639 1256,1639 1341,1638 1427,1638 1512,1638 1597,1638 1683,1638 1768,1638 1854,1639"/>
                <TextEquiv>
                    <Unicode>informatus habitibus intellectualibus: &amp; voluntas habitibus moralibus. statim enim cum cessat aut tepescit vel</Unicode>
                </TextEquiv>
            </TextLine>
            <TextLine id="r2l28" custom="readingOrder {index:25;}">
                <Coords points="133,1700 1866,1705 1827,1645 133,1650"/>
                <Baseline points="144,1689 229,1691 315,1692 400,1693 486,1694 571,1694 657,1694 742,1694 828,1694 913,1693 999,1692 1085,1692 1170,1691 1256,1691 1341,1690 1427,1690 1512,1690 1598,1690 1683,1690 1769,1691 1855,1692"/>
                <TextEquiv>
                    <Unicode>minoratur intellectualis aut voluntaria operatio actus virtutum eliciens: quibus supprimitur fomes ne pullu</Unicode>
                </TextEquiv>
            </TextLine>
            <TextLine id="r2l29" custom="readingOrder {index:26;}">
                <Coords points="135,1754 1870,1767 1840,1701 135,1702"/>
                <Baseline points="146,1743 231,1744 317,1745 402,1746 488,1747 574,1747 659,1747 745,1747 831,1747 916,1747 1002,1746 1088,1746 1173,1746 1259,1745 1345,1745 1430,1745 1516,1745 1602,1745 1687,1745 1773,1745 1859,1746"/>
                <TextEquiv>
                    <Unicode>let in spinas: &amp; tribulos motuum errorum &amp; prauarum affectionum, incipit fomes pullulare &amp; germen errorum</Unicode>
                </TextEquiv>
            </TextLine>
            <TextLine id="r2l30" custom="readingOrder {index:27;}">
                <Coords points="134,1819 1875,1811 1808,1753 134,1754"/>
                <Baseline points="145,1796 231,1797 317,1799 403,1800 489,1801 575,1801 661,1801 747,1801 833,1801 919,1800 1005,1800 1091,1799 1177,1799 1263,1798 1349,1798 1435,1798 1521,1797 1607,1798 1693,1798 1779,1799 1865,1800"/>
                <TextEquiv>
                    <Unicode>quasi connaturalium niae corruptioni proponere intellectui &amp; prauarum affectionum imprimere voluntati. quibus crescen-</Unicode>
                </TextEquiv>
            </TextLine>
            <TextLine id="r2l31" custom="readingOrder {index:28;}">
                <Coords points="134,1860 1871,1875 1870,1812 1733,1799 134,1817"/>
                <Baseline points="144,1850 229,1851 315,1852 401,1853 487,1853 573,1853 658,1853 744,1853 830,1853 916,1852 1002,1852 1087,1851 1173,1851 1259,1850 1345,1850 1431,1850 1516,1850 1602,1850 1688,1850 1774,1850 1860,1851"/>
                <TextEquiv>
                    <Unicode>tibus extirpatur omne semen virtutum. Hic dicitur prouerb. xxiiii. Propera fortis opus tuum &amp; diligenter exerce</Unicode>
                </TextEquiv>
            </TextLine>
            <TextLine id="r2l32" custom="readingOrder {index:29;}">
                <Coords points="129,1919 1872,1921 1835,1860 129,1869"/>
                <Baseline points="140,1904 226,1905 312,1905 398,1905 484,1906 570,1906 656,1906 742,1906 828,1906 914,1906 1001,1905 1087,1905 1173,1905 1259,1905 1345,1905 1431,1905 1517,1905 1603,1905 1689,1905 1775,1905 1862,1905"/>
                <TextEquiv>
                    <Unicode>agrum tuum: &amp; post aedifices domum tuam. Vbi dicit glos. Domum aedificat qui primum agrum corporis a spinis vi</Unicode>
                </TextEquiv>
            </TextLine>
            <TextLine id="r2l33" custom="readingOrder {index:30;}">
                <Coords points="135,1965 1874,1980 1850,1913 135,1921"/>
                <Baseline points="146,1956 231,1957 317,1958 403,1959 489,1960 575,1960 661,1960 746,1960 832,1959 918,1959 1004,1959 1090,1958 1176,1958 1262,1957 1347,1957 1433,1957 1519,1957 1605,1957 1691,1957 1777,1958 1863,1958"/>
                <TextEquiv>
                    <Unicode>tiorum purgat, ne si desideriorum sentes in carnis agro proficiant, intus tota virtutum fabrica fame boni crescem</Unicode>
                </TextEquiv>
            </TextLine>
            <TextLine id="r2l34" custom="readingOrder {index:31;}">
                <Coords points="128,2022 1867,2029 1830,1968 128,1978"/>
                <Baseline points="139,2008 224,2009 310,2010 396,2011 482,2012 568,2012 654,2012 739,2012 825,2011 911,2011 997,2011 1083,2010 1169,2010 1255,2010 1340,2010 1426,2010 1512,2010 1598,2010 1684,2011 1770,2012 1856,2013"/>
                <TextEquiv>
                    <Unicode>te destruatur. Agrum exercere est euulsis iniquitatis sentibus actionem nostram ad frugem retributionis excole</Unicode>
                </TextEquiv>
            </TextLine>
            <TextLine id="r2l35" custom="readingOrder {index:32;}">
                <Coords points="132,2072 1871,2076 1837,2019 132,2024"/>
                <Baseline points="143,2060 228,2062 314,2063 400,2064 486,2065 572,2065 658,2065 744,2065 830,2065 916,2065 1002,2065 1087,2064 1173,2064 1259,2064 1345,2064 1431,2064 1517,2064 1603,2064 1689,2065 1775,2066 1861,2067"/>
                <TextEquiv>
                    <Unicode>re: &amp; post agri exercitium domum aedificare: quod plerumque ex bonis operibus discimus quantam vitae mundi-</Unicode>
                </TextEquiv>
            </TextLine>
            <TextLine id="line_1582329291405_3401" custom="readingOrder {index:33;}">
                <Coords points="116,2122 1875,2153 1853,2072 116,2070"/>
                <Baseline points="126,2114 172,2115 261,2116 350,2116 439,2117 528,2117 617,2117 706,2117 795,2117 884,2117 973,2117 1062,2117 1151,2117 1240,2117 1329,2117 1418,2117 1507,2117 1596,2118 1685,2119 1774,2119 1864,2120"/>
                <TextEquiv>
                    <Unicode>tiam in cognitione construamus. Vnde non excrcenti sic agrum suum contingit quod sequitur. Per agrum hominis pigri transi</Unicode>
                </TextEquiv>
            </TextLine>
            <TextLine id="r2l37" custom="readingOrder {index:34;}">
                <Coords points="133,2176 1870,2177 1774,2127 133,2133"/>
                <Baseline points="143,2167 228,2168 314,2169 400,2169 486,2169 572,2170 658,2170 743,2170 829,2170 915,2170 1001,2170 1087,2170 1173,2170 1259,2170 1344,2170 1430,2170 1516,2170 1602,2171 1688,2171 1774,2172 1860,2173"/>
                <TextEquiv>
                    <Unicode>ui &amp; per vineam stulti: &amp; ecce totum repleuerant vrticae: operuerant superficiem eius spinae: &amp; materia lapidum de- </Unicode>
                </TextEquiv>
            </TextLine>
            <TextLine id="r2l38" custom="readingOrder {index:35;}">
                <Coords points="129,2239 1866,2246 1844,2178 129,2176"/>
                <Baseline points="140,2217 225,2219 311,2220 397,2222 483,2222 568,2223 654,2223 740,2223 826,2222 911,2222 997,2222 1083,2221 1169,2221 1254,2221 1340,2221 1426,2222 1512,2222 1597,2223 1683,2225 1769,2226 1855,2229"/>
                <TextEquiv>
                    <Unicode>structa erat. Vbi dicit Interlin. glos. Quia reprobi praedicta facere negligunt, recte subiungit: per agrum &amp;c.</Unicode>
                </TextEquiv>
            </TextLine>
            <TextLine id="r2l39" custom="readingOrder {index:36;}">
                <Coords points="132,2283 1865,2291 1839,2238 1689,2232 132,2231"/>
                <Baseline points="144,2272 229,2273 314,2274 400,2275 485,2275 571,2275 656,2275 742,2275 827,2275 913,2274 998,2274 1083,2274 1169,2273 1254,2273 1340,2274 1425,2274 1511,2275 1596,2276 1682,2277 1767,2279 1853,2282"/>
                <TextEquiv>
                    <Unicode>&amp; glos. Margin. Per agrum vineamque pigri ac stulti transire: est cuiuslibet vitam inspicere negligentis: quam vr</Unicode>
                </TextEquiv>
            </TextLine>
            <TextLine id="r2l40" custom="readingOrder {index:37;}">
                <Coords points="134,2337 1869,2341 1869,2293 1797,2286 134,2283"/>
                <Baseline points="146,2325 231,2326 317,2327 402,2327 488,2328 573,2328 659,2328 744,2328 830,2327 915,2327 1001,2327 1087,2327 1172,2326 1258,2326 1343,2327 1429,2327 1514,2328 1600,2329 1685,2330 1771,2332 1857,2334"/>
                <TextEquiv>
                    <Unicode>ticae vel spinae replent: quia in corde negligentium terrena desideria &amp; punctiones pullulant vitiorum. Mate </Unicode>
                </TextEquiv>
            </TextLine>
            <TextLine id="r2l41" custom="readingOrder {index:38;}">
                <Coords points="130,2389 1682,2410 1867,2395 1867,2341 130,2348"/>
                <Baseline points="140,2378 225,2379 311,2379 397,2380 483,2380 568,2380 654,2380 740,2380 826,2379 911,2379 997,2379 1083,2379 1169,2379 1254,2379 1340,2379 1426,2380 1512,2380 1597,2381 1683,2383 1769,2384 1855,2386"/>
                <TextEquiv>
                    <Unicode>ria lapidum in vinea vel agro stulti destructa iacet, cum incepta virtutum incuria vel improbitate dece-</Unicode>
                </TextEquiv>
            </TextLine>
            <TextLine id="r2l42" custom="readingOrder {index:39;}">
                <Coords points="126,2457 1863,2449 1863,2394 126,2391"/>
                <Baseline points="137,2431 222,2432 308,2432 394,2432 480,2433 566,2433 651,2432 737,2432 823,2432 909,2432 995,2432 1080,2432 1166,2432 1252,2432 1338,2432 1424,2432 1509,2433 1595,2434 1681,2435 1767,2436 1853,2438"/>
                <TextEquiv>
                    <Unicode>ptus vel diaboli persuasione quisque negligens prodit. Et sic licet cessatio per se habitum non corrumpat: nec</Unicode>
                </TextEquiv>
            </TextLine>
            <TextLine id="r2l43" custom="readingOrder {index:40;}">
                <Coords points="127,2504 1629,2516 1871,2497 1871,2441 127,2457"/>
                <Baseline points="139,2484 225,2484 311,2484 397,2484 483,2484 569,2484 655,2484 741,2484 827,2484 913,2484 999,2484 1085,2484 1171,2484 1257,2484 1343,2485 1429,2485 1515,2486 1601,2486 1687,2487 1773,2488 1859,2490"/>
                <TextEquiv>
                    <Unicode>contrarium eius inducat: quia tamen cessantibus actibus quibus reprimi fomes deberet, insurgunt motus fo-</Unicode>
                </TextEquiv>
            </TextLine>
            <TextLine id="r2l44" custom="readingOrder {index:41;}">
                <Coords points="136,2552 1867,2546 1837,2494 137,2498"/>
                <Baseline points="147,2536 232,2536 318,2536 403,2536 489,2537 574,2537 660,2537 745,2537 831,2537 916,2537 1002,2538 1087,2538 1173,2538 1258,2538 1344,2539 1429,2539 1515,2539 1600,2540 1686,2540 1771,2540 1857,2541"/>
                <TextEquiv>
                    <Unicode>mitis virtutis habitum corrumpentes: vt sic cessatio per accidens non per se est causa corruptionis habituum vir</Unicode>
                </TextEquiv>
            </TextLine>
            <TextLine id="r2l45" custom="readingOrder {index:42;}">
                <Coords points="128,2604 1815,2611 1865,2609 1865,2548 128,2557"/>
                <Baseline points="140,2589 225,2589 311,2589 397,2589 483,2589 568,2589 654,2589 740,2589 826,2589 911,2589 997,2590 1083,2590 1169,2590 1254,2590 1340,2591 1426,2591 1512,2592 1597,2592 1683,2592 1769,2593 1855,2593"/>
                <TextEquiv>
                    <Unicode>tutis &amp; generationis contrariorum. secundum quod haec amplius iam in solutione argumentorum declarabuntur. AD pri</Unicode>
                </TextEquiv>
            </TextLine>
            <TextLine id="r2l46" custom="readingOrder {index:43;}">
                <Coords points="127,2655 1868,2649 1868,2607 1714,2596 127,2605"/>
                <Baseline points="139,2642 229,2641 319,2641 410,2640 500,2640 591,2640 681,2641 772,2641 862,2642 953,2642 1043,2643 1134,2643 1224,2644 1315,2644 1405,2644 1496,2645 1586,2645 1677,2644 1767,2644 1858,2643"/>
                <TextEquiv>
                    <Unicode>mum igitur obiectum dicendum: quod habitus etsi non corrumpantur propter defectum subiecti, nec immediati, in quo ra</Unicode>
                </TextEquiv>
            </TextLine>
            <TextLine id="r2l47" custom="readingOrder {index:44;}">
                <Coords points="129,2707 1733,2718 1864,2696 1864,2651 129,2663"/>
                <Baseline points="139,2694 224,2693 310,2692 395,2692 481,2692 567,2692 652,2693 738,2693 824,2694 909,2695 995,2696 1081,2696 1166,2697 1252,2697 1338,2698 1423,2698 1509,2697 1595,2697 1680,2696 1766,2694 1852,2692"/>
                <TextEquiv>
                    <Unicode>dicatur: quia non est corruptibile vt substantia seu potentia animae rationalis: nec mediati, a quo dependet eius</Unicode>
                </TextEquiv>
            </TextLine>
            <TextLine id="r2l48" custom="readingOrder {index:45;}">
                <Coords points="127,2765 1871,2753 1858,2694 128,2707"/>
                <Baseline points="139,2746 225,2745 311,2744 397,2744 483,2744 569,2744 655,2745 741,2745 827,2746 913,2747 999,2748 1085,2748 1171,2749 1257,2749 1343,2750 1429,2750 1515,2749 1601,2749 1687,2747 1773,2746 1860,2743"/>
                <TextEquiv>
                    <Unicode>generatio &amp; exercitium operum: vt sunt vires sensitiuae per quarum corruptiones omnino cessant actiones intel-</Unicode>
                </TextEquiv>
            </TextLine>
            <TextLine id="r2l49" custom="readingOrder {index:46;}">
                <Coords points="129,2813 1762,2818 1868,2808 1869,2753 130,2765"/>
                <Baseline points="140,2800 225,2798 311,2797 397,2796 483,2796 569,2796 655,2797 741,2797 827,2798 913,2799 999,2800 1084,2801 1170,2801 1256,2802 1342,2802 1428,2802 1514,2801 1600,2800 1686,2799 1772,2797 1858,2794"/>
                <TextEquiv>
                    <Unicode>lectus &amp; voluntatis: &amp; per consequens corrumpuntur habitus actuum cessatione vt dictum est. deficiente enim</Unicode>
                </TextEquiv>
            </TextLine>
            <TextLine id="r2l50" custom="readingOrder {index:47;}">
                <Coords points="129,2863 1761,2871 1868,2860 1868,2808 129,2811"/>
                <Baseline points="139,2851 224,2850 310,2849 396,2849 482,2848 568,2849 654,2849 740,2850 826,2850 912,2851 998,2852 1083,2853 1169,2853 1255,2854 1341,2854 1427,2854 1513,2854 1599,2853 1685,2851 1771,2850 1857,2847"/>
                <TextEquiv>
                    <Unicode>sensu necesse est scientiam deficere quae est secundum illum sensum. corrumpitur tamen per contrarium: etsi non sibi per se &amp;</Unicode>
                </TextEquiv>
            </TextLine>
            <TextLine id="r2l51" custom="readingOrder {index:48;}">
                <Coords points="132,2924 1880,2925 1880,2860 132,2863"/>
                <Baseline points="143,2904 229,2903 315,2902 401,2902 488,2902 574,2902 660,2902 747,2903 833,2903 919,2904 1006,2904 1092,2905 1178,2905 1264,2906 1351,2906 1437,2906 1523,2905 1610,2904 1696,2903 1782,2901 1869,2899"/>
                <TextEquiv>
                    <Unicode>immediate: sed per contrarium actibus quibus generatur, vel formaliter, vel originaliter vt dictum est, per se enim</Unicode>
                </TextEquiv>
            </TextLine>
            <TextLine id="r2l52" custom="readingOrder {index:49;}">
                <Coords points="127,2982 1825,2979 1873,2918 127,2924"/>
                <Baseline points="139,2957 225,2956 311,2955 397,2954 483,2954 569,2954 655,2954 741,2955 827,2955 913,2956 1000,2957 1086,2957 1172,2958 1258,2958 1344,2958 1430,2958 1516,2957 1602,2956 1688,2955 1774,2953 1861,2950"/>
                <TextEquiv>
                    <Unicode>a proprio contrario cuiusmodi est vitium non corrumpitur. immo etiam nec proprie potest dici per se corrumpi aut ge</Unicode>
                </TextEquiv>
            </TextLine>
            <TextLine id="r2l53" custom="readingOrder {index:50;}">
                <Coords points="120,3026 1769,3026 1878,2972 119,2971"/>
                <Baseline points="131,3011 217,3010 304,3009 391,3008 478,3008 565,3008 651,3008 738,3008 825,3009 912,3009 999,3009 1085,3009 1172,3010 1259,3010 1346,3009 1433,3009 1519,3008 1606,3007 1693,3005 1780,3004 1867,3001"/>
                <TextEquiv>
                    <Unicode>nerari. Primum patet ex hoc: quod sicut in actione intellectus &amp; voluntatis duo sunt scilicet substantia actio-</Unicode>
                </TextEquiv>
            </TextLine>
            <TextLine id="r2l54" custom="readingOrder {index:51;}">
                <Coords points="129,3073 1827,3081 1877,3016 129,3026"/>
                <Baseline points="139,3063 225,3062 311,3061 397,3061 484,3061 570,3060 656,3060 743,3061 829,3061 915,3061 1002,3061 1088,3061 1174,3061 1260,3061 1347,3061 1433,3061 1519,3060 1606,3060 1692,3059 1778,3057 1865,3056"/>
                <TextEquiv>
                    <Unicode>nis &amp; ordo eius in finem qui est verum aut bonum: ex substantia actionis quantum ad substantiam actionis non contra</Unicode>
                </TextEquiv>
            </TextLine>
            <TextLine id="r2l55" custom="readingOrder {index:52;}">
                <Coords points="128,3130 1786,3135 1875,3116 1875,3068 128,3078"/>
                <Baseline points="139,3114 225,3114 311,3114 397,3114 484,3114 570,3114 656,3114 743,3114 829,3114 915,3114 1002,3114 1088,3114 1174,3113 1260,3113 1347,3113 1433,3113 1519,3112 1606,3112 1692,3111 1778,3111 1865,3110"/>
                <TextEquiv>
                    <Unicode>riatur actio actioni per se: quia ex hac omnis actio voluntatis &amp; intellectus bona est: quia omnis actio voluntatis est</Unicode>
                </TextEquiv>
            </TextLine>
            <TextLine id="r2l56" custom="readingOrder {index:53;}">
                <Coords points="119,3178 1814,3190 1875,3183 1875,3116 118,3141"/>
                <Baseline points="129,3168 215,3169 302,3169 389,3169 476,3170 562,3170 649,3170 736,3170 823,3170 909,3170 996,3169 1083,3169 1170,3169 1256,3168 1343,3168 1430,3167 1517,3166 1603,3166 1690,3165 1777,3164 1864,3163"/>
                <TextEquiv>
                    <Unicode>motus ad bonum sub ratione boni. Nihil enim agit aspiciendo ad malum. vt dicit Dioni. Bonum autem bona con</Unicode>
                </TextEquiv>
            </TextLine>
            <TextEquiv>
                <Unicode>tissimum eorum est consuetudo in pueritia. Isti enim propter consuetudinem loquentium negant naturam esse, &amp; vir
tutes, &amp; necessarium esse, &amp; ponunt omnia contingentia &amp; possibilia esse. Super haec autem impedimenta ex parte in- 
tellectus speculatiui est vnum impedimentum ex parte intellectus practiec scilicet malitia moris: secundum quod dicit philosophus
vi. Ethi. Peruertit malitia &amp; mentiri facit circa practica principia. &amp; hoc impediendo ne habitus eorum ge-
neretur quando praeuenit: &amp; contrariam aestimationem causando quando superuenit: vt sic iam generatus corrumpatur. Ex er-
rore similiter circa ea quae sunt post principia regrediendo concludit contrarium principiorum: &amp; corrumpitur eorum ha 
bitus. de quo errore statim patebit loquendo circa habitus conclusionum. Sciendum ergo quod secundum praetactum mo-
dum sit corruptio circa habitum conclusionum per corruptionem praecedentem in habitu principiorum: vt de contrariis
principiorum frequenter elicitis actibus intellectualibus quibus concluditur contrarium verarum conclusionum, corrum
pitur habitus earum &amp; inducitur contrarium: &amp; hoc per syllogismum ignorantiae sine falsigraphum: de quo determi
nat philosophus in libro posteriorum: tanquam peccantem contra demonstrationem qui est syllogismus generatiuus scientiae sicut
ille est ignorantiae: non quae est nescientia &amp; pura priuatio: sed quae est habitus contrarius. Vel per syllogismum so
phisticum peccantem in materia contra syllogismum dialecticum qui generat opinionem vera: sicut ille opinio-
nem falsam. Contingit enim opinionem opinioni esse contrariam secundum philosophum libro praedi. &amp; libro Peri hermenias, si
cut &amp; orationem orationi. Aut per syllogismum sophisticum peccantem in forma. quo secundum philosophum in elenchis: 
sapientes ab insciis quandoque decipiuntur: &amp; hoc etiam post generationem habitus scientialis. CONtrarium au
tem originaliter actibus illis quibus habent habitus generari mouens &amp; inclinans voluntatem &amp; intellectum in actus
&amp; in fines contrarios, est sicut in aqua bulliente naturalis frigiditas: quae est origo frigiditatis actualis per quam.
aquae bulliens ablato calefactiuo &amp; suae naturae derelicta sine alio exterius infrigidante corrumpitur in ea caliditas: 
&amp; prcedit in actum frigiditas. TAle contrarium habitibus tam moralibus quam intellectualibus est fomes in nobis ex peccato
manens etiam in renatis: per quem obnubilatus est in nobis oculus naturalis intelligentiae: immo lippus factus secundum 
Hugo. libro iii. super caelestem hierarchiam: &amp; infectus est gustus naturalis appetitus: vt intellectus pronus
sit ad errores &amp; voluntas ad prauas affectiones: &amp; manet ille fomes infixus nostrae naturae vt origo omnium
actionum erronearum intellectualium &amp; affectionum prauarum voluntariarum: &amp; hoc quantuncumque intellectus sit
informatus habitibus intellectualibus: &amp; voluntas habitibus moralibus. statim enim cum cessat aut tepescit vel
minoratur intellectualis aut voluntaria operatio actus virtutum eliciens: quibus supprimitur fomes ne pullu
let in spinas: &amp; tribulos motuum errorum &amp; prauarum affectionum, incipit fomes pullulare &amp; germen errorum
quasi connaturalium niae corruptioni proponere intellectui &amp; prauarum affectionum imprimere voluntati. quibus crescen-
tibus extirpatur omne semen virtutum. Hic dicitur prouerb. xxiiii. Propera fortis opus tuum &amp; diligenter exerce
agrum tuum: &amp; post aedifices domum tuam. Vbi dicit glos. Domum aedificat qui primum agrum corporis a spinis vi
tiorum purgat, ne si desideriorum sentes in carnis agro proficiant, intus tota virtutum fabrica fame boni crescem
te destruatur. Agrum exercere est euulsis iniquitatis sentibus actionem nostram ad frugem retributionis excole
re: &amp; post agri exercitium domum aedificare: quod plerumque ex bonis operibus discimus quantam vitae mundi-
tiam in cognitione construamus. Vnde non excrcenti sic agrum suum contingit quod sequitur. Per agrum hominis pigri transi
ui &amp; per vineam stulti: &amp; ecce totum repleuerant vrticae: operuerant superficiem eius spinae: &amp; materia lapidum de- 
structa erat. Vbi dicit Interlin. glos. Quia reprobi praedicta facere negligunt, recte subiungit: per agrum &amp;c.
&amp; glos. Margin. Per agrum vineamque pigri ac stulti transire: est cuiuslibet vitam inspicere negligentis: quam vr
ticae vel spinae replent: quia in corde negligentium terrena desideria &amp; punctiones pullulant vitiorum. Mate 
ria lapidum in vinea vel agro stulti destructa iacet, cum incepta virtutum incuria vel improbitate dece-
ptus vel diaboli persuasione quisque negligens prodit. Et sic licet cessatio per se habitum non corrumpat: nec
contrarium eius inducat: quia tamen cessantibus actibus quibus reprimi fomes deberet, insurgunt motus fo-
mitis virtutis habitum corrumpentes: vt sic cessatio per accidens non per se est causa corruptionis habituum vir
tutis &amp; generationis contrariorum. secundum quod haec amplius iam in solutione argumentorum declarabuntur. AD pri
mum igitur obiectum dicendum: quod habitus etsi non corrumpantur propter defectum subiecti, nec immediati, in quo ra
dicatur: quia non est corruptibile vt substantia seu potentia animae rationalis: nec mediati, a quo dependet eius
generatio &amp; exercitium operum: vt sunt vires sensitiuae per quarum corruptiones omnino cessant actiones intel-
lectus &amp; voluntatis: &amp; per consequens corrumpuntur habitus actuum cessatione vt dictum est. deficiente enim
sensu necesse est scientiam deficere quae est secundum illum sensum. corrumpitur tamen per contrarium: etsi non sibi per se &amp;
immediate: sed per contrarium actibus quibus generatur, vel formaliter, vel originaliter vt dictum est, per se enim
a proprio contrario cuiusmodi est vitium non corrumpitur. immo etiam nec proprie potest dici per se corrumpi aut ge
nerari. Primum patet ex hoc: quod sicut in actione intellectus &amp; voluntatis duo sunt scilicet substantia actio-
nis &amp; ordo eius in finem qui est verum aut bonum: ex substantia actionis quantum ad substantiam actionis non contra
riatur actio actioni per se: quia ex hac omnis actio voluntatis &amp; intellectus bona est: quia omnis actio voluntatis est
motus ad bonum sub ratione boni. Nihil enim agit aspiciendo ad malum. vt dicit Dioni. Bonum autem bona con</Unicode>
            </TextEquiv>
        </TextRegion>
    </Page>
</PcGts>
