2400 3725
152 293 1923 389 quo sumunt pro principio quod operatio intellectus ex duobus procedit principiis. Ex arguunt vlte-
150 381 1926 437 rius quod cum aliquis actus ex principiis duobus procedit: vt ipse sit perfectus, oportet quod vtrunque illo-
148 413 1922 490 rum in se sit perfectum. Perfectio autem potentiae qua ordinatur ad actus, est habitus respondens illi actui
146 481 1926 548 Ad actum ergo credendi perfectum requiruntur & intellectus & voluntas perfecti per habitus ordinatos
142 527 1925 603 ad actum intelligendi. Cum ergo ille vt dictum est supnaturalis est, & ad actum supernaturalem non ordinatur
149 569 1929 645 nisi habitus supernatnralis: ad actum ergo credendi requiritur aliquis habitus supernaturalis in intellectu ad as
143 636 1930 700 sentiendum: vt possit assentire cuiusmodi est fides: et in voluntate vt velit mouere intellectum ad assentiem
142 688 1927 764 dum quicumque sit ille. Et quia frustra esset habitus fidei in intellectu, si non esset habitus ille alius in voluntate, eo quod non
142 728 1929 822 posset in suum actum: ideo respondent ad quaestionem, dicendo quod fides non potest esse in intellectu abs
142 802 1922 873 que omni habitu infuso in voluntate. Falsitas huius positionis similiter & rationis ponendi eam clare patet
153 850 1918 914 ex hoc quod scilicet omnis habitus inquantum est habitus determinate disponit & inclinat ex se subiectum in quo
144 906 1920 976 est in actum determinatum circa determinatum obiectum. Quid si non nisi perfecte inclinat: oportet quod sit
151 955 1918 1025 natus perfici, vt inclinet perfecte. Secundum tamen gradum & analogiam suae perfectionis, necesse est pone-
155 1008 1923 1087 re quod inclinet: ita quod si hoc non facit, habitus dici non potest: sicut patet in omnibus habitibus vniuersali-
156 1063 1934 1131 ter: quemadmodum lux lucidum ad actum lucendi: ita quod non debet dici lux si hoc non faciat. Fides er-
158 1128 1925 1193 go in intellectu aut non est habitus: aut intellectum disponit & determinate inclinatu in actum creden-
155 1166 1925 1236 di omne credibile inquantum credibile est: ita quod si perfecta sit, perfecte inclinat: vt per ipsam perfecte in
145 1230 1923 1293 tellectus credat. Si autem imperfecta: saltem imperfecte inclinat: & imperfecte credit intellectus per eam: vt
150 1284 1924 1350 opus habeat dicere. Domine adauge in nobis fidem. Sic autem inclinare intellectum est ipsum in actum su-
143 1338 1930 1404 um mouere. Fides ergo cum sit habitus in intellectu ordinatus ad actum credendi, non solum est in in
144 1387 1931 1452 tellectum: vt possit credere motus adhuc ab alio: immo ipsa ex se sufficit ad mouendum: aut habitus omni
143 1445 1923 1507 no dici non debet: ita quod si voluntas ipsum moueret in actum credendi & assentiendi, posset ipsum ad
145 1494 1929 1558 hunc actum eliciendum absque omni habitu in ipso intellectu existente mouere. Quid ergo proponunt in
143 1549 1921 1616 sua ratione: quod intellectus vt naturalis est ex se indeterminatus est ad actum assentiendi credibilibus: ali
149 1598 1923 1675 quo ergo determinate mouente in ipsum debet moueri, bene verum est. Et quod assumunt quod intellectus
144 1653 1920 1730 noster non est natus moueri nisi a duobuscilicet a re intelligibili, & a voluntate: Dicendum est quod non est verum: im
145 1705 1923 1772 mo mouetur ab habitu intellectuali: vt dictum est supra de intellectu angelorum: in quibus sic mouent
143 1764 1932 1826 res ipsae: vt ex hoc fiant obiecta actualis intelligentiae angelicae. In nobis autem mouetur intellectus & a vo
143 1816 1934 1883 luntate post prima cognita, & ab vniuersali in phantasmate, & ab habitu scientiali ad inquirendum, & per
145 1874 1923 1934 tractandum, & ratiocinandum circa cognita: ita quod licet voluntas rationi imperet vt discurrat & ratioci-
145 1922 1928 1993 netur, proprio tamen habitu absque omni impulsu voluntatis suos elicit actus: dum tamen voluntas non se oppo-
146 1978 1930 2044 nat: sed solummodo consensum adhibeat & intelligat actu voluntatis concomitante non praemouente. Sic
143 2031 1932 2100 & in proposito dico quod intellectus noster in credendo moueri habet a tribus, & a voluntate: postquam con
149 2088 1925 2151 cepit complexiones intelligibilis informi cogitatione: et ab ipsis incomplexis intellectis in phantasma-
149 2141 1931 2208 tibus: de quibus dicit Augustinus viii. de Tri. capitul. v. Ea firmissime credimus quae secundum specialem generalem
156 2196 1925 2261 que notitiam quae certa nobis est cogitamus. & ab habitu fidei. ita quod licet voluntas rationi imperet vt cre
150 2250 1930 2308 dat & assentiat, proprio tamen habitu, absque omni impulsu voluntatis actum hunc potest elicere, dum tamen
157 2295 1924 2367 voluntas non se opponat propter quod dixit Augustinu. Credere non potest nisi volens. Non quia necesse sit vt vo
147 2359 1929 2418 luntas intellectum impellat: vt sic possibile sit ex solo habitu fidei eum credere solo consensu voluntatis
152 2408 1928 2472 concomitante & nullo modo praemouente. Quod vero inducunt de secunda ad Corin. non est de intento Apo-
143 2468 1932 2526 stoli: quia ibi loquitur ad literam contra impugnatores fidei & Christo contradicentes: quorum intel-
150 2510 1924 2580 lectum dicit se redigere in captiuitatem vt humiliter obediant fidei Christi quam impugnauerant ante: se-
152 2567 1926 2632 cundum quod glos. exponit. Falsum est ergo quod etiam assumumt scilicet quod fidei actus ex duobus procedit. Et sic non opor
163 2628 1923 2689 tet dicere quod fides non potest esse in intellectu, nisi sit aliquis habitus infusus in voluntate quo vult
152 2682 1928 2739 mouere intellectum in actum credendi. Forte hoc potest esse verum de prima fidei infusione in intelle
152 2727 1928 2796 ctum: quia non infunduntur ab initio virtutes, fides, scilicet & spes sine charitate. Quia tamen possunt
155 2779 1918 2856 esse informes, recedente charitate possunt manere & actus suos exercere informiter: licet non merito-
149 2839 1922 2900 rie sine habitu charitatis in voluntate. AD argumentum in oppositum quod intellectus non assentit
157 2890 1928 2956 eis quae sunt fidei, nisi ex sola voluntate: patet ex iam dictis quod falsum est: & quod dictum Augustini non
153 2946 1931 3011 currit ad hanc intentionem. Argumentum secundum nullam efficaciam habet. Etenim habitus vo-
156 2994 1934 3069 luntatis necessarius ad actum fidei non dicetur a volentibus dictam opinionem sustinere quod sit chari
160 3057 1310 3137 tas, aut gratia gratum faciens: sed aliquod donum gratis datum.
