2414 3763
473 276 2265 365 dum charitate viae comparata ad charitatem patriae: ponendum est charitatem viae augmentari posse in infi
475 351 2251 418 nitum. Et hoc non simpliciter & absolute: sed sub conditione, & in respectu ad charitatem patriae scilicet quod au
475 406 2264 480 gmentaretur potius in infinitum quam adaequaretur ei, aut prius quam ei posset adaequari: quia nunquam posset ei adae-
468 468 2251 525 quari: vt dictum est. Per hunc enim modum charitas viae quantuncumque sit perfecta secundum essentiam & operationem
469 511 2261 586 imperfecta est in respectu charitatis patriae ad minus quo ad illius operationem: vt iam dicetur. Et ideo
466 580 2258 639 per illam debemus niti venire ad istam: & secundum hunc modum intelligi debent dicta sanctorum, quae insinuant cha-
469 627 2256 689 ritatis augmentum in via in infinitum procedere. secundum quod aperte exprimit glos. Phil iii,. quae dicit sic. Curra
470 688 2258 741 mus: intendamus. In via enim sumus: non retro respiciamus: sed in anteriora extendamur intentione
472 729 2247 793 & desiderio. Vita. nm boni christiani, sanctum desiderium est. Quid autem desideras nondum tenes: sed desiderio
474 781 2255 852 capax efficeris: vt cum venerit quod vides, implearis. Sicut enim si. velles implere aliquem sinum: & nosti quam ma-
480 837 2261 909 gnum est quid dabitur, extendis sinum, & extendendo facis capaciorem: sic deus differendo rem extendit desideri
473 892 2251 959 um: desiderando extendit animum: extendendo facit capacem: desideremus ergo & implendi sumus. SIC
472 947 2237 1011 ergo breuiter recolligendo dico quod charitas creata siue viae, siue patriae: similiter & eius operatio, si simplicite
471 998 2234 1075 absque omni suppositione, & absolute absque omni respectu consideretur, non procedit: neque potest procedere in infinitum secundum
482 1057 2256 1117 augmentum. Similiter neque charitas viae quo ad augmentum in eius essentia: aut operatione, comperata quomodo
476 1107 2256 1167 cumque ad charitatem patriae habendo respectum ad quantitatem in essentia illius, nullo modo potest augeri in
476 1157 2261 1221 infinitum. sed charitas viae: & secundum augmentum substantiae, & operationis suae comparata ad charitatem pa
477 1217 2251 1284 triae habendo respectum ad quantitatem eius in ipsius operatione: dico quod potius charitas viae augmentaretur
472 1266 2264 1327 in infinitum quam adaequaeretur charitati patriae. Et sic ad negandum possibilitatem illius positionis vel suppositionis quae po
473 1325 2256 1389 neretur charitas viae dicto modo posse adaequari charitati patriae dicimus quod in infinitum augmentaretur prius quam ei
470 1377 2253 1446 adaequaretur: ita quod impossibile esset adaequationem venire omnino. Sed hanc possibilitatem charitatis viae ad augmentum
479 1430 2256 1495 in infinitum: sicut non ponimus nisi in respectu sub conditione, sic non ponimus eam in re ipsa omnino: sed in anima & in
479 1482 2258 1553 consideratione intellectus tantum. Cuius simile videmus in naturalibus. Quamuis enim secundum quod dicit philosophus. iii. Phy.
472 1538 2262 1596 non est possibile esse infinitum actum corpus sensibile: & ideo neque potentia quantum est ex parte rei: propter
484 1592 2256 1653 quid etiam sicut ibi dicit commen. propositio naturalis dicens quod omnis linea possit crescere in infinitum, falsa est: com
478 1647 2252 1707 sideratio enim naturalis de linea est secundum quod est finis existens in materia: & sic contingeret magnitudinem
479 1701 2262 1757 esse infinitam in actum: tamen possibile est esse infinitum actum corpus in imaginatione mathematici: & hoc ne-
474 1753 2255 1824 gatiue: imaginande scilicet ipsum absque superficie claudente ipsum: quemadmodum imaginatur vacuum infinitum extra
477 1805 2260 1867 mundum: & ideo vt dicit commen. Propositio geometrica dicens quod possibile est imaginari omni linea ma
475 1860 2254 1925 iorem, illa vera est: quia consideratio geometrica est de linea secundum quod est abstracta a materia sensibili. Et
487 1914 2252 1971 velite additio mensurae qua vtitur geometra, est de capitulo propositionum imaginabilium, quae sunt quasi fun-
477 1967 2257 2033 damenta geometriae, absque eo quod sunt extra animam. In intellectu autem mathematici non est possibile esse corpus
485 2020 2261 2091 quidcumque infinitum in actum, quia vt dicit philosophus. ii. Metaph. dispositio de linea est talis scilicet quod impossibile est quod compre
486 2075 2253 2131 hendatur per intellectum, nisi per suum statum. scilicet inter duo puncta. Tunc circa intellectum infiniti mathematici me-
484 2126 2253 2196 dio modo se habet inter intellectum naturalis de quanto naturali, & mathematici de quanto mathemati-
476 2182 2261 2244 co: quoniam non potest intelligere infinitum simul, sicut potest imaginari mathematicus: sed in hoc conuenit cum
481 2237 2262 2299 naturali, potest tamen intelligere infinitum sicut dies & agon: finitum super finitum infinities replicando: sicut potest
479 2290 2260 2352 metaphysicus, in quo differt a naturali. Vnde dicit commentator super illud. ii. Meta. Impossibile est nobis intellige-
482 2347 2238 2415 re lineam infinitam, nisi quando concipimus eam finitam iterando eam infinities. & hoc non facit intelligere infinitum. Etiquan
485 2393 2266 2466 qui imaginatus fuerit lineam infinitam non potest intelligere eam. Et ideo vt continuo dicit philosophus, qui cum sua imaginatione
480 2453 2254 2521 acceperit lineam infinitam, non determinabit diuisiones eius. per quod exponit modum quo linea infinita habet imagi
483 2504 2262 2573 nari negatiue non positiue: vt dictum est. Secundum ergo modum quao secundum intellectum mathematicum est possibile lineam
488 2559 2255 2619 aut magnitudinem augmentari in infinitum absque eo quod omnino possibile sit huius augmentum esse in re extra: sed in
485 2616 2251 2673 anima tantummo: consimiliter penitus dico in proposito: quod secundum praedeterminatum modum possibile est secundum intellectum cla
486 2665 2260 2728 ritatem viae augmentari in infinitum absque eo quod sit possibile ipsum esse in re extra: sed in intellectu tantum. Vnde quia secundum
483 2719 2262 2778 hoc charitas patriae non omnino excedit charitatem viae, nisi quo ad operationem eius: quae tamen non est infinita: ideo charitas
491 2776 2249 2842 viae potius di perfici per charitatem patriae, quo ad augmentum dilectionis in modo diligendi quam in substantia charitatis,
486 2829 2262 2886 etsi forte perficiatur secundum vtrumque: vt iam dicetur. Et sic capacitas de quae loquitur glos. iam dicta Augustinus quam auget in no
486 2881 2261 2942 bis desiderium, non tam est ad augmentum charitatis maius, quo ad eius essentiam retorquendo: quam ad itentionem actio
484 2938 2268 3010 nis diligendi in apta visione quae praesens sit ipsum diligibile. Quoniam etsi quo ad substantiam charitatis charitatem pa
487 2992 2231 3054 triae attingeret charitas viae homine conseruato a deo in statu meriti supra communea cursum vitae humanae, numquam tamen att
488 3041 2267 3113 geret dilectio viae in feruore diligendi ad absentiam obiecti ad gradum dilectionis patriae in feruore diligen-
490 3098 2269 3164 di ad praesentiam obiecti. quid aparte glos. insinuat per hoc quod dicit quod deus differendo rem extendit desideri
482 3150 2261 3220 aim scilicet faciendo mentem eius capacem. Res nim illa non est aliquid substantiae charitatis: sed ipse deus obiectum
