2443 3694
204 296 1994 392 esset si natus non fuisset homo ille. hoc autem non est nisi propter esse miseriae quod ei incumbebat. ergo &c. CON I
206 379 1981 450 tra. Ens & bonum conuertuntur: similiter non ens & malum: sed malum inquantum huiusmodi nullo modo est eligibile
201 427 1969 500 quia nihil eligitur nisi in ratione boni: quae nulla est in non esse, ergo &c. VT omnes sinus quaestionis huius excu
201 485 1976 560 tiamus sciendum quod duplex est miseria: poene scilicet & culpae. & secundum vtrumque modum quaestio habet difficultatem
206 530 1979 618 quo ad aliud tamen & aliud vt videbitur. Quantum ad miseriam quidem poenae tractat Augustinus istam quaestionem in libro
205 603 1973 666 iii. de libero arbitrio. Quantum ad miseriam autem culpae, tractat eam philosophus in quarto & in nono Ethico. Cir-
202 632 1977 717 ca primum membrum Augu. primo destruit smiam erroneam aliorum. Deinde determinat propriam veritatem. Scie
211 691 1976 772 dum igitur secundum quod recitat Augustinus quod aliqui dicebant quod non esse magis esset eligendum quantum est ex parte
209 740 1975 823 eligibilis, quam poenale esse: & etiam ex parte eligentis. ita quod homo magis debet eligere non esse quam poenale ese. Sed
204 797 1972 874 quod modo contrarium contingiat scilicet quod aliquis magis eligat poenale esse quam non esse: hoc contingit duplici de causa.
211 853 1972 927 Vna qua dicitur quod homo mauult miser esse quam non esse: ne post non esse sit miserior: & sic minorem mi-
203 905 1969 989 seriam praeferat maiori. Alia qua dicitur quod homo potest dicere, malo miser esse, quia iam sum. & ideo non possum mihi ali
201 960 1967 1035 ter consulere, si autem priusquam essem, potuissem mihi aliter consulere, eligere deberem potius non esse quam mi
202 1027 1970 1091 ser esse. Nunc autem quia timeo non esse, ad ipsam miseriam pertinet qua nunc id quid velle non deberem magis vo
202 1065 1970 1144 lo, magis enim non esse quam miser esse velle deberem. Nunc autem fateor me quidem malle miserum esse quam nihil. Sed
202 1118 1970 1204 tanto stultius id volo quanto miserius. tanto autem miserius, quanto veris video non hoc me velle debuis-
202 1179 1970 1248 se. CONtra istos Augustinus primo ostendit quod non esse quantum est ex se nullo modo potest esse magis eligibile quam
204 1242 1965 1306 miser esse. Sed econtra miser esse necessario magis est eligibile quam non esse. Et est eius ratio quod non esse priuat
201 1289 1967 1360 omnem rationem boni: miserum autem esse non priuat. Per poenam enim aliquid de bono esse naturae priuatur & aliquid re
207 1339 1971 1411 linquitur: & sic melius est & magis eligendum tamquam id quod habet aliquid boni, eo quod nullam habet rationem boni. SE
201 1394 1971 1464 cundo ostendit quod similiter quantum est ex parte eligentis homo non debet magis eligere non esse quam miser esse: sed
207 1457 1971 1517 econuerso: duabus rationibus. Quarum prima est, quid aliquis velle & eligere debuit, hoc est melius: quid non est, me
202 1503 1981 1572 lius esse non potest eo quid miserum est, vt dicit praecedens ratio ergo nullo modo magis velle aut eligere debuit homo:
210 1567 1974 1628 non esse quam miser esse. Secunda ratio ad idem est: quid quisque debet eligere: & ita recte eligit: cum ad id peruenerit ne
214 1618 1973 1676 cesse est vt melior fiat, melior esse non potest qui non est eo qui in poenis est, vt dictum est. Nemo ergo recte po
211 1666 1968 1736 test aut debet eligere non esse magis quam miser esse. TERtio reprobat illos duos modos quibus praedicti po
201 1729 1974 1784 nebant contingere quod aliquis magis appeteret miser esse quam non esse. Primo primum, dicens quod nuilus potest eli-
213 1773 1976 1848 gere miser esse: ne post non esse miserior sit, tamen simpliciter deberet praeeligere non esse: quia miseria post non
210 1829 1976 1897 esse non est aliud quam non esse. & ideo si secundum se non pont velle non esse, non pont velle non esse ne miserior sit
210 1889 1971 1952 post non esse. Scndo reprobat secundum dicens: sed nemo potest dicere: malo miserum esse quam omnino non esse quia sum
203 1926 1971 1992 &c. vt dictum est iam, quia hoc sibi cauere debet ne erret vt se verum videre putat, nesciens quam magnum bonum
202 1977 1973 2047 sit ipsum esse, quod & boni & miseri volunt. & quod errat statim ostendit dicens. Vide quam absurde & inconuenien
206 2047 1967 2109 ter dicatur: mallem non esse quam miser esse. Qui enim dicit se malle potius hoc quam illud, eligit aliquid, non esse autem
203 2088 1971 2162 non est aliquid. & ideo nullo pacto potes recte eligere quando quid eligas non est. Simpliciter ergo & absolute di
206 2143 1966 2213 cendum quod in poenis esse, magis est eligendum & melius est tam ex parte eligentis quam ex parte eligibilis quam non esse.
212 2195 1967 2266 Ne tamen credatur quod nullo modo omnino non esse possit magis eligi quam in poenis esse: ideo consequenter ostendit
214 2261 1969 2318 quomodo hoc sit possibile & quomodo non: & distinguit: quod voluntas eligere potest: aut vt est natura: aut vt est deli-
208 2301 1969 2375 beratiua. Primo modo dicit quod nullo modo potest appetere non esse: sed esse solummo qualecumque sit, etiam
214 2366 1966 2426 si sit poenale, magis appetit quam non esse. licet enim vnum esse magis appetat quam aliud esse: vt esse non poena-
202 2421 1972 2492 le quam poenale: non esse tamen nunquam omnino eligit. non enim odit esse poenale nisi propter naturale desiderium
205 2462 1969 2550 quietis: quae non nihil: sed aliquid est. & ideo dicit. Siquis dixerit: non esse quam miserum esse me mallem: respon
208 2525 1972 2590 debo mentiris. quia cum miser esse nolis esse vis tamen. Si vero voluntas eligat aliquid vt deliberatiua, tunc sub
215 2567 1970 2638 distinguit. aut enim voluntas est deliberata ratione recta: aut falso errore decepta. Primo modo distin
213 2635 1961 2704 gui potest de non esse quia ipsum non esse propositum: aut est non esse simpliciter. sic adhuc non potest plus eligere
210 2688 1967 2758 non esse quam esse poenale. quia vt dictum est non esse simpliciter nihil habet in se eligibilis. & recta ratio
203 2735 1964 2807 nihil eligit nisi secundum se eligibile. aut est non esse in vno statu propter esse melius quod expectatur in alio
202 2791 1968 2864 statu. secundum quod apostolus cupiebat dissolui & esse cum Christo magis eligens non esse in vita ista quam
209 2837 1964 2915 esse propter bonum quod expectabat in alia vita: sicut econuerso mali magis eligunt esse hic in mise-
205 2889 1969 2970 ria quam non esse: quia maiorem miseriam timent incurrere in alia vita. Si autem voluntas fuerit falso er-
203 2955 1964 3028 rore decepta: & hoc circa ipsum non esse tanquam eligibile a ratione acceptum: hoc contingit duplici-
206 3008 1956 3079 ter: aut enim ista deceptio contingit circa non esse in vno statu propter esse melius circa ipsum quod ex-
206 3056 1969 3136 pectatur in alio statu: sicut contingit de illis, vt dicit Augustinus qui vrgente miseria sese interimunt. eo
204 3104 1972 3185 quod confugiunt vbi melius sibi fore putauerunt. aut contingit circa ipsum non esse simpliciter: putan
206 3166 1980 3247 do non esse: esse quoddam eligibile plus ipso poenali esse. & hoc propter rationis obnubilationem ex poenae
