2373 3621
158 283 1898 353 esse non possit. Et signanter dicit hoc, ad differentiam illius quae erit in patria, de qua continuo sub
173 351 1900 427 dit dicens. lbi quis explicet quanta charitas erit, vbi cupiditas quam nunc coercendo superat nul
165 406 1898 482 la erit: Et amplius Augustinus primo Retracta. cap. vii. illud quod dixerat in libro de morib. ecclesiae, De
169 458 1889 517 um quem cognoscere volumus prius plena charitate diligamus: retractans exponendo ait. Melius di-
166 511 1891 582 ceretur syncera quam plena: nisi forte putatur charitatem Dei non futuram esse aiorem quando videbimus fa
165 568 1887 629 cie ad faciem. Sic itaque accipiatur tanquam plena dicta sit qua maior esse non possit quamdiu ambulamus per
164 616 1883 688 fidem. Erit enim plenior immo plenissima, sed per speciem. VNde secundum istam opinionem quae certior est
165 669 1888 737 & cui magis Augustinus consentit in iam dicta auctoritate libro Retract. respondendum est argumento quod
167 721 1892 786 pro se implicat praecedens opinio: scilicet quod Deus dat in praesenti charitatem immeritam, multo fortius ergo
177 772 1894 829 & meritam. Dicendum quod charitas necessaria fuit: quia sine illa iustificatio non fit vt iustificatus pose
175 828 1889 895 sit mereri. In merito autem ex parte merentis simul agunt charitas & liberum arbitrium: sed plus chari-
171 875 1898 955 tas: propter quid plus meretur: vt pro quanto meretur liberum arbitrium statim detur ei ad vsum: pro quan
164 931 1896 990 to vero meretur charitas, reseruetur ad praemium: quod necesse non est dari sicut charitatem primam: quia
164 986 1893 1045 sine illo poterit mereri: & forte dari non expedit: vt cum minori adiutorio liberum arb. proficiat gloriosius.
441 1037 1892 1115 Irca secundum arguitur quod charitas possit diminui cum effectum: quoniam vt dictum est
468 1100 1893 1164 supra in praecedenti quaestione, venenum charitatis &c. Cum ergo charitas potest
476 1162 1899 1226 augeri secundum diminutionem cupiditatis, & diminui poterit secundum eius augmen
474 1202 1884 1266 tum: & hoc cum effectum. cupiditas enim cum effectu & augeri potest & diminui. CON
465 1255 1894 1325 tra: illa cupiditas quae charitas diminuitur, cum non diminuitur nisi per augmentum charita-
455 1297 1895 1385 tis, aut est mortalis aut venialis. Non mortalis: quia illa omnino charitatem corrumpit. Non
475 1360 1882 1418 venialis: quia illa charitati non contrariatur: quia simul stat cum ipsa. CVM secundum superius
166 1412 1895 1478 dicta & alias in quaestione de causa suscipiendi magis & minus declarata, quantitatem non ponamus in formis
164 1471 1898 1534 ex comparatione ad aliquid vt ad subiectum aut vt obiectum: immo ex natura rei quae in sua essentia latitudi-
160 1520 1895 1572 nem habet, & partium virtualium integrantium quantitatem essentiae multitudine sua: secundum quas ex par-
167 1574 1890 1630 te formae in se sumuntur magnum & paruum: sicut caliditas vna dicitur esse maior alia: ex parte vero sub
167 1626 1899 1697 iecti & obiecti magis & minus: sicut vnum subiectum dicitur magis calidum quam aliud: & vnum dicitur magis
160 1678 1895 1740 calefacere quam aliud: augmentum igitur & diminutionem charitatis neque sumere debemus ex parte subie-
167 1733 1896 1794 cti, neque ex parte obiecti, neque ex comparatione ad vnum vel ad alterum: sed solum in ipsa in se considerata: vt ipsa
158 1786 1896 1852 primo secundum suum augmentum & diminutionem in se dicatur maior & minor: & ex hoc secundario
155 1838 1888 1898 subiectum secundum ipsam dicatur magis vel minus tale: & tertio dicatur vtrumque simul posse propriam acti
162 1889 1893 1954 onem respectu sui subiecti secundum magis & minus. Cum ergo omne augmentatum & diminutum debet ha-
157 1941 1886 2002 bere aliquid augmentans & diminuens aliud a se: nihil enim seipsum deducit de potentia ad actum: virtu-
160 1995 1894 2058 tes autem secundum Philosophum. ii. Ethicorum eodem habent generari, augmentari, & saluari: & a contrario corrum
170 2057 1895 2120 pi & diminui: charitas autem generari non habet sicut virtutes acquisitae ab actibus nostris: sed a solo
163 2104 1897 2163 Deo eam infundente, Ro. v. Charitas Dei diffusa est in cordibus nostris &c. nullo ergo modo ab acti
163 2155 1890 2217 bus nostris habet corrumpi aut diminui secundum aliquem modorum tactorum superius quo generantur ha
157 2207 1891 2277 bitus aut augmentantur, corrumpuntur aut diminuuntur. lta etiam quod per se effectiue nec ab actibus peccati cor
154 2261 1897 2329 rumpi aut diminui possit. ADeo autem vt supra habitum est in quaedam quaestione, non causatur aliquis defectus in no
157 2313 1891 2373 bis per se: ipso per se efficiente. Etsi enim per accidens ab ipso fiat defectus poenalis: nec per se tamen nec per
156 2366 1887 2433 accidens defectus culpabilis. Diminutio ergo aut corruptio charitatis etsi fiat ab ipso, hoc est solum
155 2423 1891 2483 per accidens & non per se: & inquantum habet rationem poenae non culpae: & hoc non nisi debitae peccato. lta
155 2475 1886 2539 quod si peccatum non sit causa effectiua corruptionis aut diminutionis charitatis, est tamen causa meritoria
156 2522 1889 2582 Peccatum autem mortale non meretur nisi charitatis corruptionem. Non potest autem diminui nisi aliquid eius ma-
156 2583 1886 2641 neat. Pccatio ergo mortali merente non diminuitur charitas. Relinquitur ergo si charitas diminuatur, quod hoc sit
149 2628 1880 2686 aut merente peccato veniali, aut solo Deo agente absque merito omnis peccati. Secundum est inconueniens: quia
153 2680 1886 2749 non potest esse poena a Deo inflicta sine culpa: quia hoc crudelitatis & iniquitatis est. Relinquitur ergo si chari
160 2732 1892 2787 tas diminuatur quod hoc non sit nisi merito venialis. quod forte alicui videri posset volenti ponere charita-
148 2785 1895 2845 tem diminui per veniale. quoniam cupiditas quaelibet maior & minor cum sit eiusdem rationis, quia ex eadem radice fomi
150 2837 1894 2902 tis, proueniens, eiusdem debet esse efficaciae in agendo: sed proportionaliter. In talibus autem illud quod natum est corrumpi
155 2886 1902 2955 a maiori, saltem natum est secundum suam anologiam a minore diminui. Cum ergo magna cupiditas vt in mortali
152 2943 1898 3009 peccato omnino charitatem corrumpat, & perua in veniali saltem aliquantulum diminuet charitatem. Et hoc confirmatur
159 3003 1903 3061 hoc modo quoniam Deus ex se nullo modo est causa corruptionis charitatis nisi per auersionem voluntatis
156 3045 1898 3112 hominis a Deo: ergo sicut voluntate omnino auersa a Deo vt per mortale omnino corrumpitur
153 3093 1900 3182 charitas: ita & voluntate partim auersa a Daeo vt per veniale, quo conuertendo se ad creaturam
