2449 3767
491 309 2300 392 non amando eam propter deum, nec in deo, necessario a deo quodammo auertitur, deum ex hoc tanto
488 384 2290 449 minus amando quanto magis sic amat creaturam: dicente Augustinus libro confess. O magne minus te amat qui
492 439 2286 503 tecum aliquid amat quod non propter te amat. Saltem in parte diminuitur. aliter enim cum duo ab initio in aequali cha
488 497 2290 556 ritate aequaliter deum diligentes sint: & vnus peccet venialiter & alter non: & sic Deum vnus diligit mi-
488 550 2284 622 nus quam alter: sequeretur quod aequaliter diligeret magis diligentem se & minus diligentem: quia aequaliter diligit aqua
497 607 2277 666 lem charitatem habentes. Praeterea feruor venialis diminuit feruorem charitatis in actum: feruor autem actus
485 661 2283 728 non diminuitur nisi diminutione habitus: quoniam actus proportionalis est habitui. Maior enim caliditas fer
493 719 2285 788 uentius calefacit: ergo &c. Illam autem diminutionem ponet forte aliquis per hunc modum: dicendo quod per vnum ma
488 774 2281 854 gnum veniale aut per plura perua generatur aliquis habitus cupiditatis prauae in voluntate: quo necessario
500 836 2296 896 diminuitur habitus cupiditatis bonae: quae dicitur charitas: eo quod sunt in eodem & inclinant ad contraria. Pro
494 886 2292 959 pter quod voluntas in quae sunt, quanto inclinatur ad aliquid ex habitu malo veniali, tanto minus habilis est in-
496 946 2296 1011 clinari ad aliud per habitum charitatis. Diminutio autem habilitatis inclinandi potentiam ad actum, non est nisi
497 997 2290 1048 ex diminutione habitus: quia ipse habitus nihil est aliud quam id quo potentia habilitatur & inclinatur. Quia si
503 1052 2287 1109 sic: cum charitas quae est in quolibet, finita est: & illud quo diminuitur per illum habitum venialium necessario
505 1108 2287 1168 est aliqua pars eius finita: qua aliquotiens ablata necessario consumitur & aufertur totum: ergo consimile aut
499 1160 2290 1220 consimilia venialia iterata in tantundem diminuent: & sic multotiens venialia multiplicando & habitum illum
503 1217 2277 1292 augmentando, infinita charitas ex venialibus sine mortali corrumperetur omnino: quid non tenetur. Sed dicet quod
497 1275 2286 1338 habitus huiusmodi ex venialibus generatus habet terminum in gradu quodam vltra quem non est natus augmen-
501 1328 2286 1401 tari stante charitate: ita quod proportionaliter illi gradui diminuet charitatem: & illud quod manet non dimi
500 1380 2278 1450 nuitur omnino per venialia: sed corrumpitur per mortale: quoniam postquam deuentum esset ad illum gradum non posset pecca
504 1439 2279 1511 re nisi mortaliter si ageret aliquem actum conformen illi habitui. Sed tunc agendo actum ex illo habitu ipsicom
492 1492 2281 1553 formen in quaelitate, aut necesse est eum agere actum conformen habitui in quantitate: vt tanta libidine ponat
501 1548 2279 1613 se in actum, ad quantam habitus quantum est in se inclinat: aut non: sed potest voluntas semet ipsam
502 1605 2277 1666 temperare vt actum eliciat ex minori libidine quam sit illa ad quam inclinat habitus. Si isto secundo modo: tunc
495 1661 2280 1727 qua ratione ponst voluntas se temperare modicum contra inclinationem habitus: eadem ratione multum propter
497 1711 2284 1791 eius libertatem: cum etiam se possit totaliter retrahere actum talem conformen habitui non agendo: aut actum eti
488 1770 2282 1842 am contrarium agendo. Sed multum se temperando non peccaret nisi venialiter: & tamen illo actu praedictus habitus
496 1831 2290 1898 augeretur stante charitate: qui tamen ponitur secundum dictum praemissum esse in termino vt non possit augeri vlterius
494 1880 2281 1954 quin efficeretur mortalis: quo charitas corrumperetur. Si autem primo modo: tunc talis existens in charitate aut posset stare
492 1941 2278 2004 continue non peccando omnino nec mortaliter nec venialiter: aut necesse haberet peccare mortaliter. quo
489 1986 2276 2054 rum neutrum tenetur. Sed dicet quod talis posset vitare omne quod de genere suo esset mortale: & illud quod
491 2042 2280 2115 alias de genere suo esset veniale, & ex veniali libidine natum procederet. Ratione tamen illius habitus vitiosi com-
488 2110 2282 2176 nexi multum inclinantis ad libidinem, actus ille ex suo genere venialis elici non posset nisi ex libidine morta
489 2161 2275 2224 li: & ideo necessario esset peccatum mortale. Quod non potest stare, vt patet ex dictis circa membrum secundum
497 2206 2280 2289 quoniam actus elicitus non debet elici secundum totam virtutem habitus cui est coniunctus. Quamquam ergo actui
492 2268 2281 2344 illi veniali de genere suo sit coniunctus habitus ille: non tamen oportet ipsum elici libidine proportionali illi ha
495 2321 2284 2390 bitui: sed solum proportionali actui iuxta temperamentum voluntatis: & sic non erit nisi venialis: & necessa
497 2375 2277 2449 rio augebit dictum habitum solus vel coniunctus cum pluribus consimilibus: & sequetur sicut prius, quod ha
496 2425 2281 2501 bitus charitati per sola venialia possit corrumpi: si per ea posset diminui. Quid est ergo: diminuitur ne cha-
492 2492 2272 2564 ritas merito venialis peccati: Hoc reuera nullo modo ponendum est. AD cuius intellectum sciendum est quod
494 2537 2279 2618 aliter se habent habitus insusi ad potentias animae: & habitus acqusiti. Habitus enim acquisiti nihil aliud
495 2592 2287 2658 sunt nisi ipsae habilitates quaedam ad actus consimiles in potentiis animae illis a quibus sunt generati, vel perstu
498 2647 2273 2726 dium quo ad intellectuales, vel per exercitium quo ad morales. Habitus vero infusi non sunt ipsae habilita
497 2706 2288 2778 tes in potentiis: quia tunc non essent alterius rationis quam habitus acquisiti: & non differrent nisi per generans &
494 2756 2283 2833 generandi modum propter quae generatum non diuersificaret speciem,. quemadmodum non differret calor generatus
496 2810 2289 2886 in aqua naturaliter ab igne: & supernaturaliter a deo. Sed sunt habitus infusi quaedam picturaespi
498 2877 2278 2939 rituales quasi colores in potentiis animae ipsis potentiis superadditae: a quibus habilitates quaedam &
503 2923 2283 2999 inclinationes imprimuntur in potentiis: & hoc per ipsam substantiam habituum: & per suos actus su
502 2976 2284 3048 pernaturales circa sua obiecta vt iam dicetur. Dicendum est igitur quod circa essentiam habituum su
496 3036 2280 3101 pernaturalium nihil omnino agere possunt nostrae actiones siue bonae siue malae nisi meritorie. Vnde
505 3090 2288 3157 & actiones bonae sicut non generant charitatem in nobis: sed solus Deus eam creat in nobis: siccha
500 3138 2291 3211 ritatem generatam non augmentant nisi meritorie: sed ipse solus immediate augmentat qui gene
492 3188 2283 3266 rat. Et econtra sicut bonae non generant nec augmentant nisi meritorie: sic nec corrumpunt nec di
496 3247 2278 3323 minuunt effectiue: sed meritorie tantum eam corrumpunt malae morales. Sed illud quod faciunt actio-
