2438 3730
159 326 1958 402 nes nostrae per se & effectiue, est quod generant in nobis habilitates quae sunt habitus acquisiti boni vel
166 396 1941 462 mali: & destruunt habilitates contrarias. Sed differentia est in hoc circa actiones nostras bonas & ma
168 455 1941 517 las: quod actiones nostrae malae non solum destruunt habilitates ad actus morales virtutum moralium &
164 505 1943 572 infusarum & generant contrarias: sed etiam omnino diuertunt a fine vltimo, vel retrahunt cum hoc quod auer
157 557 1936 624 tunt a fine virtutum moralium, quia omnis finis bonus inferior ordinatur ad superiorem secun
167 611 1940 670 dum Philosophum secundo Ethicorum. Et ideo omnes simul ordinantur ad vnum finem vltimum
164 662 1933 729 Opera vero nostra bona etsi per habilitates quas inducunt ad finem operabilem a nobis: in quali
160 715 1930 783 Philosophus posuit nostram felicitatem: qua secundum ipsum debemus esse beati vt homines: vt
166 781 1928 837 illum finem includunt: non tamen ordinant ad finem vltimum separatum a nobis: in quali ponit
166 830 1927 886 Theologus nostram felicitatem qua beati erimus vt angeli: sed solum quasi disponunt a remotis
163 885 1927 948 ad ipsum: & hoc quia illud bonum est superexcellens & supernaturale: propter quod meritorie
165 937 1926 1001 possunt opera mala corrumpere habitus infusos: non autem bona possunt eos generare. Peccata er
162 994 1932 1054 go nec mortalia nec venialia attingunt per se habitum virtutis charitatis: nec aliquid circa ipsum ope
169 1040 1933 1111 rantur: sed per peccata mortalia aliquid efficitur priuatiue circa hominem, quo facto necessario
167 1103 1929 1159 charitas corrumpitur in homine potius quam aliquo modo diminuatur. Per peccata vero venialia
170 1145 1925 1206 nihil efficitur quo charitas corrumpatur aut diminuatur. Sic ergo dicendum quod charitas a nulla
172 1197 1931 1268 operatione nostra nec mortali nec veniali potest diminui: sed tantum a mortali corrumpi. AD
167 1261 1928 1318 cuius intellectum debemus aduertere, quod charitas in nobis est lumen sprituale in recta ordinatione
168 1304 1932 1370 nostra ad Deum conuertentem nos ad se: in nobis generatum a deo vt a luce quadam: quemadmo
163 1362 1922 1427 dum in nostro oculo est lumen corporale in recta oppositione secundum situm oculi nostri ad lu-
169 1417 1930 1481 men solis generatum ab ipso. Nunc autem per peccatum mortale homo ponit sibi alium finem a Deo simpli
162 1470 1930 1535 citer & absolute in creatura: non secundum quod est ordinata ad Deum neque in ordinatione ad Deum
166 1522 1930 1582 neque sub Deo: immo simpliciter & absolute quaerit delectari in ea: etiam si perpetuo deberet Deo ca
166 1567 1929 1640 rere: per quid homo omnino se diuertit ex ordinatione ad lucem illam: in quo aliquid agit quo quantum
165 1631 1927 1691 est de se dignus est vt fine priuetur omnino. quemadmodum diuertens se a recta oppositione ad
170 1682 1932 1744 solem, priuat se lumine solis. Quo facto meretur quod Deus desinat facere circa lume generatum in eo quid
170 1740 1929 1806 prius fecit: quid erat ipsum conseruare in esse: & sic deo non faciente aliquid: sed desinente virtutem su
171 1791 1930 1855 am tenere in eo quid fecit, charitas in nihilum cadit: ipso tamen manente per essentiam vbi prius erat per
167 1852 1920 1910 gratiam charitatis: quia lux in tenebris lucet: sed non illuminat: & manet semper praesens oculo caeco
170 1904 1923 1965 paratus ad iterum illuminandum: sed oculus manens auersus, vt dictum est, non est praesens illi: quia
164 1944 1930 2011 non est habens ordinem voluntatis ad illum, sicut nec oculus auersus a sole. Quod enim ibi facit situs.
165 1999 1940 2070 hoc facit hic ordo. Per peccatum autem veniale etsi homo alium finem sibi ponit a Deo, scilicet.
176 2055 1930 2114 creaturam: & hoc quo ad illum actum tanquam vltimum dilectionis libidinosae: quia non est in or-
171 2113 1926 2180 dine ad vlteriorem libidinem mortalem: neque etiam in ordine ad finem vltimum omnis boni qui
173 2159 1926 2228 Deus est: non tamen simpliciter & absolute ponit sibi talem finem quaerendo delectari in eo, si-
165 2218 1922 2281 cut facit in peccato mortali: vt dictum est. In quo peccator ponit finem non solum quo ad illum
165 2265 1918 2332 actum: sed simpliciter omnino excludendo finem vltimum omnis boni vt dictum est. immo si per hoc
173 2329 1919 2385 existimaret omnino alienari a Deo, nullo modo illud ageret. Hunc ergo finem ponit sibi sub Deo:
174 2377 1922 2435 Deum scilicet per amorem praeferendo. Propter quod hoc peccato penitus se non diuertit a recto
171 2429 1921 2494 ordine ad Deum: sed manet in ipso, quemadmodum aliquis non diuertit oculum a recta opposi-
175 2481 1918 2547 tione ad solem per hoc quod attendit aliquid visibile medium inter ipsum & solem: & maxime cum
169 2534 1919 2603 vlterius simul protendit oculum ad solem. Sed sicut iste actualem intensionem intuendo solem ali-
176 2592 1917 2654 quantulum minuit: sic ille actualem affectionem circa Deum. Cum hoc tamen quod eam aliquantu-
175 2640 1912 2703 lum in creatura ponit:, ipsam vlterius extendit feruentius quod non facit peccans mortaliter. Vn-
173 2699 1917 2761 de Augustinus exponens illud primae Corinthi. tertio. lpse autem saluus erit: sic tamen quasi
169 2749 1918 2819 per ignem. de aedificantibus super fundamentum quod est Christus, lignum, foenum, stipulam, su-
169 2808 1913 2870 per Psalmum octogesimum in originali dicit sic. Rebus infirmitati concessis inhaerent aliquan-
175 2859 1910 2917 tulum delectatione. Et exponit quomodo, de aliquo illorum subdens. Non rapit villam alie-
166 2915 1914 2972 nam: sed sic amat suam, vt si perdiderit conturbetur. Non appetit vxorem alienam: sed sic in-
167 2961 1922 3023 haeret siue commiscetur suae vt modum ibi non teneat: non totum cor suum leuat: sed aliquam
169 3021 1917 3085 partem in terram trahit. Ad quem dirigens sermonem subdit dicens. Si sic amas possessionem
167 3069 1911 3153 tuam, vt si dicatur tibi, ipsam vis an Christum: etsi tristis eam perdis, plus tamen amplecteris
