<?xml version="1.0" encoding="UTF-8" standalone="yes"?>
<PcGts xmlns="http://schema.primaresearch.org/PAGE/gts/pagecontent/2013-07-15" xmlns:xsi="http://www.w3.org/2001/XMLSchema-instance" xsi:schemaLocation="http://schema.primaresearch.org/PAGE/gts/pagecontent/2013-07-15 http://schema.primaresearch.org/PAGE/gts/pagecontent/2013-07-15/pagecontent.xsd">
    <Metadata>
        <Creator>prov=University of Rostock/Institute of Mathematics/CITlab|PLANET AI GmbH/Gundram Leifert/gundram.leifert@planet-ai.de:name=Badius1518-m5(htr_id=23184)::::v=2.6.6
prov=University of Rostock/Institute of Mathematics/CITlab|PLANET AI GmbH/Tobias Gruening/tobias.gruening@planet-ai.de:name=de.uros.citlab.module.baseline2polygon.B2PSeamMultiOriented:v=2.6.6
prov=University of Rostock/Institute of Mathematics/CITlab|PLANET AI GmbH/Tobias Gruening/tobias.gruening@planet-ai.de:name=/net_tf/LA73_249_0mod360.pb:de.uros.citlab.segmentation.CITlab_LA_ML:v=2.6.0
Transkribus</Creator>
        <Created>2019-12-09T23:47:27.699+01:00</Created>
        <LastChange>2020-04-22T17:26:29.974+02:00</LastChange>
        <TranskribusMetadata docId="291873" pageId="11634981" pageNr="448" tsid="28152220" status="IN_PROGRESS" userId="25065" imgUrl="https://files.transkribus.eu/Get?id=HRJDJIVUAGJVSPTMSJYDRHPO&amp;fileType=view" xmlUrl="https://files.transkribus.eu/Get?id=TWOPYRIXZZXZBBYIZBVGSZHS" imageId="8014020"/>
    </Metadata>
    <Page imageFilename="447.jpg" imageWidth="2426" imageHeight="3733">
        <ReadingOrder>
            <OrderedGroup id="ro_1587600644701" caption="Regions reading order">
                <RegionRefIndexed index="0" regionRef="TextRegion_1582331282915_4023"/>
            </OrderedGroup>
        </ReadingOrder>
        <TextRegion orientation="0.0" id="TextRegion_1582331282915_4023" custom="readingOrder {index:0;}">
            <Coords points="461,298 2242,296 2278,3209 488,3213"/>
            <TextLine id="r2l2" custom="readingOrder {index:0;}">
                <Coords points="766,371 2159,373 2233,368 2233,294 766,308"/>
                <Baseline points="778,354 850,353 922,352 994,351 1066,350 1139,350 1211,350 1283,350 1355,351 1427,351 1500,351 1572,351 1644,352 1716,352 1788,352 1861,351 1933,351 2005,350 2077,349 2149,347 2222,346"/>
                <TextEquiv>
                    <Unicode>lrca tertium arguitur: quod non sit necesse poenitentem resurgere in aequali vel maio- </Unicode>
                </TextEquiv>
            </TextLine>
            <TextLine id="r2l3" custom="readingOrder {index:1;}">
                <Coords points="762,415 2243,409 2242,365 2043,361 762,380"/>
                <Baseline points="773,409 849,407 926,406 1003,405 1080,405 1156,404 1233,404 1310,404 1387,404 1464,404 1540,404 1617,404 1694,404 1771,404 1848,404 1924,404 2001,404 2078,403 2155,402 2232,402"/>
                <TextEquiv>
                    <Unicode>ri charitate, quia innocens magis est dispositus ad charitatis susceptionem quam peccator </Unicode>
                </TextEquiv>
            </TextLine>
            <TextLine id="r2l4" custom="readingOrder {index:2;}">
                <Coords points="773,474 2216,480 2240,413 773,418"/>
                <Baseline points="785,461 857,460 929,459 1001,458 1074,457 1146,457 1218,457 1290,457 1363,457 1435,457 1507,457 1579,457 1652,458 1724,458 1796,458 1868,458 1941,457 2013,457 2085,456 2157,455 2230,454"/>
                <TextEquiv>
                    <Unicode>Sed innocens recipiendo gratiam in innocentia sua, non necessario tantam accipit aut aequalem</Unicode>
                </TextEquiv>
            </TextLine>
            <TextLine id="r2l5" custom="readingOrder {index:3;}">
                <Coords points="766,522 2090,536 2244,514 2244,471 766,479"/>
                <Baseline points="777,512 849,512 922,513 995,513 1068,513 1141,513 1213,513 1286,513 1359,513 1432,513 1505,513 1577,513 1650,513 1723,513 1796,513 1869,512 1941,512 2014,512 2087,511 2160,511 2233,510"/>
                <TextEquiv>
                    <Unicode>illi quam ille amisit: ergo &amp;c. In contrarium est Ambr. qui dicit quod per poenitentiam omnia re</Unicode>
                </TextEquiv>
            </TextLine>
            <TextLine id="r2l6" custom="readingOrder {index:4;}">
                <Coords points="767,588 2205,587 2241,518 767,522"/>
                <Baseline points="778,571 850,570 923,568 995,567 1068,567 1140,566 1213,566 1285,566 1358,566 1430,566 1503,566 1576,566 1648,566 1721,567 1793,566 1866,566 1938,566 2011,565 2083,564 2156,563 2229,561"/>
                <TextEquiv>
                    <Unicode>parantur. CVM quaestio ista generaliter sit proposita de quantitate charitatis in resurgen</Unicode>
                </TextEquiv>
            </TextLine>
            <TextLine id="r2l7" custom="readingOrder {index:5;}">
                <Coords points="766,624 2238,635 2238,583 2133,572 766,586"/>
                <Baseline points="778,624 850,622 923,621 995,620 1068,619 1140,619 1213,618 1285,618 1358,618 1430,618 1503,619 1575,619 1648,619 1720,619 1793,619 1865,619 1938,619 2010,619 2083,618 2155,617 2228,616"/>
                <TextEquiv>
                    <Unicode>te se cundum magis &amp; minus vel aequale, quae dicit comperationem, &amp; non exprimit ad cu</Unicode>
                </TextEquiv>
            </TextLine>
            <TextLine id="r2l8" custom="readingOrder {index:6;}">
                <Coords points="775,690 2238,689 2211,626 775,634"/>
                <Baseline points="786,676 858,675 930,674 1002,674 1074,673 1146,673 1218,673 1290,673 1362,673 1434,673 1507,673 1579,673 1651,673 1723,673 1795,673 1867,673 1939,673 2011,672 2083,672 2155,671 2228,671"/>
                <TextEquiv>
                    <Unicode>ius charitatem comparatio fiat: an ad ipsius resurgentis quam cadendo amisit: aut quam pri-</Unicode>
                </TextEquiv>
            </TextLine>
            <TextLine id="r2l9" custom="readingOrder {index:7;}">
                <Coords points="447,753 2245,738 2244,686 447,701"/>
                <Baseline points="458,742 536,741 823,730 901,728 980,728 1058,727 1136,727 1215,726 1293,726 1371,726 1450,726 1528,726 1606,726 1684,726 1763,726 1841,726 1919,726 1998,726 2076,725 2154,725 2233,724"/>
                <TextEquiv>
                    <Unicode>mo iustificatus accepit: an ad charitatem alterius similiter resurgentis: aut gratiam iustificationis primo</Unicode>
                </TextEquiv>
            </TextLine>
            <TextLine id="line_1582331293580_4036" custom="readingOrder {index:8;}">
                <Coords points="450,808 2160,803 2254,749 450,752"/>
                <Baseline points="461,790 551,788 642,786 733,784 824,783 915,782 1006,781 1097,781 1188,780 1279,780 1370,780 1460,780 1551,780 1642,780 1733,780 1824,780 1915,780 2006,780 2097,780 2188,779 2242,779"/>
                <TextEquiv>
                    <Unicode>recipientis: &amp; de omnium istorum gratia comperatio possit intelligi: multiplex ergo valde quaestio est, &amp; multos si</Unicode>
                </TextEquiv>
            </TextLine>
            <TextLine id="r2l12" custom="readingOrder {index:9;}">
                <Coords points="450,862 2072,855 2247,846 2247,799 450,808"/>
                <Baseline points="461,845 549,842 638,840 727,838 815,836 904,835 993,834 1081,834 1170,834 1259,834 1348,834 1436,834 1525,834 1614,835 1702,835 1791,835 1880,835 1968,834 2057,833 2146,832 2235,831"/>
                <TextEquiv>
                    <Unicode>nus habet. EXplicantes ergo eam per partes, dicimus: quod si intelligatur comperatio ad charitatem alte</Unicode>
                </TextEquiv>
            </TextLine>
            <TextLine id="r2l13" custom="readingOrder {index:10;}">
                <Coords points="459,909 2245,903 2244,847 2161,839 458,860"/>
                <Baseline points="469,898 557,895 645,893 733,891 821,890 910,889 998,888 1086,888 1174,887 1262,888 1351,888 1439,888 1527,888 1615,888 1703,889 1792,889 1880,889 1968,888 2056,888 2144,887 2233,885"/>
                <TextEquiv>
                    <Unicode>rius resurgentis, tunc est quaestio: vtrum omnes resurgentes a peccato in aequali gratia resurgant: siue</Unicode>
                </TextEquiv>
            </TextLine>
            <TextLine id="r2l14" custom="readingOrder {index:11;}">
                <Coords points="457,954 2111,963 2252,948 2252,899 457,911"/>
                <Baseline points="469,951 557,948 646,947 734,945 823,944 912,943 1000,943 1089,942 1178,942 1266,942 1355,943 1444,943 1532,943 1621,943 1710,943 1798,943 1887,942 1976,941 2064,940 2153,938 2242,936"/>
                <TextEquiv>
                    <Unicode>vtrum sit aequalis gratia poenitentialis in omnibus. Et dicunt aliqui quod gratia poenitentialis mensuratur</Unicode>
                </TextEquiv>
            </TextLine>
            <TextLine id="r2l15" custom="readingOrder {index:12;}">
                <Coords points="456,1019 2150,1019 2242,1012 2242,953 456,954"/>
                <Baseline points="467,1003 555,1001 643,999 731,998 820,997 908,996 996,996 1084,995 1173,995 1261,995 1349,995 1437,995 1526,996 1614,996 1702,996 1790,996 1879,995 1967,995 2055,994 2143,994 2232,992"/>
                <TextEquiv>
                    <Unicode>secundum conatum illius qui eam recipit: &amp; ideo cum post peccatum potest homo multum conari aut parum</Unicode>
                </TextEquiv>
            </TextLine>
            <TextLine id="r2l16" custom="readingOrder {index:13;}">
                <Coords points="462,1075 2106,1072 2243,1060 2243,1010 461,1019"/>
                <Baseline points="473,1057 561,1055 649,1053 737,1052 825,1051 913,1050 1001,1049 1089,1049 1177,1049 1265,1049 1353,1049 1441,1049 1529,1049 1617,1049 1705,1049 1793,1049 1881,1049 1969,1048 2057,1048 2145,1047 2233,1045"/>
                <TextEquiv>
                    <Unicode>&amp; vnus plus quam alter: &amp; Deus quantum in se est paratus est gratiam dare secundum quod quisque paratus est eam recipere: nec</Unicode>
                </TextEquiv>
            </TextLine>
            <TextLine id="r2l17" custom="readingOrder {index:14;}">
                <Coords points="465,1127 2249,1125 2249,1060 465,1071"/>
                <Baseline points="477,1111 565,1109 653,1107 741,1106 829,1105 917,1104 1005,1104 1093,1103 1181,1103 1269,1103 1357,1104 1445,1104 1533,1104 1621,1104 1709,1104 1797,1104 1885,1104 1973,1104 2061,1103 2149,1102 2238,1101"/>
                <TextEquiv>
                    <Unicode>ei aliqua mensura charitatis conferendae praefigitur: oportet dicere quod aliquis potest resurgere in maiori chari</Unicode>
                </TextEquiv>
            </TextLine>
            <TextLine id="r2l18" custom="readingOrder {index:15;}">
                <Coords points="464,1179 2196,1177 2255,1118 464,1127"/>
                <Baseline points="475,1165 563,1163 651,1162 740,1160 828,1159 917,1159 1005,1158 1094,1158 1182,1158 1271,1158 1359,1158 1447,1158 1536,1158 1624,1158 1713,1158 1801,1158 1890,1157 1978,1157 2067,1156 2155,1155 2244,1154"/>
                <TextEquiv>
                    <Unicode>tate vel minori aut aequali cum altero. Sed cum ille conatus quia est in detestatione peccati &amp; ad gratiae ade- </Unicode>
                </TextEquiv>
            </TextLine>
            <TextLine id="r2l19" custom="readingOrder {index:16;}">
                <Coords points="460,1242 2214,1231 2250,1164 459,1185"/>
                <Baseline points="470,1218 558,1216 646,1214 735,1213 823,1212 912,1211 1000,1211 1088,1211 1177,1210 1265,1210 1354,1210 1442,1210 1530,1210 1619,1210 1707,1211 1796,1210 1884,1210 1972,1210 2061,1209 2149,1209 2238,1208"/>
                <TextEquiv>
                    <Unicode>ptionem, &amp; ita ad supernaturale bonum, non potest esse sine aliqua gratia praeueniente liberum arbitrium: &amp; incli</Unicode>
                </TextEquiv>
            </TextLine>
            <TextLine id="r2l20" custom="readingOrder {index:17;}">
                <Coords points="461,1289 2096,1288 2247,1276 2247,1220 461,1242"/>
                <Baseline points="471,1271 559,1269 647,1268 735,1267 823,1266 912,1265 1000,1265 1088,1265 1176,1264 1264,1264 1353,1265 1441,1265 1529,1265 1617,1265 1705,1265 1794,1265 1882,1265 1970,1265 2058,1264 2146,1264 2235,1263"/>
                <TextEquiv>
                    <Unicode>nante ipsum ad illum motum: &amp; ita praeueniens omnem conatum, nec est data secundum mensuram conatus: quia non datur</Unicode>
                </TextEquiv>
            </TextLine>
            <TextLine id="r2l21" custom="readingOrder {index:18;}">
                <Coords points="484,1338 2201,1335 2252,1274 484,1284"/>
                <Baseline points="495,1325 582,1323 669,1321 756,1320 844,1319 931,1319 1018,1318 1106,1318 1193,1318 1280,1319 1368,1319 1455,1319 1542,1319 1629,1319 1717,1319 1804,1319 1891,1318 1979,1318 2066,1316 2153,1315 2241,1313"/>
                <TextEquiv>
                    <Unicode>regulariter gratia praeueniens secundum mensuram operum sequentium: quoniam tunc omnes qui maiori genra ex meritis suis</Unicode>
                </TextEquiv>
            </TextLine>
            <TextLine id="r2l23" custom="readingOrder {index:19;}">
                <Coords points="469,1396 2249,1388 2185,1325 469,1342"/>
                <Baseline points="481,1380 568,1378 656,1376 744,1374 832,1373 920,1372 1008,1372 1095,1371 1183,1371 1271,1371 1359,1372 1447,1372 1535,1372 1623,1372 1710,1372 1798,1372 1886,1372 1974,1371 2062,1371 2150,1369 2238,1368"/>
                <TextEquiv>
                    <Unicode>habita glorificantur, maiori gera praeuenirentur: quid non ponitur: si ergo illa genra sit gratum faciens &amp; iustificans</Unicode>
                </TextEquiv>
            </TextLine>
            <TextLine id="r2l24" custom="readingOrder {index:20;}">
                <Coords points="473,1437 2165,1445 2253,1393 473,1399"/>
                <Baseline points="485,1433 572,1431 660,1429 748,1428 836,1427 924,1426 1011,1426 1099,1426 1187,1426 1275,1426 1363,1426 1450,1426 1538,1426 1626,1426 1714,1426 1802,1426 1889,1426 1977,1425 2065,1425 2153,1423 2241,1422"/>
                <TextEquiv>
                    <Unicode>non est verum quod datur secundum mensuram conatus. Si vero sit gratia gratis data praeueniens iustifica</Unicode>
                </TextEquiv>
            </TextLine>
            <TextLine id="r2l25" custom="readingOrder {index:21;}">
                <Coords points="471,1495 2248,1502 2230,1432 471,1437"/>
                <Baseline points="481,1486 568,1484 656,1483 744,1482 832,1481 920,1480 1007,1480 1095,1480 1183,1480 1271,1480 1359,1480 1446,1480 1534,1480 1622,1480 1710,1480 1798,1480 1885,1480 1973,1479 2061,1479 2149,1478 2237,1477"/>
                <TextEquiv>
                    <Unicode>tionem, &amp; liberi arb. conatum: oportet ergo quod ipsa ex se fine omni liberi arbitrii cooperatione liberum arbit. incli</Unicode>
                </TextEquiv>
            </TextLine>
            <TextLine id="r2l26" custom="readingOrder {index:22;}">
                <Coords points="473,1555 2180,1558 2245,1549 2245,1495 472,1506"/>
                <Baseline points="484,1540 571,1538 659,1537 746,1536 834,1535 921,1534 1009,1534 1096,1534 1184,1533 1271,1533 1359,1534 1446,1534 1534,1534 1621,1534 1709,1534 1796,1533 1884,1533 1971,1532 2059,1531 2146,1530 2234,1528"/>
                <TextEquiv>
                    <Unicode>net &amp; trahat aut impellat in peccati detestationem &amp; gratiae appetitum suo primo impulsu, vt liberum ar- </Unicode>
                </TextEquiv>
            </TextLine>
            <TextLine id="r2l27" custom="readingOrder {index:23;}">
                <Coords points="476,1607 2235,1607 2248,1549 476,1554"/>
                <Baseline points="487,1593 574,1592 662,1590 749,1589 837,1588 924,1587 1012,1587 1099,1587 1187,1586 1274,1586 1362,1587 1450,1587 1537,1587 1625,1587 1712,1587 1800,1587 1887,1587 1975,1586 2062,1586 2150,1585 2238,1584"/>
                <TextEquiv>
                    <Unicode>bitrium non moueat nisi motum. Cui impulsui primo si liberum arbitrium non resistit: quaero vtrum statim an- </Unicode>
                </TextEquiv>
            </TextLine>
            <TextLine id="r2l28" custom="readingOrder {index:24;}">
                <Coords points="475,1655 2005,1667 2227,1658 2256,1604 475,1606"/>
                <Baseline points="485,1647 577,1645 670,1643 762,1642 855,1642 947,1641 1040,1641 1133,1641 1225,1641 1318,1641 1410,1642 1503,1642 1595,1642 1688,1642 1781,1642 1873,1642 1966,1641 2058,1640 2151,1639 2244,1638"/>
                <TextEquiv>
                    <Unicode>tequam aliud coagat, datur gratia iustificans, aut non: sed expectatur eius coactio seu cooperatio: quae di- </Unicode>
                </TextEquiv>
            </TextLine>
            <TextLine id="r2l29" custom="readingOrder {index:25;}">
                <Coords points="484,1711 2137,1714 2258,1710 2258,1660 484,1671"/>
                <Baseline points="494,1700 581,1698 669,1697 757,1697 844,1696 932,1695 1020,1695 1107,1695 1195,1695 1283,1695 1371,1695 1458,1695 1546,1696 1634,1696 1721,1696 1809,1695 1897,1695 1984,1695 2072,1694 2160,1693 2248,1692"/>
                <TextEquiv>
                    <Unicode>citur conatus. Si primo modo, ergo vt prius non datur illa gratia secundum aliquam conatus mensuram. Si secundo </Unicode>
                </TextEquiv>
            </TextLine>
            <TextLine id="r2l30" custom="readingOrder {index:26;}">
                <Coords points="483,1764 2211,1768 2258,1707 483,1711"/>
                <Baseline points="494,1754 581,1752 669,1751 756,1750 844,1749 932,1749 1019,1749 1107,1748 1194,1748 1282,1748 1370,1748 1457,1749 1545,1749 1632,1749 1720,1749 1808,1748 1895,1748 1983,1747 2070,1746 2158,1745 2246,1744"/>
                <TextEquiv>
                    <Unicode>modo: sicut ergo quod resistenti illi impulsui non data est gratia iustificans, hoc est suo merito rebelli-</Unicode>
                </TextEquiv>
            </TextLine>
            <TextLine id="r2l31" custom="readingOrder {index:27;}">
                <Coords points="483,1818 2141,1825 2255,1812 2255,1756 482,1769"/>
                <Baseline points="493,1808 580,1806 668,1805 755,1804 843,1803 930,1802 1018,1802 1105,1802 1193,1802 1280,1802 1368,1802 1456,1802 1543,1802 1631,1802 1718,1802 1806,1802 1893,1802 1981,1802 2068,1801 2156,1800 2244,1799"/>
                <TextEquiv>
                    <Unicode>onis: sic. quod isti datur hoc non solum est quia non demeretur eam solum in hoc quod non rebellat: sed quia eam meretur</Unicode>
                </TextEquiv>
            </TextLine>
            <TextLine id="r2l32" custom="readingOrder {index:28;}">
                <Coords points="482,1877 2250,1864 2214,1815 482,1819"/>
                <Baseline points="494,1861 581,1860 668,1858 755,1857 843,1857 930,1856 1017,1856 1105,1856 1192,1856 1279,1856 1367,1857 1454,1857 1541,1857 1628,1857 1716,1857 1803,1857 1890,1856 1978,1856 2065,1855 2152,1853 2240,1852"/>
                <TextEquiv>
                    <Unicode>in eo quod conatur, merito ergo quodammodo habetur iustificatio sicut &amp; reprobatio. Sed dicetur quod ve-</Unicode>
                </TextEquiv>
            </TextLine>
            <TextLine id="r2l33" custom="readingOrder {index:29;}">
                <Coords points="487,1931 2253,1929 2252,1864 487,1881"/>
                <Baseline points="499,1914 586,1913 673,1912 760,1911 847,1910 934,1910 1021,1910 1109,1910 1196,1910 1283,1910 1370,1911 1457,1911 1544,1911 1631,1911 1719,1911 1806,1911 1893,1910 1980,1909 2067,1908 2154,1907 2242,1905"/>
                <TextEquiv>
                    <Unicode>rum est: sed illud est meritum congrui non condigni: quia non est ex gratia gratificante. Contra quod non mul</Unicode>
                </TextEquiv>
            </TextLine>
            <TextLine id="r2l34" custom="readingOrder {index:30;}">
                <Coords points="490,1978 2247,1976 2159,1913 490,1931"/>
                <Baseline points="501,1968 587,1967 674,1966 761,1965 847,1964 934,1963 1021,1963 1107,1963 1194,1963 1281,1963 1368,1963 1454,1963 1541,1963 1628,1963 1714,1963 1801,1963 1888,1963 1974,1962 2061,1962 2148,1961 2235,1961"/>
                <TextEquiv>
                    <Unicode>tum initi volo: sed minus in hoc misericordiae &amp; largitati dei dari puto: quia videtur quod sancti, maxime Augn.</Unicode>
                </TextEquiv>
            </TextLine>
            <TextLine id="r2l35" custom="readingOrder {index:31;}">
                <Coords points="486,2036 2240,2036 2240,1980 485,1980"/>
                <Baseline points="496,2021 582,2020 669,2019 755,2018 842,2017 929,2017 1015,2017 1102,2017 1188,2017 1275,2017 1362,2017 1448,2017 1535,2018 1621,2018 1708,2017 1795,2017 1881,2017 1968,2016 2054,2015 2141,2013 2228,2011"/>
                <TextEquiv>
                    <Unicode>in libris contra Pelagianos, videntur sentire quod etiam gera iustificans omnem motum ex electione liberi arbitrii pro</Unicode>
                </TextEquiv>
            </TextLine>
            <TextLine id="r2l36" custom="readingOrder {index:32;}">
                <Coords points="485,2099 2253,2088 2253,2035 485,2036"/>
                <Baseline points="495,2075 582,2073 669,2072 756,2072 844,2071 931,2071 1018,2071 1106,2071 1193,2071 1280,2071 1368,2071 1455,2071 1542,2072 1629,2072 1717,2071 1804,2071 1891,2071 1979,2070 2066,2069 2153,2067 2241,2066"/>
                <TextEquiv>
                    <Unicode>uenientem praeueniat. De quo etsi nihil definirent: tamen ratio naturalis dat quod plus deo datur: &amp; minus libe</Unicode>
                </TextEquiv>
            </TextLine>
            <TextLine id="r2l37" custom="readingOrder {index:33;}">
                <Coords points="483,2139 2244,2147 2260,2081 483,2097"/>
                <Baseline points="494,2130 581,2128 669,2127 757,2125 845,2124 932,2124 1020,2124 1108,2124 1196,2124 1283,2124 1371,2125 1459,2125 1547,2125 1634,2125 1722,2125 1810,2125 1898,2125 1985,2124 2073,2123 2161,2121 2249,2119"/>
                <TextEquiv>
                    <Unicode>ro arbitrio in iustificatione: ponendo quod statim libero arbitrio a gratia prima impulso &amp; non rebellan</Unicode>
                </TextEquiv>
            </TextLine>
            <TextLine id="r2l38" custom="readingOrder {index:34;}">
                <Coords points="483,2202 2253,2187 2224,2133 483,2139"/>
                <Baseline points="494,2184 581,2182 668,2181 756,2180 843,2179 931,2178 1018,2178 1105,2178 1193,2178 1280,2178 1368,2179 1455,2179 1542,2179 1630,2179 1717,2179 1805,2179 1892,2179 1979,2178 2067,2177 2154,2176 2242,2174"/>
                <TextEquiv>
                    <Unicode>ti gratia detur iustificans: vt ipsum non rebellare motui perceptibili gratiae sit meritum &amp; dispositio</Unicode>
                </TextEquiv>
            </TextLine>
            <TextLine id="r2l39" custom="readingOrder {index:35;}">
                <Coords points="480,2252 2243,2255 2257,2184 480,2200"/>
                <Baseline points="491,2237 578,2235 666,2234 754,2233 842,2232 929,2232 1017,2232 1105,2232 1193,2232 1280,2233 1368,2233 1456,2233 1544,2234 1631,2234 1719,2234 1807,2234 1895,2233 1982,2232 2070,2231 2158,2229 2246,2226"/>
                <TextEquiv>
                    <Unicode>congrui: &amp; non negatiue quantum est ex parte liberi arbitrii: quam quod non detur nisi post impulsum conam</Unicode>
                </TextEquiv>
            </TextLine>
            <TextLine id="r2l40" custom="readingOrder {index:36;}">
                <Coords points="479,2314 2253,2302 2253,2245 478,2256"/>
                <Baseline points="490,2292 577,2290 665,2289 752,2288 840,2287 928,2287 1015,2286 1103,2286 1190,2287 1278,2287 1366,2287 1453,2287 1541,2287 1628,2288 1716,2287 1804,2287 1891,2286 1979,2285 2066,2284 2154,2282 2242,2280"/>
                <TextEquiv>
                    <Unicode>ti: vt hoc sit meritum &amp; dispositio positiue ex parte liberi arbitrii ad suscipiendum gratiam iustifican-</Unicode>
                </TextEquiv>
            </TextLine>
            <TextLine id="r2l41" custom="readingOrder {index:37;}">
                <Coords points="486,2357 2122,2364 2252,2346 2252,2303 486,2308"/>
                <Baseline points="497,2345 584,2344 671,2342 758,2341 845,2341 933,2340 1020,2340 1107,2340 1194,2340 1281,2340 1369,2340 1456,2341 1543,2341 1630,2341 1717,2341 1805,2341 1892,2340 1979,2339 2066,2338 2153,2337 2241,2335"/>
                <TextEquiv>
                    <Unicode>tem. Nunc autem ita est quod deo semper attribuere debemus quod est dignius &amp; gloriosius &amp; magis atte</Unicode>
                </TextEquiv>
            </TextLine>
            <TextLine id="r2l42" custom="readingOrder {index:38;}">
                <Coords points="486,2406 2303,2413 2303,2351 2229,2344 486,2357"/>
                <Baseline points="497,2397 586,2396 676,2396 766,2395 855,2395 945,2395 1035,2395 1124,2395 1214,2395 1304,2395 1394,2395 1483,2395 1573,2395 1663,2395 1752,2395 1842,2394 1932,2394 2021,2393 2111,2392 2201,2391 2291,2389"/>
                <TextEquiv>
                    <Unicode>statiuum suae bonitatis &amp; liberalitatis: si sit aeque possibile. In proposito autem nihil apparet impossi prae</Unicode>
                </TextEquiv>
            </TextLine>
            <TextLine id="r2l43" custom="readingOrder {index:39;}">
                <Coords points="498,2467 2239,2464 2252,2406 498,2409"/>
                <Baseline points="508,2450 594,2449 681,2449 767,2448 854,2448 941,2448 1027,2448 1114,2448 1201,2449 1287,2449 1374,2449 1461,2449 1547,2449 1634,2449 1721,2449 1807,2448 1894,2448 1981,2447 2067,2446 2154,2445 2241,2443"/>
                <TextEquiv>
                    <Unicode>bile etiam ex parte liberi arbitrii: qui deus inclinato per gratiam gratis datam ad bonum supnaturale &amp; in pec</Unicode>
                </TextEquiv>
            </TextLine>
            <TextLine id="r2l44" custom="readingOrder {index:40;}">
                <Coords points="490,2523 2265,2506 2209,2454 490,2467"/>
                <Baseline points="501,2505 588,2504 676,2504 763,2503 851,2503 939,2503 1026,2503 1114,2502 1201,2502 1289,2502 1377,2503 1464,2502 1552,2502 1639,2502 1727,2502 1815,2501 1902,2501 1990,2500 2077,2499 2165,2498 2253,2496"/>
                <TextEquiv>
                    <Unicode>cati detestationem supnaturalem gratiam iustificantem dare possit: dum tamen motui non resistat: &amp; nondum co</Unicode>
                </TextEquiv>
            </TextLine>
            <TextLine id="r2l45" custom="readingOrder {index:41;}">
                <Coords points="487,2584 2176,2575 2250,2570 2250,2518 487,2521"/>
                <Baseline points="497,2558 584,2557 671,2556 758,2556 845,2556 932,2555 1019,2555 1107,2555 1194,2556 1281,2556 1368,2556 1455,2556 1542,2556 1629,2556 1717,2556 1804,2555 1891,2554 1978,2554 2065,2552 2152,2551 2240,2549"/>
                <TextEquiv>
                    <Unicode>netur vel cooperetur. quod mihi videtur magis sentiendum. Nihil tamen supe hoc definiendo dico: vt sic in </Unicode>
                </TextEquiv>
            </TextLine>
            <TextLine id="r2l46" custom="readingOrder {index:42;}">
                <Coords points="500,2633 2241,2629 2261,2568 500,2581"/>
                <Baseline points="510,2613 597,2611 684,2610 771,2610 858,2609 945,2609 1032,2609 1119,2609 1206,2609 1293,2610 1380,2610 1467,2610 1554,2610 1641,2610 1728,2610 1815,2609 1902,2608 1989,2607 2076,2605 2163,2603 2250,2601"/>
                <TextEquiv>
                    <Unicode>prima iustificatione deus non iustificat te sine te non rebellante: licet iustificet te sine te cooperan-</Unicode>
                </TextEquiv>
            </TextLine>
            <TextLine id="r2l47" custom="readingOrder {index:43;}">
                <Coords points="498,2685 2158,2683 2259,2669 2259,2622 498,2633"/>
                <Baseline points="510,2666 601,2665 693,2664 784,2663 876,2663 967,2663 1059,2663 1150,2663 1242,2663 1333,2664 1425,2664 1516,2664 1608,2664 1699,2664 1791,2663 1882,2663 1974,2662 2065,2660 2157,2659 2249,2656"/>
                <TextEquiv>
                    <Unicode>te: vt cooperatores dei simus solummodo gratiae iustificantis augmentum merendo: vt sic licet men-</Unicode>
                </TextEquiv>
            </TextLine>
            <TextLine id="r2l48" custom="readingOrder {index:44;}">
                <Coords points="498,2736 2188,2734 2260,2725 2260,2669 498,2684"/>
                <Baseline points="510,2720 601,2718 693,2717 784,2716 876,2716 967,2716 1059,2716 1150,2716 1242,2716 1333,2717 1425,2717 1516,2717 1608,2717 1699,2717 1791,2717 1882,2716 1974,2715 2065,2713 2157,2711 2249,2709"/>
                <TextEquiv>
                    <Unicode>suram charitatis iustificantis ponamus praefigi a deo non nisi secundum libitum suae voluntatis: quantum </Unicode>
                </TextEquiv>
            </TextLine>
            <TextLine id="r2l49" custom="readingOrder {index:45;}">
                <Coords points="489,2799 2165,2789 2266,2775 2266,2721 489,2734"/>
                <Baseline points="501,2773 588,2772 676,2771 763,2770 851,2770 939,2770 1026,2770 1114,2770 1202,2770 1289,2770 1377,2770 1465,2771 1552,2771 1640,2770 1728,2770 1815,2770 1903,2769 1991,2768 2078,2766 2166,2764 2254,2762"/>
                <TextEquiv>
                    <Unicode>tamen est ex parte liberi arbitrii recipientis: eius dispositioni quodam modo conmensurari habet, quod enim</Unicode>
                </TextEquiv>
            </TextLine>
            <TextLine id="r2l50" custom="readingOrder {index:46;}">
                <Coords points="500,2845 2252,2839 2265,2774 499,2794"/>
                <Baseline points="511,2828 598,2827 685,2825 772,2825 859,2824 947,2824 1034,2824 1121,2824 1208,2824 1295,2824 1383,2825 1470,2825 1557,2825 1644,2825 1731,2824 1819,2824 1906,2823 1993,2822 2080,2820 2167,2817 2255,2815"/>
                <TextEquiv>
                    <Unicode>recipitur in aliquo quantum est ex parte eius, recipitur per modum recipientis: cum dispositio in non resisten</Unicode>
                </TextEquiv>
            </TextLine>
            <TextLine id="r2l51" custom="readingOrder {index:47;}">
                <Coords points="498,2897 2125,2900 2257,2895 2257,2834 498,2845"/>
                <Baseline points="510,2882 596,2881 683,2880 770,2879 857,2879 943,2878 1030,2878 1117,2878 1204,2879 1290,2879 1377,2879 1464,2879 1551,2879 1637,2879 1724,2879 1811,2878 1898,2877 1984,2876 2071,2874 2158,2872 2245,2869"/>
                <TextEquiv>
                    <Unicode>do sit negatiua, &amp; in pura negatione non cadit magis &amp; minus. immo quicumque penitus non resistunt</Unicode>
                </TextEquiv>
            </TextLine>
            <TextLine id="r2l52" custom="readingOrder {index:48;}">
                <Coords points="507,2951 2266,2942 2200,2884 506,2897"/>
                <Baseline points="518,2934 604,2933 691,2932 778,2932 865,2931 952,2931 1038,2932 1125,2932 1212,2932 1299,2933 1386,2933 1472,2933 1559,2933 1646,2933 1733,2933 1820,2932 1906,2931 1993,2929 2080,2928 2167,2925 2254,2923"/>
                <TextEquiv>
                    <Unicode>vnus non magis non resistit quam alter: sed omnes aequaliter: licet resistere recipiat magis &amp; minus: quia sit par </Unicode>
                </TextEquiv>
            </TextLine>
            <TextLine id="r2l53" custom="readingOrder {index:49;}">
                <Coords points="494,3007 2269,2989 2268,2940 494,2962"/>
                <Baseline points="505,2988 592,2987 680,2987 767,2986 855,2986 943,2986 1030,2986 1118,2986 1206,2987 1293,2987 1381,2987 1469,2987 1556,2987 1644,2987 1732,2986 1819,2985 1907,2984 1995,2983 2082,2981 2170,2978 2258,2976"/>
                <TextEquiv>
                    <Unicode>aliquid positiue. ldeo puto non definiendo, quod gratia prima iustificans inquantum iustificans, quantum est ex par-</Unicode>
                </TextEquiv>
            </TextLine>
            <TextLine id="r2l54" custom="readingOrder {index:50;}">
                <Coords points="500,3056 2194,3060 2268,3044 2267,2988 499,3009"/>
                <Baseline points="510,3042 597,3041 684,3041 772,3041 859,3041 946,3041 1034,3041 1121,3041 1208,3041 1296,3041 1383,3041 1470,3041 1558,3040 1645,3040 1732,3039 1820,3039 1907,3038 1994,3037 2082,3035 2169,3033 2257,3031"/>
                <TextEquiv>
                    <Unicode>te liberi arbitrii aequaliter omnibus datur: &amp; quod sic omnis resurgens inquantum resurgens est, in aequalitate chari</Unicode>
                </TextEquiv>
            </TextLine>
            <TextLine id="r2l55" custom="readingOrder {index:51;}">
                <Coords points="508,3113 2272,3114 2272,3044 508,3061"/>
                <Baseline points="519,3094 606,3094 693,3094 780,3093 867,3093 954,3093 1041,3093 1128,3094 1215,3094 1302,3094 1389,3094 1476,3094 1563,3094 1650,3093 1737,3093 1824,3092 1911,3091 1998,3090 2085,3089 2172,3087 2260,3085"/>
                <TextEquiv>
                    <Unicode>tatis resurgit. SI vero intelligatur comperatio ad charitatem recipientis primo iustificationem a peccato ori</Unicode>
                </TextEquiv>
            </TextLine>
            <TextLine id="r2l56" custom="readingOrder {index:52;}">
                <Coords points="504,3169 2272,3143 2153,3098 504,3113"/>
                <Baseline points="516,3147 603,3147 690,3147 777,3147 865,3147 952,3147 1039,3148 1127,3148 1214,3148 1301,3148 1389,3149 1476,3148 1563,3148 1650,3148 1738,3147 1825,3146 1912,3145 2000,3144 2087,3142 2174,3140 2262,3137"/>
                <TextEquiv>
                    <Unicode>ginali tantum in paruulis, ibi non requiritur gratia praeueniens ad aliquo modo inclinandum liberum arbitrium: cu-</Unicode>
                </TextEquiv>
            </TextLine>
            <TextLine id="r2l57" custom="readingOrder {index:53;}">
                <Coords points="500,3223 2271,3217 2270,3143 500,3165"/>
                <Baseline points="512,3202 599,3202 686,3202 774,3202 861,3202 949,3202 1036,3203 1123,3203 1211,3203 1298,3203 1386,3204 1473,3204 1560,3204 1648,3203 1735,3203 1823,3202 1910,3201 1997,3200 2085,3199 2172,3197 2260,3195"/>
                <TextEquiv>
                    <Unicode>ius inclinationi poterit fieri rebellio: neque praeparatio aliqua positiua in actu liberi arbitrii: vt in ad </Unicode>
                </TextEquiv>
            </TextLine>
            <TextEquiv>
                <Unicode>lrca tertium arguitur: quod non sit necesse poenitentem resurgere in aequali vel maio- 
ri charitate, quia innocens magis est dispositus ad charitatis susceptionem quam peccator 
Sed innocens recipiendo gratiam in innocentia sua, non necessario tantam accipit aut aequalem
illi quam ille amisit: ergo &amp;c. In contrarium est Ambr. qui dicit quod per poenitentiam omnia re
parantur. CVM quaestio ista generaliter sit proposita de quantitate charitatis in resurgen
te se cundum magis &amp; minus vel aequale, quae dicit comperationem, &amp; non exprimit ad cu
ius charitatem comparatio fiat: an ad ipsius resurgentis quam cadendo amisit: aut quam pri-
mo iustificatus accepit: an ad charitatem alterius similiter resurgentis: aut gratiam iustificationis primo
recipientis: &amp; de omnium istorum gratia comperatio possit intelligi: multiplex ergo valde quaestio est, &amp; multos si
nus habet. EXplicantes ergo eam per partes, dicimus: quod si intelligatur comperatio ad charitatem alte
rius resurgentis, tunc est quaestio: vtrum omnes resurgentes a peccato in aequali gratia resurgant: siue
vtrum sit aequalis gratia poenitentialis in omnibus. Et dicunt aliqui quod gratia poenitentialis mensuratur
secundum conatum illius qui eam recipit: &amp; ideo cum post peccatum potest homo multum conari aut parum
&amp; vnus plus quam alter: &amp; Deus quantum in se est paratus est gratiam dare secundum quod quisque paratus est eam recipere: nec
ei aliqua mensura charitatis conferendae praefigitur: oportet dicere quod aliquis potest resurgere in maiori chari
tate vel minori aut aequali cum altero. Sed cum ille conatus quia est in detestatione peccati &amp; ad gratiae ade- 
ptionem, &amp; ita ad supernaturale bonum, non potest esse sine aliqua gratia praeueniente liberum arbitrium: &amp; incli
nante ipsum ad illum motum: &amp; ita praeueniens omnem conatum, nec est data secundum mensuram conatus: quia non datur
regulariter gratia praeueniens secundum mensuram operum sequentium: quoniam tunc omnes qui maiori genra ex meritis suis
habita glorificantur, maiori gera praeuenirentur: quid non ponitur: si ergo illa genra sit gratum faciens &amp; iustificans
non est verum quod datur secundum mensuram conatus. Si vero sit gratia gratis data praeueniens iustifica
tionem, &amp; liberi arb. conatum: oportet ergo quod ipsa ex se fine omni liberi arbitrii cooperatione liberum arbit. incli
net &amp; trahat aut impellat in peccati detestationem &amp; gratiae appetitum suo primo impulsu, vt liberum ar- 
bitrium non moueat nisi motum. Cui impulsui primo si liberum arbitrium non resistit: quaero vtrum statim an- 
tequam aliud coagat, datur gratia iustificans, aut non: sed expectatur eius coactio seu cooperatio: quae di- 
citur conatus. Si primo modo, ergo vt prius non datur illa gratia secundum aliquam conatus mensuram. Si secundo 
modo: sicut ergo quod resistenti illi impulsui non data est gratia iustificans, hoc est suo merito rebelli-
onis: sic. quod isti datur hoc non solum est quia non demeretur eam solum in hoc quod non rebellat: sed quia eam meretur
in eo quod conatur, merito ergo quodammodo habetur iustificatio sicut &amp; reprobatio. Sed dicetur quod ve-
rum est: sed illud est meritum congrui non condigni: quia non est ex gratia gratificante. Contra quod non mul
tum initi volo: sed minus in hoc misericordiae &amp; largitati dei dari puto: quia videtur quod sancti, maxime Augn.
in libris contra Pelagianos, videntur sentire quod etiam gera iustificans omnem motum ex electione liberi arbitrii pro
uenientem praeueniat. De quo etsi nihil definirent: tamen ratio naturalis dat quod plus deo datur: &amp; minus libe
ro arbitrio in iustificatione: ponendo quod statim libero arbitrio a gratia prima impulso &amp; non rebellan
ti gratia detur iustificans: vt ipsum non rebellare motui perceptibili gratiae sit meritum &amp; dispositio
congrui: &amp; non negatiue quantum est ex parte liberi arbitrii: quam quod non detur nisi post impulsum conam
ti: vt hoc sit meritum &amp; dispositio positiue ex parte liberi arbitrii ad suscipiendum gratiam iustifican-
tem. Nunc autem ita est quod deo semper attribuere debemus quod est dignius &amp; gloriosius &amp; magis atte
statiuum suae bonitatis &amp; liberalitatis: si sit aeque possibile. In proposito autem nihil apparet impossi prae
bile etiam ex parte liberi arbitrii: qui deus inclinato per gratiam gratis datam ad bonum supnaturale &amp; in pec
cati detestationem supnaturalem gratiam iustificantem dare possit: dum tamen motui non resistat: &amp; nondum co
netur vel cooperetur. quod mihi videtur magis sentiendum. Nihil tamen supe hoc definiendo dico: vt sic in 
prima iustificatione deus non iustificat te sine te non rebellante: licet iustificet te sine te cooperan-
te: vt cooperatores dei simus solummodo gratiae iustificantis augmentum merendo: vt sic licet men-
suram charitatis iustificantis ponamus praefigi a deo non nisi secundum libitum suae voluntatis: quantum 
tamen est ex parte liberi arbitrii recipientis: eius dispositioni quodam modo conmensurari habet, quod enim
recipitur in aliquo quantum est ex parte eius, recipitur per modum recipientis: cum dispositio in non resisten
do sit negatiua, &amp; in pura negatione non cadit magis &amp; minus. immo quicumque penitus non resistunt
vnus non magis non resistit quam alter: sed omnes aequaliter: licet resistere recipiat magis &amp; minus: quia sit par 
aliquid positiue. ldeo puto non definiendo, quod gratia prima iustificans inquantum iustificans, quantum est ex par-
te liberi arbitrii aequaliter omnibus datur: &amp; quod sic omnis resurgens inquantum resurgens est, in aequalitate chari
tatis resurgit. SI vero intelligatur comperatio ad charitatem recipientis primo iustificationem a peccato ori
ginali tantum in paruulis, ibi non requiritur gratia praeueniens ad aliquo modo inclinandum liberum arbitrium: cu-
ius inclinationi poterit fieri rebellio: neque praeparatio aliqua positiua in actu liberi arbitrii: vt in ad </Unicode>
            </TextEquiv>
        </TextRegion>
    </Page>
</PcGts>
