2431 3730
188 343 1968 436 secundum quod dicit ca. xx. Quantum valuimus autem monuimus eos qui rationem poscunt vt per intellectualem
188 428 1970 490 creaturam velut per speculum cernerent trinum deum in nostra memoria, intelligentia, voluntate. Et sequitur
190 477 1968 548 cap. xxi. Memoriae tribuens omne quid scimus, etsi non in cogitemus. Intelligentiae vero proprio modo quandam cogita
183 530 1965 601 tionis informationem. Cogitando enim quid verum inuenimus, hoc magl intelligere dicimus. Et hoc quidem in menmoria
189 581 1958 654 tursus relinquimus: sed illa est obstrusior profunditas nostrae memoriae. Vnde etiam hoc primum cum
191 640 1962 697 cogitaremus inuenimus & gignitur intimum verbum quod nullius linguae est tanquam scientia de scia & visio
188 689 1964 757 de visione: & intelligentia quae apparet in cogitatione, de intelligentia quae in menoria iam fuerat sed latebat.
186 737 1957 817 Ex quibus multum clarent superius dicta de notitia angelorum per habitus non per species impressas. De qui
184 790 1959 856 bus numquam circa vim intellectiuam Augustinus facit mentionem. Sed omnem notitiam actualis intelligentiae ex habiti
186 845 1966 913 bus scientialibus contentis in memoria, non autem ex speciebus aliis sibi impressis procedere ponit in
184 897 1960 971 hoc modo verbi & in praecedenti: appellando verbum ipsum obiectum conceptum aut actum ipso informatum
186 955 1953 1026 inquantum intellectus discursu suo illud venatus actiue se habet ad ipsum: inquantum vero ipso infor
179 1008 1961 1067 matur passiue: sicut processit prima obiectio. Appellando autem verbum totam actualem intelligentiam
188 1066 1952 1130 vt est informata actu intelligendi informato per obiectum, et parentem totam memoriam, & amorem totam
190 1120 1959 1189 voluntatem: secundum quod sunt propriae partes imaginis: hoc modo intellectus vt est informatus habitua-
181 1168 1956 1239 li notitia veluti parens generans actiuus est: & actiue se habet ad verbum: non quo ad substantiam
173 1221 1806 1293 potentiae: sed quo ad eius actualem informationis: secundum quod processit secunda obiectio.
519 1261 1980 1344 Irca secundum arguitur quod intellectus de re sibi praesenti non format verbum aliud ab ipsa Q
526 1331 1945 1397 quoniam propterea de deo cum est praesens intellectui creato per essentiam, non potest formari
521 1386 1939 1448 aliud verbum quam sit ipse. CONtra. diuina essentia est praesens diuino intellectui: & ta
519 1439 1945 1505 men de ea format verbum. DIcendum secundum iam dicta in proxima quaestione: quod verbum
534 1496 1944 1559 verum de re non est nisi vera notitia eius apud intellectum: qua res cognita si
515 1541 1949 1606 cut est in rerum natura intus obiectiue lucet in ipsa intelligentia. Lucere autem potest
179 1609 1959 1666 res obiectiue in ipsa intelligentia cognoscentis dupliciter: aut simplici intelligentia: aut intelligen-
183 1648 1951 1703 tia collatiua. Secundo modo nulla res quasi ex se praesens est intelligentiae: quia nihil est in rebus nisi sub ratione
184 1703 1946 1775 incomplexi. Sex quid sub ratione aliquam complexi praesens est intelligentiae: hoc est per eius operationem. lta quod verbum omne intelli
184 1758 1953 1820 gentiae collatiuae quodammo aliud est a re de quae concipitur. Primo modo adhuc distinguendum: quia res in
180 1818 1949 1879 simplici intelligentia potest lucere aut in ea forma & natura quam gerit in sua essentia: qua est illud quod
177 1863 1944 1935 est: & qua consistit in sua existentia: quemadmodum videt oculus colorem in pariete: aut in eius effigie: quem
177 1917 1950 1988 admodum ouis imaginatur lupum in generali quadam eius effigie, vt determinata non ad hanc materiam
176 1970 1945 2029 sicut videt eum visu: sed ad rationem situs & vbi: a quibus abstrahit intellectus effigiem per quam omnem lupum co
178 2022 1949 2095 gnoscit cum ei occurrit. Primo modo intellectus noster nihil in mundo cognoscit per essentiam cogni-
181 2076 1945 2147 ti vt est in corpore secundum statum vitae praesentis: quia non cognoscit nisi vniuersale in phantasmate vt ob
181 2130 1947 2188 iectum per se & primum: & nisi ex reflexione non cognoscit singularia vt in phantasmate ad modum
183 2184 1949 2255 quo in secundo modo praedicto cognoscuntur absentia ab imaginatiua ouis: non autem ad modum quo cognoscum
178 2233 1942 2300 tur sensibilia extra a sensu particulari. lta quod est difficile discernere quando singularia intelligimus &
174 2290 1949 2348 quando ea imaginamur. Vnde quae propria phantasmata non habent, per se a priori illa nullo modo cognoscit
175 2344 1941 2406 sed a posteriori & per effectus sensibiles: sicut cognoscit deum & seipsum: et ea quae modo per essentiam suam
176 2399 1947 2469 sunt in ipso. Quare cum illud quod de rebus concipit non est nisi effigies generalis vel secundum conditiones
180 2452 1944 2522 particulares quae sunt hic & nunci: vel vt abstractum ab eis: non autem id quod est secundum esse particulare
173 2505 1937 2568 in materia determinata: igitur de intellectum nostro planum est quod nihil sibi habet praesens per essentiam vt obie
171 2562 1939 2628 ctum cognitum secundum modum quo in se existit sub esse particulari extra. Et sic quicquid cognoscit de re particulari,
163 2614 1938 2682 non cognoscit nisi in effigie vel particulari vt existit in phantasmate iuxta secundum modum praedictum, alia quodam
166 2671 1934 2734 modo a re ipsa. Et sic de omnibus quae sunt in rebus format intellectus noster verbum aliud ab eis. Intellectus autem ange-
175 2719 1930 2789 li sicut & noster quoniam intelligit separatus vel coniunctus absque adminiculo phantasmatis intelligit res sibi
173 2771 1940 2844 praesentes per ipsarum rerum formas & essentias. Sed de ipsis rebus aliis a deo duplicem habet cognitio-
169 2825 1938 2881 nem. Cognoscit enim circa res primo aliquid sicut eius obiectum primum & per se cuiusmodi est quiditas vniuer-
173 2876 1942 2953 salis cuiusque rei. Secundo cognoscit aliquid circa res sicut eius obiectum secundarium: cuiusmodi est forma
167 2932 1935 3000 rei singularis. Primo modo cognoscit res quae praesentes ei non sunt nisi in suo vniversal: sicut est nunc cognoscimus res
164 2981 1935 3048 in suo vniversal: licet vt existente in phantasmate. Scundo modo sunt ei praesentes in suis formis, propriis. Primo ei modo res co
169 3039 1938 3110 gnoscit in vniuersali cognoscendo earum quiditates & essentias ex innatis habitibus secundum quod supra est expo
167 3095 1940 3166 situm in quaestione de notitia angelorum. Quas nos pro statu praesenti non cognoscimus, nisi per abstractio
166 3145 1935 3202 nem huiusmodi vniuersalis a phantasmatibus: non autem per habitus propter materialitatem nostri intelle-
171 3199 1944 3287 ctus: inquantum est inferioris gradus naturae quam sit intellectus angelicus. Secundo modo cognoscit eas
