2425 3730
453 291 2254 400 to continentiae dispensare. & hoc quando continentia est per se sub voto, vel essentialiter ei annexa
464 352 2249 460 quid est sub voto. Secus autem est si sit accidentaliter annexa: quemadmodum est annexum ordini sa-
470 405 2246 500 cro, scilicet ex statuto ecclesiae. In tali enim potest permanere sanctificatio fine continentia. Propter
470 476 2245 567 quod in eo potest cadere continentia sub dispensatione: non autem in illa quae habet continentiam ex vo-
468 520 2252 611 to principaliter vel ex essentiali connexione: quemadmodum habet religiosa professa. & ideo non po-
471 566 2262 665 test in ea dispensari vt nubat. EST enim dicendum quod deo sanctificatum manens sanctificatum
474 624 2252 729 non potest commutari per dispensationem in alios vsus: scilicet contrarios. Potest tamen commu-
476 673 2265 774 tari in vsum magis proficuum in quo virtute saluat votum, nec soluitur: quemadmodum si ne-
476 733 2257 821 cessitate vrgente lapides altaris in aliquem alium vsum magis proficuum dispensatiue conuerte-
480 777 2268 883 rentur. Nec est in aliquo differentia siue essentialiter siue accidentaliter sub voto cadat, qualitercum-
483 830 2261 943 que enim quis ad indifferentia se obligat siue voto, siue iuramento, siue facto, in omnibus intelligitur
484 885 2263 988 excepta superioris auctoritas. vt extra de lureiurando. Venientes. Est autem aduertendum quod bonum
491 938 2263 1032 est conditio finis: ita quod nihil est simpliciter & per se bonum nisi omnium finis. luxta illud Christi in
494 997 2259 1086 euangelio Matth. Nemo bonus nisi solus deus: alia autem nec dicenda sunt bona nisi ex ordine ad
495 1048 2259 1150 illud bonum vt ad finem. Econuerso autem malum non est simpliciter & per se (Dico moris de quo
497 1111 2265 1198 ad praesens loquimur) nisi quia auertit aut retrahit ab illo fine cuius est cupiditas in creatura vo-
501 1152 2267 1251 litiua vel praeferens bonum temporale quod est ad finem, per amorem, bono finis: cuius est cupiditas
498 1209 2271 1304 mortalis quae a fine auertit: vel laxans amorem finis propter amorem temporalem: cuius est cupi-
502 1263 2263 1356 ditas venialis a fine retrahens. In tali malo nulla cadit dispensatio nec dei, nec hominis. Sicut enim
501 1318 2270 1409 deus in se peccare non potest: nec a se retrahi vel auerti: sic nec potest facere vt creaturam a se per
507 1368 2276 1473 cupiditatem auerti vel retrahi liceat vt non peccet. Talia mala sunt quae pertinent ad strictam le-
502 1422 2268 1527 gem naturae: & propter quae cauenda & contraria agenda sunt praecepta & prohibita legis natu-
504 1483 2267 1569 rae. Aliud vero est malum quod fragili voluntati creaturae maxime hominis post pecctatum de faci-
497 1529 2274 1634 li est occasio mali simpliciter primo modo dicti: vt est vsus plurium rerum temporalium, & quo ad
503 1586 2274 1681 substantiam vsus, & quo ad modum vtendi vel non vtendi. Super quo malo cauendo inducta sunt
504 1638 2274 1734 statuta legis positiuae. Quorum quaedam sunt immediate instituta a deo: vt sunt ea quae pertinent ad
507 1691 2277 1783 sacramenta, et siqua alia sunt quae pertinent ad credenda & agenda. In talibus solus deus habet dispe
511 1747 2284 1836 sare. Talia sunt mala quae pertinent ad legem diuinam: quae largo nomine pertinent ad legem natu-
518 1797 2282 1901 rae, quia lex diuina explicat edicta legis naturae. INstituta per hominem sunt illa quae pro loco &
516 1850 2287 1945 tempore & circa personas expedit praecipi fieri vel prohiberi. consuli aut permitti. Quae licet ratione
519 1907 2284 1994 circunstantiarum loci & temporis & personarum habeant reduci ad ius naturae: accidentalem tamen
525 1958 2296 2056 ordinem habent ad ipsum, quia circunstantiae illae accidentales sunt & variabiles. Vnde illa quae re-
530 2012 2298 2109 ducuntur ad prima principia naturae habendo essentialem ordinem ad ipsa, simpliciter ad ius na-
519 2067 2290 2163 turae pertinent, & non ad ius positiuum. nisi quatenus replicantur in ipso iure positiuo ad statuto-
530 2126 2286 2210 rum ipsius confirmationem. In omnibus talibus quae sunt proprie institutionis hominis, homo le
536 2172 2296 2274 gis conditor potest dispensare: & hoc ex causis contrariis eius propter quae edicta sunt condita: se-
535 2222 2291 2323 cundum quod clarius exposuimus alias in quaestione de pluralitate praebendarum. Quia si maneant
527 2285 2293 2375 eaedem circunstantiae ratione locorum, temporum, & personarum, & etiam cessantibus omnibus quae
529 2333 2302 2425 iuste debent mouere legislatorem ad contrarium statuendum, aut dispensandum, nullo modo de
542 2384 2306 2483 berent mutari neque statuto contrario neque dispensatione: quemadmodum ab initio nec debet sta-
547 2452 2304 2532 tuere nisi quod iuxta circunstantias praedictas extantes recta ratione iudicatur esse statuendum.
543 2499 2307 2585 Quod neque debet omitti a prudenti & iusto legislatore ne statuatur: quamuis in libera potestate eius
538 2550 2305 2639 sit statuere vel non statuere & statuta reuocare vel non reuocare: ita quod non obligatur nisi sicut sta
544 2601 2303 2695 tuta nulla dispensatione habita circa ea. Quia ergo omnia humana facta quae non sunt de gene
539 2656 2303 2750 re suo contra legem naturae aut diuinae edicta, vt in continentia virginali viuere, vel in matri-
543 2711 2307 2804 monio propria habere vel non habere & caetera huiusmodi quae pertinent ad consilia legis natu
542 2760 2311 2850 rae, & quaecunque alia quo ad legem naturae & diuinam sunt indifferentia vt fieri possint & non
553 2812 2311 2904 fieri: & non sunt mala nisi quia aut lege humana sunt prohibita, aut ex voto vel iuramento sus
551 2873 2306 2964 cepta: nec debent prohiberi nec ex voto vel iuramento suscipi nisi quia pro loco, & tempore
551 2931 2318 3016 et huiusmodi sunt occasio mali aut promotio boni vel simpliciter vel huic: idcirco dico quod cum
551 2976 2311 3071 pro loco & tempore & huiusmoni sunt occasio mali & impedimentum boni vel huic vel simpliciter
543 3042 2318 3127 reipublicae: tunc non solum potest, sed debet in eis fieri dispensatio. Cum igitur votum quan-
