2338 3627
75 302 1813 382 dignitatem eius quod fieri debet: sic enim vt procedit obiectio, dispensatio in vno includeret dispensationem
78 383 1811 438 in alio, quia maius includit minus: sed fit aspectus ad periculum & difficultatem operis. Nunc autem in mino
72 422 1813 494 ri non includitur maius, sed econuerso. propter quod bene dispensatur ad vnum illorum, ita quod non ad aliud, sed non
76 482 296 546 econuerso.
395 524 1805 600 Equuntur pertinentia ad vsum sacramentorum. Vbi primum erat vnum cmoniter pertinens
386 578 1827 660 ad sacramentum ordinis & matrimonii, vtrum clericus post matrimonium celebratum &
400 635 1804 700 per verba de praesenti in facie ecclesiae: sed nondum consummatum per carnalem copulam sub
398 683 1811 746 secutam, si postmodum promoueatur in sacerdotem, possit debitum reddere vxori peten-
383 735 1806 812 ti, aut petere illud ab ipsa. Alia vero tria erant specialiter circa sacramentum mrimonii.
374 786 1796 861 ClRca primum arguitur quod sic, quia illud non est prohibitum. IN contrarium est quod sacer ordo
341 842 1799 905 in continendo comparatur voto castitatis, quare cum post votum castitatis non possit illi
72 900 1802 958 debitum reddere, aut ab ea petere, nec potest post ordinem sacrum assumptum. DIcendum quod in hac quaestione & in
81 953 1801 1018 consimilibus est aliquid considerandum quod pertinet ad naturam matrimonii, & similiter sacramenti ordis, inquantum pertinent
79 992 1817 1072 adius diuinum & institutionem Christi, quid per se pertinet ad considerationem theologi, & aliquid quod pertinet ad eius.
84 1053 1815 1122 accidentalem obseruantiam, inquantum pertinet ad ius humanum & hominis puri institutionem, quod per se pertinet
83 1103 1801 1171 ad considerationem canonistae. Quantum quidem est ex natura matrimonii secundum quod est institutum a Christo, nulla est
84 1153 1800 1223 repugnantia actus mrimonialis post ordies sacros susceptos, neque ipsius ordinis suscipiendi post mii
75 1207 1802 1277 monium iam contractum. Et ideo talis quantum est ex natura institutionis matrimonii a Christo, posset debi
84 1258 1811 1326 tum reddere & petere. Si ergo in aliquo sit impedimentum ne possit reddere, aut petere, hoc prouenit ex ali
78 1312 1799 1380 qua institutione ecclesiae. Circa constitutionem autem ecclesiae sciendum quod quousque ecclesia circa aliquid aliqua
81 1376 1799 1440 statuat, vtendum est eo secundum modum quo permittit vti eo ius comune diuinum. Cum autem in casu proposito nihil ecclesia
78 1422 1798 1489 statuit nisi quod castitatis obseruantia ordinibus sit annexa: non autem quod eorum susceptio separet matrimo-
81 1469 1804 1543 nium prius contractum: sed per carnalem copulam non consummatum: sicut statuit hoc de religionis ingressu:
84 1522 1798 1592 ideo tenendum quod talium matrimonium non separatur per ordinum sequentem susceptionem, & stante matrimonio mu
77 1579 1802 1653 lier per viri factum non debet suo iure priuari. ldeo dico quod tenetur aut religionem intrare vt sit absolutus
78 1626 1800 1698 a muliere, & ipsa poterit alteri nubere, aut tenetur debitum reddere mulieri petenti. quia non potest ei obli
88 1679 1801 1760 gatio viri ad castitatem per ordinum susceptionem in aliquo derogare. Nisi forte ei possit obiicere forni
85 1730 1812 1799 cationem carnalem, aut spiritualem. Sed quia voluntarie ordinibus susceptis se secundum statutum eccle
81 1785 1808 1851 siae obseruantiae castitatis obligauit, ideo quantum est ex se: ipsam custodire debet, & non petere debitum
78 1836 1798 1906 ab vxore. PER iam dicta patet responsio ad argumentum in oppositum: quod inquantum est ex parte viri
80 1890 1805 1952 ordo comparatur voto, vt tantum teneatur custodire castitatem propter statutum annexum susceptioni or
81 1942 1810 2010 dinum, quantum propter votum solenne. Quantum autem est ex parte mulieris & substantiae
81 1997 1808 2066 matrimonii, non est verum. quia circa ordinis susceptionem nuilum est statutum ad dissoluendum
90 2049 1808 2122 matrimonium: sicut est circa votum, non quodcunque, sed quod sit per religionis ingressum. Quantumcumque
85 2114 1812 2173 enim solenniter voueret sine religionis ingressu, cum circa illud nullum sit statutum de matrimonio sol-
88 2154 1804 2223 uendo per ipsum, sicut neque circa ordines, nullo modo impediret quin deberet ius suum reddere mu
89 2218 1336 2277 lieri petenti, licet non petere ab ea, quemadmodum dictum est de ordine.
414 2250 1808 2320 Equuntur tria vltima quae specialiter pertinent ad sacramentum matrimonii.
426 2321 1800 2388 Quorum primum pertinet ad dissolutionem matrimonialis vinculi. Vtrum matri
412 2365 1812 2434 monium rite & solenniter contractum in facie ecclesiae possit dissolui per ingressum
411 2419 1809 2484 religionis. Secundum vero pertinens ad dissolutionem thori est. Vtrum scientes vir &
412 2469 1812 2532 mulier sororem mulieris esse cognitam a marito possint mutuo debitum petere &
404 2522 1808 2589 reddere. Tertium vero pertinens ad diuisionem bonorum temporalium est, vtrum
380 2577 1805 2635 cum sint coniuges simul stantes in matrimonio solemniter & rite contracto fine co
99 2624 1802 2709 pula carnali, ignorantes an ex parte alterius sit defectus & impedimentum perpetuum ad copulam, al-
93 2689 1807 2758 tero mortuo superstes poterit diuidere bona alterius, partem sibi ex iure matrimonii ascribendo.
99 2736 1791 2810 ClRca primum arguitur quod non quia de communi consensu possunt simul stare & continere, & com-
96 2793 1803 2854 tinentiae obseruantiam simul ambo vouere, vt de caetero non debeant sese cognoscere, & tamen per
98 2840 1796 2908 hoc matrimonium inter eos non dissoluitur, quare nec similiter per religionis ingressum. IN contrarium
93 2887 1805 2958 est: quod si sit mulier permanens in saeculo, permittitur alteri nubere: quid non esset si matrimonium staret. DI-
106 2942 1811 3011 cendum ad hoc quod sacramentis vtendum est secundum modum quo a Christo erantinstituta. Nunc autem ita est
102 3000 1818 3064 quod circa dissolutionem matrimonii quo ad thori separationem habemus Christi. statutum. vbi dicit
110 3049 1815 3119 Matth. v. Ego dico vobis, quod omnis qui dimiserit vxorem suam excepta causa fornicationis &c. & circa istam
106 3101 1822 3190 dissolutionem ecclesia aliam causam non statuit, sed solum exponit secundum intellectum eius quem in ea Christus habuit
