2433 3717
164 266 1944 352 producitur ab ipso. hoc autem falsum est: quia non sunt productae ab ipso non volente: quia omnia quaecum
155 343 1950 403 quod voluit dominus fecit in caelo & in terra. ergo &c. Quia autem productio personarum praesupponatur ante
166 393 1935 459 productionem creaturarum vt causa productionis earum: arguitur. quoniam sicut se habetur bonitas creatura-
153 446 1930 512 rum ad bonitatem dei: sic & productio ad productionem. sed bonitas creaturarum praesupponit boni
162 500 1933 567 tatem dei vt causam. ergo &c. Contra, quid est ex se causa alicuius, sine omni alio potest illud agere. pater ex se
155 556 1931 622 est causa productionis creaturarum: quia nihil habet ab alio: & essentia diuina est ratio productionis
162 605 1928 667 creaturarum quam ex se habet. ergo fine aliis potest illas producere. Productio creaturarum a solo patre
147 665 1929 720 sine aliis non praesupponit personarum productionem. ergo &c. DISSOlutio huius quaestionis omnino
158 709 1926 780 dependet ex quaestione praecedenti. Errantes autem circa diuinarum personarum productionem, necesse habent
158 768 1931 834 errare circa productionem creaturarum. Vnde philosophi quia negabant: immo potius ignorabant diuina
155 829 1930 885 rum personarum productionem, ponebant deum producere creaturas de necessitate suae essentiae, non
158 873 1935 935 voluntatis libertate. Quia enim in deo non ponebant nisi intellectum simplicis intelligentiae qua intelli-
156 932 1933 999 git se & omnia alia: et similiter simplicem voluntatem qua placent ei omnia, secundum quod sunt bona in
151 979 1937 1050 sua essentia: et ponebant ista differre sola ratione: talis autem intelligentia cum hoc quod in se naturalis est
157 1037 1935 1104 modo naturali se habet ad intellecta producenda ab ipsa, producende. scilicet secundum vnum modum deter
156 1089 1931 1155 minatum: & similiter est de voluntate simplici concomitante talem intelligentiam: Idcirco necesse habe-
162 1141 1919 1203 bant ponere quod deus per essentiam suam & necessitate naturae suae: res produceret secundum optimum
157 1205 1941 1260 modum producendi: ita quod alio modo produci non possent: et quod voluntas & intellectus se haberent in
156 1252 1938 1312 hoc vt natura: non vt dispositiua & electiua ratio. dicente Auicen. ix. Metaphysicae Omne esse quod est, ab eo
165 1302 1934 1363 est secundum viam naturae: vt esse omnium sit ab eo non per electionem, nec per beneplacitum eius. Quo
160 1356 1938 1423 modo enim hoc esse posset cum sit pura intelligentia: qui intelligit seipsum: & ideo necesse est vt intel
160 1405 1933 1470 ligat quod euentus omnium sit ab eo: sic quod sua essentia est sciens quod sua perfectio & sua intelligentia est vt
159 1465 1928 1530 fluat ab eo bonitas. & hoc est de concomitantibus suam gloriam quam diligit per seipsum, & placet ei
166 1516 1928 1585 quod prouenit ex ea, & vt ex sua essentia flueret omne quod est. Veritatis autem primae non est sua prima actio
159 1579 1934 1634 nisi per essentiam. Et quomodo determinate & vno modo tantum, magis exprimit infra dicens. Causae altiores
160 1629 1929 1694 non conceduntur intendere: nec accidit eis electio. hic autem multae impressiones mirabiles fiunt in
160 1675 1929 1735 hoc quod generantur in hoc mundo inductae ad videndum quod omnia fiunt ex gubernatione & dispositio-
167 1734 1931 1794 ne. Oportet autem vt scias de hoc quod primus scit seipsum, & ab ipso est necessitas ordinis bonitatis & per-
163 1781 1938 1844 fectionis: secundum quod possibile est in rebus & placet ei. Intelligit ergo ordinem bonitatis quae melior es-
170 1838 1932 1901 se potest: & secundum quod intelligit eam: fluit ipsa vniuersali fluxu: quo perfectius peruenitur ad ordi
164 1890 1944 1953 nem secundum pluralitatem. Et per hunc modum ponebant defluxum rerum a primo ex necessitate suae es
168 1937 1945 2013 sentiae iuxta vnum modum determinatum suae scientiae & beneplaciti suae voluntatis. Sed haec ipsorum
176 1996 1943 2070 positio non potest sufficere ad ponendum productionem creaturarum. immo nec productio creaturarum posset poni
174 2053 1936 2118 ex hoc solo quod in deo non esset nisi simplex intelligentia & simplex voluntas. Et hoc ideo: quia non ponebant in di
174 2104 1934 2172 uina intelligentia notitiam aliquam se habentem vt artem manifestatiuam & declaratiuam eorum quae cognoscit in sim
186 2159 1941 2227 plici intelligentia: neque vt dispositiuam eorum & ordinatiuam quae cognoscit vt producenda, & alia a se, quae
173 2217 1946 2279 non est determinata ad vnum modum producendi res: sed disponit. secundum quem modum ex pluri
176 2267 1946 2329 bus possibilibus fieri conueniens est iuxta ordinem aeternae iustitiae res produci. Similiter quia non po-
181 2322 1939 2384 nebant in diuina voluntate amorem aliquem se habentem vt incentiuum & affectatiuum in illa quae vult sim-
175 2374 1946 2447 plici voluntate, neque vt electiuum eorum quae ei placent vt producenda & alia a se: quae notitia & qui
172 2430 1943 2497 amor non habentur in deo sine productione verbi & amoris super notitiam & amorem simplicem, & neces-
173 2481 1946 2542 se est eas poni in deo ad perfectionem intellectualis & voluntariae operationis, sicut habitum est supra
181 2533 1947 2599 vt huiusmodi amor & notitia non distinguantur ab eis a quibus procedunt, ratione solum: sed persona
172 2588 1947 2648 li relatione. Licet enim ex puris naturalibus creaturae in deo percipi non possent isti processus propter
180 2637 1949 2706 simplicitatem diuini intellectus: quia & propter simplicitatem intellectus angelici cognoscentis absque dis
182 2703 1946 2763 cursu conclusiones in principiis, & rerum essentias in suas definitiuas rationes, etiam non percipe-
183 2748 1947 2812 remus huiusmodi verbi & amoris processionem, sicut etiam in nobis non percipimus amoris processio-
177 2808 1947 2872 nem ex parte voluntatis: sicut percipimus processionem verbi ex parte intellectus. & hoc ideo: quia non
181 2854 1945 2912 est discursus ex parte voluntatis nostrae, sicut est ex parte intellectus. Postquam tamen ex fide tenemus istas emanatio
182 2920 1946 2971 nes in deo: ipsarum necessitatem in se manuductione rationis possumus probare: vt patet ex praedicta quaestione:
181 2957 1943 3018 & ex verbo quod in nobis procedere ex discursu actus cogitandi perpendimus, declarare: licet multum distet inter ver
188 3015 1950 3084 bum nostrum, & verbum diuinum & ex parte substantiae verbi: & ex parte modi procedendi ipsius. In hoc ves quod verbun
181 3062 1949 3129 nostrum prius formabile est quam formatum per actum discursus, vt supra expositum est. Verbum vero diuinum nequamquam.
188 3123 1939 3210 dicente Augusti. xx. de trinitate. c. xvi. Verbum dei sine cognitione dei debet intelligi vt forma ipsa simplex intelligatur
