2431 3784
869 258 2307 357 Irca secundum arguitur quod plures personae diuinae possint vnam naturam humanam assume
877 335 2314 392 re. quoniam pluralitas suppositorum relatiuorum non repugnat vnitati essentiae. oppositae enim
880 389 2306 451 relationes sunt in vna diuina essentia. sed ob aliud non potest negari quin vna natura pos
881 438 2303 511 sit simul assumi a pluribus personis cum possit sigillatim assumi a qualibet illarum. er
879 496 2303 562 go &c. IN contrarium est quod tunc natura vna numero limitata esset simul subsi-
861 548 2305 636 stens in pluribus, quid est ipossibile: quia hoc est proprium diuinae naturae: eo quod ipsa illi
532 610 2304 680 mitata est. ergo &c. VTputo, aliquando mihi visum est propter secundam rationem quod vna natura humana a pluri
540 650 2308 738 bus personis diuinis assumi non possit: sed exquisitius inspiciendo ad naturam rei assumptae & modum persona
539 705 2298 803 litatis ad quam assumitur, plane apparet quod ratio illa nihil cogit. defscit enim ex vtroque latere: quia duplex
529 758 2296 866 est modus limitationis in rebus, & duobus modis habet res esse in personalitate aliqua: & secundum vtramque
540 819 2298 897 distinctionem illa propositio, limitatum non potest esse simul in diuersis personis, in vno membro habet verita
532 890 2286 964 tem, in alio vero non. Est igitur sciendum quod est quaedam limitatio qua res limitatur ad idem numero in se
526 936 2294 1011 formaliter ex eo quod pertinet ad naturam & essentiam: nullo alio secundum rem addito. Alia vero est limi-
534 996 2293 1083 tatio qua res limitatur in alio in quo est: quod est extra naturam & essentiam suam. Primo modo limitatae sunt
537 1042 2288 1135 naturae & essentiae substantiarum creaturarum quae natae sunt in se existere. Secundo modo limitata sunt ac
540 1109 2292 1182 cidentia per sua subiecta. Limitatione dico tali: qua res habet esse vna numero & singularis sub sua specie.
529 1153 2288 1248 De eo autem quod limitatum est secundo mod scilicet per illud in quo est, verum est quod non potest esse in alio quam in illo: & ita
530 1219 2294 1308 non in pluribus. vt haec albedo non potest esse nisi in hoc corpore a quo sumit limitationem in sua singula
528 1269 2282 1344 ritate. Non sic autem est limitata natura humana a persona in qua assumitur: sed ex sua natura & essentia: ita
535 1322 2277 1415 quod ex se est ens & hoc aliquid: sed rationem suppositi & personalitatis habet ab alio: quemadmodum si lapis vnus
526 1390 2285 1465 numero existens in se assumeretur, suam numerationem retineret & nouam personalitatem assumeret. Diffe-
522 1446 2286 1529 runt enim in vna & eadem re esse hoc aliquid: & esse suppositum vel persona. Aima enim perfecte est hoc aliquid ex se, si
513 1494 2278 1579 ue sit in corpore, siue extra corpus: sed perfectam personalitatem non habet nisi in corpore. Propter huiusmodi
517 1557 2276 1622 ergo causam natura assumpta ex ratione suae limitationis non determinatur illi personae: sicut haec albedo
510 1601 2273 1693 huic corpori: & ideo limitatio sua qua est hoc aliquid: non impedit quin simul possit esse in pluribus
507 1656 2288 1750 suppositis. VEruntamen hic subdistinguendum est de supposito. Est enim quoddam suppositum absolutum a for i
511 1711 2277 1803 ma absoluta: & est quoddam respectiuum a forma relatiua. In pluribus suppositis absolutis simpliciter ve
512 1779 2274 1860 rum est quod nulla natura limitata posset esse simul: quia talia supposita sic sunt diuersa quod quodlibet eo
507 1825 2278 1914 rum est illud quod est vnum in se & non aliud: nec aliquid eorum quae sunt in se, est aliquid eorum quae sunt in alio. Si
512 1882 2274 1968 igitur eadem esset natura in talibus diuersis suppositis: ipsa esset ipsa & non esset ipsa: & essent contradi-
506 1941 2281 2022 ctoria simul in eodem. De pluribus vero suppositis secundo modo, iterum subdistinguendum: quia
509 2005 2272 2077 proprietas relatiua distinctiua personae aut per se fundatur in essentia: quae ponitur esse in pluribus supe
508 2062 2273 2123 positis: & quasi oritur ex illa: & sic per se subsistit in supposito constituto per illam proprietatem relatiuam: aut
511 2115 2270 2193 nullo modo fundatur in illa essentia neque oritur ex illa: quia non per se sed per accidens conuenit ei subsistere sub
501 2158 2280 2219 illa proprietate in illa persona. PRImo modo non potest esse natura in pluribus nisi sit illimitata: cuiusmodi est
503 2227 2280 2305 natura diuina, quae ex se singularitas quaedam est non suppositi sed naturae. Et propter foecunditatem suam
509 2278 2270 2334 vt existit in vna persona: necessario procedit per communicationem sub, proprietatibus relatiuis in plura sup
510 2334 2267 2413 posita: secundum quod in parte expositum est supra in prima quaestione. Quae quidem foecunditas non potest esse nisi
505 2387 2279 2456 in natura illimitata. Propter quod natura limitata non potest pluribus suppositis communicari distinctis rela
502 2440 2276 2502 tiue relatione originis quae ex illa natura oriatur: quia nec super eandem formam numero possunt plures
499 2489 2273 2555 respectus numero fundari: vt supra vnam albedinem numero non fundatur nisi vna similitudo numero: licet per il-
498 2546 2265 2613 lam possit pluribus dici similis. quemadmodum aliquis pater plurium filiorum vna paternitate existente &
496 2602 2271 2688 fundata super vnam vim generatiuam in se existentem refertur ad omnes filios habentes plures filiationes secundum
492 2668 2273 2740 numerum eorum in se. SEcundo autem modo nihil, vt videtur, impedit vnam limitatam naturam esse in pluri
495 2709 2278 2785 bus suppositis relatiuis: quemadmodum vnum suppositum existens sub pluribus accidentibus super quae fun
493 2775 2272 2852 dantur singuli respectus specie differentes, bene potest esse sub illis pluribus respectibus: vt cum idem est album
497 2819 2265 2907 & cubitum: idem potest esse simile & aequale. Vnde etsi istae diuersae relationes specie possunt fundari supe idem nu
496 2880 2272 2951 mero in re aliqua: quemadmodum paternitas & filiatio fundatur super eandem essentiam in deo: eadem res secundum
493 2928 2279 3021 illa duo, quia ei accidit fieri vnum cum illo super quod fundatur: posset dici album & aequale. Quia igiturna-
497 2992 2276 3074 tura humana assumpta ab vna persona ab illa non habet suam limitationem singularitatis in sua natura &
491 3043 2262 3128 essentia: neque supe ipsam per se fundatur relatio personae illius constitutiua: sed super naturam aliam cui accidit ei
502 3091 2270 3184 vniri: neque ex eo quod assumitur ad personalitatem vnius, limitatur quin possit assumi ad personalitatem supposi
491 3143 2262 3237 ti alterius: eo quod personalitatem illam habet ab alio non ex se: sicut habet suam singularitatem: quia vt di-
492 3205 2270 3294 ctum est, respectus ille qui constituit personalitatem non fundatur super naturam assumptam, sed super illam ad quam assu
