2443 3767
492 319 2280 387 turarum: vt habitum est supra. Cum tamen secundum fidem catholicam non procedat illa prima prouisio nisi volutate & ll
494 376 2278 443 bera electione secundum libertatem arbitrii: sicut & secunda: licet modo naturae procedit illa prima, & ista secunda modo ele-
495 431 2271 493 ctionis: inquantum illa prima vniformiter omnibus praesentatur secundum naturam speciei: non sic autem ista secunda: sed diffor-
487 489 2282 554 miter secundum diuersitatem meritorum. Et secundum hoc insufficiens & vanum est & erroneum, quicquid philo-
485 542 2284 605 sophous determinat de bona fortuna. Non quin secundum cursum naturae & generalem prouidentiam ita
494 598 2277 661 oporteret poni vt ipse determinat si non esset prouidentia specialis: sed quia nihil tangit de dicta pro-
489 650 2270 722 uidentia speciali: ideo insufficiens est quod dicit. Vanum autem est & erroneum, quia quasi negando illam pro
490 708 2282 771 uidentiam ponit bonam fortunam & dispensationem omnium a deo circa creaturas fieri necessitate
479 767 2280 836 naturae, & ex parte dei, & ex parte rerum: ita quod non posset aliter fieri vt semper vel frequenter: nisi impedimentum ali-
498 818 2281 878 quod adhibet hominis liberum arbitrium propria electione & consiliatione. quam tamen consiliationem denegat
486 876 2272 945 bene fortunatis: quia quo ad actum consiliandi vult eos esse fine ratione: quemadmodum caecus est fine
495 931 2276 996 vi visiua. Et sic quasi omnino naturali necessitate quantum est ex parte dei: & quantum est ex parte
487 987 2275 1044 hominis: ponit aliquos esse bene fortunatos: ita quod non posset eufortunium impediri in eis nisi ab ali-
497 1041 2276 1113 quo extrinsecus contingente. Et secundum hoc determinatio philosophi in hoc tractatu, si tamenpo
498 1099 2273 1170 nat deum nihil influere sua generali prouidentia nisi mediante corpore caelesti, reduci habet ad fatalem dispo
494 1151 2275 1225 sitionem. Et hoc dupliciter. Primo inquanum. scilicet corporalis dispositio secundum quam habilitatur anima ad reci
502 1208 2277 1278 piendum diuinos impulsus modo praedicto causatur ab astris tanquam imprimentibus eam. Secundo inquantum
499 1263 2273 1332 diuinus impulsus non descendit super animas nostras nisi per astra, & mediantibus corporibus caelestibus
498 1322 2277 1384 tanquam de proximo impellentibus. Et sic astris eufortunium vel infortunium debet ascribi: & per hoc fato, inquantum pro
497 1372 2278 1445 cedit ab astris: & fortunae inquantum procedit a naturali dispositione. quid falsum est. Licet enim dicta dis
495 1429 2267 1503 positio corporalis materialis & receptiua, per quam habilitatur anima ad recipiendum diuinos impulsus, sit ab
503 1488 2275 1553 astris, & corporibus caelestibus: quod tamen impulsus tam varii, & ad tam varios effectus & indefinitos & in
504 1541 2278 1596 contingentes, & inconnexos naturalibus effectibus stellarum & corporum caelestium fiant effectiue me-
495 1589 2277 1658 diantibus corporibus caelestibus vel astris velit, hoc omnino est impossibile: quoniam vt iam dictum est supra, quid
498 1653 2270 1717 fortuitum est secundum bonam fortunam: licet sit fortuitum respectu propositi bene fortunati: quia im-
500 1711 2274 1775 prouisum est ab ipso, & absque ratione eius & proposito: non tamen potest esse improuisum, & absque intento
490 1761 2274 1832 impellentis. aliter enim respectu eius similiter esset fortuitum. & sic quantum est ex se esset causa illius per
492 1818 2282 1879 accidens, quam oporteret reduci ad causam per se: aut esset abire in infinitum: nec esset possibile stare in
495 1871 2276 1941 causa a qua esset intentum non prouisum. cuiusmodi est causa pure naturalis: quia omnis talis cam ad causam proui
494 1930 2275 1999 dentem, & agentem per cognitionem reducitur. Cuiusmodi non est nisi deus primus motor omnium secundum determinatio
496 1988 2275 2052 nem philosophi. viii. physicae. Casus autem fortuiti potentes contingere per intentionem huiusmodi agentis infinitatem quandam habent
493 2042 2270 2106 ad connexionem ad alios effectus intentos ab aliis agentibus cum quibus contingunt: vt inuenire thesaurum
499 2096 2269 2170 confossione foueae propter quid dici possunt praeter intentionem cuiuslibet alterius agentis: & esse fortuiti respe-
493 2145 2274 2221 ctu illius: & ita fieri praeter omnem impulsum ab illo, siue a causa per se mediata, siue immediata, quia a causa
498 2206 2266 2279 per se inquantum est per se: nullus effectus fit nisi per intentionem vel a natura vel a proposito. Quia ita sit
500 2259 2273 2326 ex parte corporum caelestium & astrorum: patet ex hoc: quia agunt per modum naturae in haec inferiora. Cuius non
499 2312 2276 2381 est per se intendere nisi ad vnum & nullo modo ad plura: nisi per quandam naturalem & per se connexionem
500 2371 2261 2443 se habeant adinuicem: per quam fiunt quodammodo vnum. Effectus igitur qui nullo modo per se: sed solum per ac-
499 2430 2274 2493 cidens comnexi sunt cum naturali effectu caeli: & ita nullo modo vnus cum illo: nullo modo possunt esse eius
499 2477 2273 2544 effectus per se, & per se intenti ab illo. Tales autem sunt plures effectus bonae fortunae: sicut effectus qui est
490 2531 2271 2604 inuentio thesauri, nullo modo per se connexus est cum effectu illo qui est fossio foueae. Corpus ergo cae
497 2591 2278 2662 leste nullo modo potest esse causa per se intendens inuentionem thesauri: et ideo neque agere impulsum ad
499 2642 2271 2711 ipsam: etsi forte in corpore caelesti sit aliqua causa per se fossionis intendens ipsam: & instigans & impel-
493 2697 2274 2769 lens naturaliter fodientem ad fodiendum: & sicut non est per se comnexa fossio isti effectui caelestis corporis sic
489 2747 2280 2818 nec alicui alteri: & sicut ipsa non est per se connexa alicui effectui naturali caelestis corporis: sic nec plures alii
491 2805 2270 2866 effectus fortuiti qui circa effectus eius naturales poterunt contingere. Nullum tamen inconveniens est quod
494 2862 2278 2931 aliqui effectus fortuiti hominis per se sint comnexi naturali effectui corporis caelestis: & sic per se intenti ab illo ipso ad
492 2920 2273 2987 illum impellente hominem & deo mediante caelo, quemadmodum in homine aegrotante potest impellere appetitum ad comeden
499 2971 2275 3047 dum aliquem cibum per quem per se sanitatem recipit: quam non intendebat acquirere in comedendo. Vnde ad effectum talis bo-
499 3026 2278 3097 ne fortunae sufficit generalis prouidentia diuina, & eius impulsus mediante corpore caelesti. & hoc non
502 3080 2263 3153 fit nisi in effectibus corporalibus qui fiunt in homine, & non subsunt arbitrio eius: quia impellit ad eos ex
504 3135 2271 3210 citando, & etiam ad effectus prosecutionem adiuuando praeter omnem hominis intentionem. In effectibus etiam cor-
500 3179 2266 3263 poralibus qui fiunt in homine & subsunt quoquo modo libero eius arbitrio, dicunt aliqui quod impellit quandoque vtroque modo
503 3241 2271 3329 & hoc vel impulsione mansiua: vt videlicet aliquis homo habeat ex aliquam impressione corporis caelestis quandam vim
