2472 3778
487 336 2266 416 municationibus: quod bene potest absolui ab vna sine alia. Vel si omnibus modis velimus quod absolutio
496 418 2270 482 de omnibus debet esse vnica, dicamus quod prima absolutio fit sub ratihabitione de secunda subsequen
493 473 2267 543 da. ita quod factum in prima suspenditur: nec habet effectum suum quousque eueniat secunda. & tunc secun
493 527 2261 600 da agens in virtute propria, & primae praecedentis agit totum quod vnica absolutio de omnibus simul facta
500 578 2268 652 agere deberet. & sic ratificat primam: immo illa cum ista vnica simpliciter & indiuisa reputatur. Et quamquam ita
497 640 2262 693 sit, tamen in prima absolutione nulla debet apponi conditio de secunda subsequenda: neque in secun-
491 701 2257 764 da de prima praecedenti. Nec oportet: quia de iure talis conditio subintelligitur: vt non sit necesse quod ex
487 748 2266 823 primatur: sed inferior debet absolute absoluere de pertinentibus ad se: & de aliis remittere ad superi
488 813 2254 875 orm: dummodo ille disponat superiorem adire. Si enim eum rebellem videret, de nullo debet illum ab
481 868 1295 932 soluere: quia iam impoenitentem se ostenderet.
796 911 2241 979 D quartum & ad quintum dicendum simul quod inferior de illis quae pertinent ad
802 970 2253 1038 se statim potest & debet absolute absoluere: non sub aliqua conditione si de illis
805 1030 2254 1092 postmodum absoluatur a superiori: neque ad tempus quousque de illis absoluat eum su-
799 1082 2255 1148 perior. Nec valeret absolutio facta hoc modo: quia verba sacramentalia effectum nul
802 1142 2251 1206 lum habent nisi sub assertione illa & forma verborum prolata sub qua sunt in
791 1195 2249 1262 stituta. Cum igitur verba sacramentalia sint instituta sub assertione absoluta qua
786 1247 2250 1325 dicit sacerdos in persona Christi acsi Christus diceret, Ego absoluo te: sicut ego
487 1308 2244 1372 inungo te: nullo modo valet absolutio sub quacunque conditione vel protestatione facta. Quia si cir-
480 1369 2253 1439 ca illa quae pertinent ad se non valet absolutio talis: multo minus valet de illis quae pertinent ad superiorem.
800 1416 2249 1491 Er idem patet ad sextum. Cum enim super illud quod impossibile est de se nulla
807 1484 2252 1545 potest esse potentia: & impossibile est quod sacramentalis absolutio aliter fiat quam sub
797 1529 2250 1593 verbis absolutiuis assertoriis vt dictum est: nullus autem potest dare potentiam
808 1585 2244 1649 ad illud faciendum super quod nulla cadit potentia: idcirco absolute dicendum quod
796 1635 2243 1715 praelatus superior non potest dare inferiori potestatem absoluendi sub illa forma. Quod
781 1708 2241 1766 si praelatus superior quia non est semper praesens committat alteri potestatem ab-
481 1748 2249 1823 soluendi de illis quae ad se pertinent, cum fuerit absens, sub tali conditione, quod sibi fiat confessio de eis
486 1807 2249 1881 postquam fuerit praesens: tunc praelatus inferior debet confitenti dicere conditionem. Quia si non velit eam ac-
480 1869 2248 1925 ceptare: non debet eum audire: nec absoluere: quia poenitens non est. Quia si tunc ex animo consentiat & con
476 1920 2240 1986 fiteatur & absoluatur: quod factum est tenet. Sed si postmodum confiteri renuit superiori, quae dimis-
487 1973 2242 2036 sa sunt non redeunt: sed nouum crimen incurrit. Vnde cum dictam conditionem appositam acceptat ab-
497 2025 2243 2100 solute debet eum absoluere sine omni conditione apposita ex parte absolutionis. & tunc praelatus ad
490 2085 2251 2151 ueniens potest ratam habere confessionem factam inferiori. Et si audire velit confessionem vt cogno-
496 2134 2242 2196 scat vultum pecoris sui, potest etiam ex abundanti absoluere. sed non oportet postquam rata fuerit ab
497 2188 2245 2252 solutio praecedens. Vnde bene potest praelatus committere ea quae ad se pertinent sub hac forma.
498 2248 2246 2314 committo tibi audire confessiones & absoluere de talibus casibus cum absens fuero, sub tali condi
492 2300 2247 2371 tione quod mihi confiteantur cum reuersus fuero. quia confessio nihil aliud est quam ligaminis ostensio. & idem
487 2354 2246 2418 ligamen pluribus potest ostendi. & tunc non habet vigorem prima confessio nisi sub proposito fa-
494 2413 2238 2477 ciendi secundam. Sub tali autem forma, committo tibi audire confessiones & absoluere de talibus
495 2465 2247 2528 casibus cum absens fuero: & absoluere ab eis sub tali conditione quod non valeat tua absolutio nisi mea
490 2518 2247 2584 subsequatur: vel ratam eam habeam: vel quousque ego ab illis absoluam: non potest committere nec va
494 2571 2240 2634 let commissio. Sic enim committere absolutionem nihil est committere. quia absoluens aut amouet li-
491 2639 2241 2698 gamen aut non. Si sic, nihil manet ad amouendum: & amotum est, siue superior ratum habeat siue
490 2690 2236 2751 non: siue iterato quantum est de se absoluat siue non, quia quod semel est dissolutum non amplius ma-
499 2742 2243 2799 net dissoluendum ab eodem ligamine, maxime cum dissoluendo ligamen destruitur. sicut fit in ab
501 2791 2245 2857 solutione sacramentali: ad modum quo in absolutione excommunicationis: a qua absolutus semel num
501 2844 2240 2910 quam ab illa excommunicatione est absoluendus: sed solum a noua si in eam intrudatur. SED dices quod ab
507 2892 2240 2967 soluere sacerdotis nihil est nisi ostendere absolutum. & a pluribus ab eodem vinculo potest ostendi
508 2948 2236 3014 absolutus. sicut per confessionem potest pluribus ostendere vinculum a quo est absolutus vel absol-
510 3008 2234 3070 uendus. DIcendum quod non est ita, immo absolutio sacramentalis proprium habet effectum ex vir
505 3061 2240 3125 tute sacramenti. quem non habet confessio peccatoris. Illa enim solum habet virtutem ex deuotione
508 3108 2236 3173 confitentis. Absolutio autem quantum est de se ex gratia sacramentali habet virtutem. vt quamuis
512 3164 2246 3228 confitens non sit omnino contritus sufficienter de peccatis vt ei debeant virtute contritionis remit
504 3225 2243 3289 ti: sed solum attritus vt de proximo sit dispositus vt ei remittantur: si tamen non apponeretur sacra
496 3280 2240 3359 mentum absolutionis: non ei remitterentur. postquam tamen apponitur absolutio sacramentalis, datur
