2437 3767
525 276 2302 399 per regulas rectae rationis: & debet esse quaestio quid horum praemineat simpliciter & ex se & natura rei: non
527 355 2300 448 quid permineat quo ad aliquod tempus determinatum, manifestum est enim quod nunc tempone gratiae praeminet
521 410 2297 497 virginitas: tempone vero legis Mosaicae praeminebat coniugium: de tempore vero ante legem Moysi siue
518 467 2293 562 post peccatum siue ante quid praeminebat. Sed quodcunque illorum praeminet ex natura rei illud simpliciterpre
516 533 2292 607 minebat in omni tempore: licet alterum in aliquo tempore propter temporis statutum praeminere po-
510 575 2295 666 tuit: & ita secundum quid. Hoc ergo modo intelligendo quaestionem dico quod adhuc subdistinguendum
513 637 2297 716 est. quoniam voluntas siue propositum de restringendo siue laxando dicto modo appetitum potest considerari
515 692 2298 771 dupliciter. Vno modo secundum se & absolute. Alio modo in comparatione ad actum voluntatis siue ad propositum
513 749 2300 832 superius aut praeminentius quam sit aliquod istorum. Cuiusmodi est voluntas siue propositum contemplandi secundum
522 805 2300 883 vitam contemplatiuam: cum vtrumque dictorum propositorum pertineat ad vitam actiuam. & actus vitae contemplatiuae omnino
521 859 2306 950 preminentiores sunt quam actus vitae actiuae. Si primo modo: tunc dicunt aliqui quod propositum de laxando appetitum se
511 917 2298 990 cundum regulam rationis rectae in actum propagandi, perfectius est. Immo vlterius dicunt quod propositum de non laxan
519 981 2299 1043 do non esset virtutis vllo modo sed vitii: & sic omnino supereminet secundum istos coniugium: et nihil virtutis
517 1040 2295 1101 habet virginitas: sed vergit potius in vitium. Cuius rationem ponunt: quod propositum de non laxando non potest
516 1089 2298 1156 habere nisi rationem boni priuati: quia. scilicet quietius viuit homo restricto appetitu ne insurgant concu-
529 1147 2298 1218 piscentiae: quam ipso relaxato. Laxando enim semper crescunt appetitus in concupiscentiam: nec satiari possunt
519 1196 2299 1276 Propter quod hominem & adipiscentem & non adipiscentem concupitum oportet esse in tristitia & dolore, vt dicit
522 1252 2300 1335 philosophus. x. Ethico. propositum autem de laxando habet rationem publici boni: quia est ad conseruationem speciei &
520 1306 2302 1381 multiplicandam societatem hominum: in qua bonum humanum consistit: & ad quid homo naturaliter tendit secundum
520 1368 2300 1442 philosophum in primo Politicae. Et quid amplius est propositum restringendi omnino appetitum quia est omnino impeditiuum
519 1429 2294 1499 huius boni & destructiuum speciei humanae, quantum in se est: nullo modo potest habere rationem virtu-
520 1477 2309 1549 tis: sed vitii tantum. SED louinianus non tantum excessit: quia nec virginitatem damnauit: sed coniugium ei com l
519 1526 2299 1610 parauit: in aliquo tamen virginitatem aut continentiam praeelegit. secundum quod de eo dicit Augustinus libro de haere
513 1584 2293 1667 sibus. Virginitatem & sanctimonialium continentiam coniugiorum castorum meritis adaequauit. Non sane ipse
516 1647 2300 1723 vel habebat vel volebat habere vxorem, quod non propter maius meritum: sed propter praesentem necessitatem. Falsi
520 1710 2291 1772 tas autem sniae illorum ex hoc appeet ducendo ad inconveniens: quia si ita esset vt dicunt, etiam in isto tempone genrae
525 1753 2299 1833 praeferendum esset coniugium: quia illa causam habet aequalem locum in omni tempore. Praeterea apparet fal-
524 1801 2302 1879 sitas ostensiue sic. Quid solum bonum est ex circunstantia necessitatis, qua sublata melius est contrarium, illud
515 1859 2300 1935 respectu alterius non est bonum nisi secundum quid. quemadmodum bonum est proiicere merces in mare tempore neces
515 1915 2291 1990 sitatis & periculi si non proiiciantur. sed simpliciter est melius ipsas non proiicere. Sed conseruare propositum
523 1973 2301 2056 laxandi concupiscentiam dicto modo non est bonum: vt dicunt: & verum dicunt: nisi propter necessitatem
525 2026 2294 2115 propagandae prolis & speciei conseruationem, melius autem esset humanae speciei si non haberet huiusmodi necessita-
517 2072 2304 2164 tem, plis scilicet propagandae: & per consequens speciei conseruandae. Non ergo propositum laxandi est bonum simpliciter sed
527 2137 2301 2225 potius contrarims. scilicet propositum restringendi. Quia autem illud melius esset humanae speciei, hoc primo
528 2192 2295 2280 patet ex parte propagationis. quoniam quando sub specie est indiuiduorum propagatio prouenit ex duplici defectum: quo
516 2249 2298 2333 rum vnus est ex parte speciei: alius vero ex parte indiuiduorum sub specie. Ex parte specie scilicet propter eius dimi
525 2305 2298 2380 nutionem: quia vt dicit Commen. super principium caeli & mundi, quid inuenitur plus quam vnum est. diminutum: quia
522 2366 2293 2433 si esset perfectum: sufficeret esse vnum. Et secundum hoc causa multorum indiuiduorum vnius speciei est: quod pro
521 2416 2297 2497 pter diminutionem non fuit natura contenta in esse vnius. EX parte indiuiduorem. scilicet propter eorum corruptionem
526 2466 2290 2546 secundum quod dicitur. ii. de anima. Generationem per se variam habere est fac ere alterum sicut ipsum est: quatenus
520 2523 2298 2604 ipso semper diuino esse participent secundum quod possunt. Quoniam igitur conmunicare non possunt ipsosemper
521 2579 2302 2663 propter illud quod nihil contingit corporalium idem & vnum numero permanere: permanet non idem sed vt idem
524 2631 2302 2714 numero quidem non vnum: specie autem vnum. licet ergo generare sit propter perfectionem indiuidui: quia tunc secundum philosophum
516 2699 2307 2764 est vnumquidque perfectum cum poest generare sibi simile: est tamen propter imperfectionem speciei in ipso: tum quia in illo non habet to
521 2743 2301 2819 tam naturam suam: quam si haberet, ipossibile esset quod alterum a se generaret: quamuis enim generare sit perfectionis simplicitur
522 2795 2298 2881 generare tamen alterum a se est imperfectionis: propter quid non est generatio propter speciei perfectionem simpliciter: quia
517 2851 2301 2931 simpliciter non est generatio perfecta nisi in solo deo: tum quia in illo habet esse corruptibile. Quia si haberet es
516 2908 2294 2981 se incorruptibile, aut non haberet species plura indiuidua: aut non haberet per generationem vnis
523 2965 2310 3039 ab alio sicut contingit in angelis: vt secundum hoc maioris perfectionis sit in angelo non posse genera-
517 3017 2308 3096 re alium a se: quam posse. Et sic generare alterum a se simpliciter est imperfectionis: non generare alterum
519 3066 2305 3139 est simpliciter perfectionis. lta quod si persectius sit generare alterum, hoc est propter necessitatem: qua
517 3122 2308 3198 cessante imperfectius esset omnino. Et econtra non generare alterum perfectionis est simpliciter: im
527 3177 2305 3254 perfectionis autem propter necessitatem. Quare similiter est de propositis: quod propositum laxandi appe
519 3244 2306 3328 titum ad generationem est iperfectionis simplicitu: perfectionis secundum quid propositum autem restrigendi, econtrario. Quare
