2466 3699
469 265 2268 351 necessario quod in tali monstro vno & continuo subsistente in eadem materia numero sit vna forma sub-
480 350 2263 421 stantialis educta de potentia materiae quae naturaliter continet totam materiam: & a qua est forma
488 416 2272 475 continui in illo: & est extensa per materiam. Et dispositio ad vnam animam in vna parte mate-
493 456 2263 527 riae per vnam partem suam: & per aliam in alia ad aliam animam. & sunt illae partes formae dispositiuae ad
489 512 2266 575 duas animas sicut & partes materiae abinuicem diuisibiles: vt de vna materia fiant duae: & de vna
488 563 2267 619 forma duae. sic enim diuisibiles sunt omnes formae materiales vt patet de diuisione animae sensitiuae in diuisione
488 619 2262 690 partium anguillae. Et sic diuidentur in resurrectione: si gloriose resurgant. Et est mihi hoc argumen
485 672 2269 739 tum magnum quod in homine cum anima rationali oportet ponere aliquam aliam formam materialem quae est
494 722 2271 787 quasi dispositio ad ipsam in materia. Vnde etsi totum istud monstrum sentiret vna anima sensitiua: vt
498 780 2264 846 quod pungeretur caput vnum, sentiret laesionem ille cuius est alterum caput: dicerem quod vis sensitiua
503 833 2269 891 esset illius formae naturalis & materialis & non animae infusae: nisi ponendo duplicem sensitiuam in homine
498 874 2268 938 Est tamen multum conueniens & possibile secundum naturam: quod secundum dictum modum vna forma secun-
498 940 2266 1004 dum diuersas partes suas est sub diuersis animabus in diuersis partibus materiae propter conuenientiam
499 994 2270 1063 quam habent animae & symbolum inter se. cum videamus quod in eadem parte materiae dispositio symbolica manet
507 1048 2277 1119 cum diuersis formis materialibus & contrariis secundum Philosophum secundo de generatione. Dico ergo ad
505 1102 2271 1158 quaestionem: quod si praesent percipi duo corda esse in modostro: duae personae sunt reuera: & duo nominia eis imponem
507 1158 2271 1225 da. Si vero ex aliquam indicio percipi possit quod non sit ibi amplius quam vnum cor, tunc proculdubio non est ibi nisi anima
502 1208 2268 1268 vna: & non est nisi vna persona & non nisi vno nomine nominanda. Per dicta patent obiecta vtriusque partis.
822 1255 2270 1318 Irca secundum arguitur: quod ambo sunt baptizati: dicendo Ego te baptizc. quoniam sicut
827 1307 2269 1388 se habent corporaliter ad generationem corporalem, sic se habent spiritaliter ad generationem
831 1360 2273 1441 spiritualem. Sed vna generatione corporali simul fuerunt corporaliter generati: ergo similiter
829 1419 2275 1493 vnico actum spirituali sunt simul spiritaliter generandi. talis autem actus spiritalis sit per ver
818 1474 2277 1529 ba sacramenti quibus dicitur Ego te baptizo. ergo &c. CONtra. in baptismate de-
824 1522 2275 1594 bet esse determinata intentio ad baptizatum: sed in isto actu ad neutrum illorum fit determi
819 1584 2278 1640 nata directio intentionis vt supponit quaestio: quia aliter nihil dubii haberet: ergo &c.
561 1623 2276 1707 lSta quaestio supponit quod iam dictum modostrum sit duae personae: quid reuera bene debet a baptizante supponi in
505 1690 2260 1746 dubio: & baptizare ipsum sicut duas. Quare dico siml respondendo ad quaestionem: quod vt procedit obiectio, deter
504 1743 2263 1807 minata debet esse intentio ad determiatum baptizatum: ita quod si deficiat determiatio nihil agitur. Quare si con
500 1799 2266 1857 tingeret quod in rei veritate essent duae personae: & dirigeret intentionem quasi ad vnum solum, non determinando
502 1857 2279 1910 quemquam illorum: nihil omnino ageret: & neuter eorum esset baptizatus. Vnde in dubio siue sint duo siue non:
513 1906 2277 1972 vtrumque per se apparens secundum capita debet baptizari sigillatim: & tunc si duo sunt ambo baptizati
514 1954 2269 2019 sunt: & si tantum vnus ille etiam baptizatus est: quia in quaecunque parte apparente puer si cognoscitur esse vi
521 2010 2271 2066 uens: potest baptizari. AD argumentum dicendum quod generatio improprie appellatur seminis pro
511 2064 2275 2137 iectio in matricem: quia non est nisi quaedam praeparatio ad generationem: qua scilicet ponitur sernmen in loco
507 2117 2275 2177 formationis in matrice: sed proprie appellatur generatio formatio foetus per vim seminalem modo iam di
511 2175 2274 2231 cto. Et si sunt duo generati: duae sunt generationes, & duo generantia, proxima: scilicet duo principia
511 2224 2275 2295 seminaria vt dictum est: licet sit vnus generans a quo descindebatur, qui non dicitur proprie generans ex
510 2279 2274 2351 hoc quod semen effudit in matricem mulieris: sed ex hoc quod vim seminalem in semine ad generandum hominem
518 2329 2275 2398 ex semine virtute caloris membrorum seminalium in ipso generauit: quae licet sit vna quia in vno semine:
516 2382 2276 2450 cum effundebatur: semine tamen diuiso per partes vt sint duo semina, similiter & diuiditur vis seminalis vna vt fiant
521 2443 2279 2514 duo. Similiter dicendum est ex parte generationis spiritalis: quod improprie est generatio spiritalis positio pueri
520 2492 2281 2549 in aquam. Et hoc modo sicut simul prasent poni in aquam: improprie simul & vnico actu spiritali generantur
515 2544 2288 2615 Proprie autem loquendo generantur spiritaliter per intentionem & verba: & ideo ipsa debent geminari in generatione spiritali:
519 2595 1583 2660 sicut ibi seminalis vis geminatur in generatione corporali.
842 2638 2278 2726 Equuntur quaesita de homine principaliter ex parte coniuncti. & erant quaedam pertinentia ad
846 2706 2283 2787 obligationem: quaedam ad poenam. De primo erant quaetuor proposita. Vnum per
847 2758 2278 2822 tinens ad statum. Aliud ad regulam. Tertium ad votum. Quartum ad ingressum.
879 2809 2282 2883 PRImum, vtrum professus in regula arctiori interdicta nequis nouitius in ea de cae-
829 2868 2287 2937 tero recipiatur: si de licentia papaetranseat ad laxiorem: poterit reuerti & reacci-
849 2917 2284 2986 pi ad suam regulam priorem. SEcundum: vtrum omnia quae continentur in
841 2975 2285 3046 regula beati Augustini sint praecepta. TERtium vtrum sit licitum volentes
529 3010 2276 3103 morari in saeculo inducere ad vouendum tria principalia vota religionis. QVARtum vtrum religionis in
535 3081 2285 3152 gressum quis posset differre propter paupertatem parentum. ClRca primum arguitur quod non
526 3138 2299 3216 quia non licet in illa recipere nouitium, quare eadem ratione nec alterius professionis religiosum.
