2384 3722
125 302 1911 389 tui: alioquin nec bibant nec comedant. Quare cum filii parentum suorum sunt inquantum natu-
134 380 1914 453 raliter ex eis sunt secundum elementa huius mundi sensibilis, quamdiu vita naturali quam secundum cor
128 437 1918 502 pus ex parentibus traxerunt, viuunt: semper in eis quae pertinent ad necessitatem vitae naturalis
128 500 1916 562 eis sunt obligati, etiam si mali & infideles sint, & maxime si fideles: vt in eis honorent non tantum na
136 547 1905 599 turam sed fidem. VNde contra adhaerentes dictae sententiae, & religionis causa putantes non debe-
135 594 1905 662 re parentibus in necessariis suis prouideri: dicitur decr. dist. xxx. Siqui filii parentes maxime fi
132 653 1903 710 deles deseruerint occasione Dei cultus, hoc iustum esse iudicantes, & non potius debitum honorem pa-
125 705 1911 774 rentibus reddiderint, vt hoc ipsum in eis venerentur quod fideles sunt: anathema sint. Sed intellige hoc
127 760 1906 829 dum multum indigent, & non sint alii per quos satisfiat aut satisfieri possit parentibus in suis ne-
135 813 1906 866 cessariis. alias enim non deberet quis differre religionis ingressum, neque praetergredi praelati praeceptum, aut re-
125 862 1909 937 ligionis obseruantiam: propter honorare parentes: dicente Chrysost. & exponente ad literam illud. Di
130 921 1914 974 mitte mortuos sepelire mortuos suos. Malum est (inquit) abducere hominem a spiritualibus, & maxime
128 974 1903 1035 cum fuerint qui ministerium parentum compleant. Vnde a contrario si multum indigerent, & non esset qui
122 1026 1910 1101 compleret, bonum esset abducere hominem a spiritualibus. Bonum dico necessitatis: non electionis: & hoc quem
118 1080 1913 1142 admodum vacatio vitae contemplatiuae postponenda est propter necessitatem vitae actiuae, vt supra dictum
121 1134 1907 1187 est. Vnde licet impletio voti sit de praecepto diuino: & similiter honor parentum: hoc est per se de prae-
119 1181 1907 1261 cepto: illud autem per accidens: scilicet propter obligationem propriae voluntatis. Et quod est per se non de
125 1242 1893 1309 bet in fringi propter illud quod est per accidens, sed magis econuerso. AD primum in oppositum quod propter
126 1298 1894 1371 paupertatem parentum non debet dimitti impletio voti crucis: dicendum quod falsum est: dum tamen multum in-
129 1351 1899 1415 digerent: & propter filii absentiam magnam inediam sustinere oporteret: nec esset probabile quod per alios eis
133 1402 1895 1464 deberet sufficienter vt deceret subueniri. Quod si constaret ecclesiae: nunquam cogeret ipsum ad voti im-
134 1459 1900 1525 pletionem nisi parentes sub sua prouisione assumeret. AD secundum de Hiero. dicendum quod non valet
128 1505 1901 1576 ad propositum: quia loquitur de parentibus carnalibus qui propter amorem carnalem quo non potuerunt ca
128 1565 1903 1623 rere praesentia filii: nec aliter eo indigebant: volebant ipsum retrahere ab impletione boni propositi. & tales po
125 1615 1906 1679 tius offendendi sunt & non honorandi in impletione voluntatis eorum: quia inquantum sic, carnales sunt
124 1680 1910 1746 & mundus qui vouit quae sunt spiritus, eis mortuus est, quantum ad suum bonum propositum: & sic quasi
131 1726 883 1788 impotens implendi eorum voluntatem.
469 1761 1920 1850 Equuntur duo pertinentia ad poenam hominis coniuncti: scilicet ad poenam danmni. Quorum s
471 1839 1911 1906 vnum pertinebat ad danmnum temporale: vtrum homicida ante baptismum, post susceptum
464 1891 1906 1954 baptismum possit ad ordines, promoueri. SEcundum vero ad danmnum aeternum: vtrum
463 1944 1914 2006 paruulus decedens non baptizatus habeat poenam danmni tantum, an etiam poenam sen
469 1998 1907 2063 sus. ClRca primum arguitur quod non: quia homicida irregularis est: & irregulari-
473 2046 1917 2110 tas poena est non peccatum: poena autem non remouetur per baptismum: baptizatus ergo ma
467 2100 1907 2164 net irregularis. lrregularis autem non potest promoueri. ergo &c. IN contrarium est illud:
135 2150 1903 2225 quiquagesima dist. Decrs. Siquis viduam. vbi dicitur. Post baptismum conscius homicidii deiiciatur ergo a con
135 2215 1903 2280 trario si ante, non deiiciatur. ergo &c. DIFficultas nulla est in hac quaestione nisi an per baptismum tollatur
138 2268 1906 2337 irregularitas. Est ergo hic primo videndum: quid tenendum est cum ecclesia. Secundo quare illud eccle-
129 2318 1907 2383 sia tenet. De primo dixit Rabanus, vt notatur super illud. Post baptismum. Siquis ante baptismum occi-
135 2371 1912 2440 dit non peccando iudex: post baptismum non potest promoueri: sed potest si occiderit peccando. Sed sic meli-
129 2435 1908 2500 or esset conditio peccantis: quam non peccantis: vt dicit ibidem Bartholomaeus. Propter quid dicit Raimundus
135 2484 1899 2553 in summa sua. Alii doctores omnes dicunt quod siue cum peccato siue absque peccato occiderit ante baptismum: post ba
137 2535 1909 2608 ptismum non imputatur. Et hoc sumunt a sensu contrario ex illa litera Post baptismum. Ex qua concludunt,
131 2591 1904 2656 ergo si ante: habet post vt dicit ibidem glossa. Vnde sicut illud: Postbaptismum: generale est de omni occisore siue
130 2645 1903 2708 cum peccato siue absque peccato: quod irregularis est: nec potest promoueri etiam iudex vel executor
146 2698 1905 2758 vel assessor in causis criminalibus: & hoc non ratione peccati quia non peccant: sed propter irregula-
137 2751 1901 2813 ritatem: vt ibidem dicit Gloss. sic istud a contrario sensu ante baptismum: etiam generale est consimiliter. Et
136 2805 1904 2866 hoc tenet ecclesia: & tenendum est cum ipsa. Et tunc restat difficultas quare post baptismum non manet irre
139 2862 1903 2927 gularitas contracta per homicidium an baptismum. Dicunt autem iuristae concorditer: quod hoc contingit ex virtute
134 2904 1907 2979 sacramenti: quia vt dicunt sacramentum baptismum non tantum tollit peccatum sed etiam poenam & sequalam peccati. & erat
142 2966 1917 3028 opinio Hiero. dicentis ad Oceanum. & habetur dist. xxvi. ca, primo. Vnius vxori virum & monogamum post ba
142 3023 1908 3095 ptismum. si enim & ante coniugem habuit quae obierit, non imputabitur ei prorsus nouo nec stupro: nec alia
146 3061 1921 3152 quando fuerunt iam obsunt. SED obiicitur contra eos quod passibilitas & mortalitas in nobis sequala peccati. ⁋
142 3130 1922 3212 & poena ex peccato sunt. & tamen non tolluntur in baptismo. SED dicent quod illa poena prouenit ex delicto alie l
142 3192 1913 3272 no. sed loquimur de poena quae prouenit ex delicto proprio. Sed tunc iterum arguitur contra eos: quod iudex homi-
