2426 3784
842 293 2277 378 Irca secundum arguitur quod decedens in puro originali patietur poenam sensus. quoniam poena dam
854 364 2290 449 ni est poena quam non potest esse minor. & illam pateretur decedens in puris naturalibus abs
874 423 2283 495 peccato originali, quia sine gera non posset recipere gloriam. Et existens absque genra & phieosopa
855 479 2287 549 necesse hent pati poenam danmni. quia carere eum oportet visione diuia ad quam naturaliter or
841 530 2284 615 dinatus erat, qui tamen miorem poenam debet haibre, quam ille qui decedit cum origiali, & ille maio
831 592 2285 668 rem, quaere cum poena danmni nulla est maior quam illa quae est sensus: quia in ipso danmno, eo quod pura carem
834 652 2292 728 tia est, non est accipere magis & minus. ergo &c. Contra. poena sensus non debetur nisi s
506 704 2281 782 culpae actuali. Cum ergo decedens in solo originali nullum habet actuale, nullam ergo debet hatrne poenam sensus.
515 748 2284 828 Ad solutionem huius quaestionis, & ad maiore declarationem eorum quae sunt determinata supra in quaestione deori
506 807 2283 893 ginali iustitia, oportet redire ad quaedam ibidem determinata circa iustitiam originalem: quae sola credenda est pri
507 867 2284 951 uari per peccatum originale: & per hoc priuatum debitorem illius esse: & ideo reum teneri pro eius amissione
501 922 2285 1008 remanente sola voluntatis natura. dicente Anselua de casu diaboli cap. xv quaerente an remanet aliquid
509 977 2284 1062 aliud cum ipsa voluntate quam quid prius considerabamus ante additamentum iustitiae. et statim respondet
510 1024 2276 1109 dicens. Quoniam nihil aliud est additum quam iustitia, separata iustitia nihil aliud est certum remanere quam quid erat prius
500 1090 2276 1170 nisi quia debitricem fecit cum accepta iustitia. Est igitur in voluntate iusta duo considerare: & essentiam
506 1143 2275 1219 voluntatis quasi aliquid subiectiue subtractum: et ipsam iustitiam quasi aliquid eidem inhaerens. dicente Ansel.
509 1189 2275 1283 in fine cap. xiiii. Putas aliquid esse additum voluntati temperans illam ne plus velit quam velle oportet & expedit: nul
517 1244 2276 1339 lus intellectus nihil esse hoc putabit. Hoc ergo non aliud est quam iustitia: qua deperdita nihil aliud succedit
518 1301 2276 1390 in voluntate quam iiustitia. & ideo vt dicit ca. vii. Iniustitiam nihil aliud esse asserimus quam priuationem iustitiae
520 1354 2275 1438 Vt autem dictu est in praenominata quaestione, istam iustitiam vno modo possumus intelligere praecise ipsam animae naturalem re
511 1424 2281 1503 ctitudinem: in quae naturaliter absque omni dono quod sit ei infusum creata est: ita quod etsi sit accidens essentiae: est tamen acci
509 1468 2280 1561 dens naturale, quemadmodum rectitudo accidit lineae. Alio modo possumus intelligere praecise illam iustitiam esse
499 1536 2277 1618 aliquid donum gratuitum, quod est accidens supernaturale animae infusum. Tertio vero modo possumus intellige
506 1587 2276 1673 re istam iustitiam vtrumque istorum simul. Si intelligamus illam iustitiam secundo me. scilicet esse ipsam donum infusum, &
511 1637 2270 1728 iniustitiam eius priuationem, tunc illa iustitiae carentia nihil aliua esset quam restitutio animae in suasola & pu
501 1702 2282 1785 ra naturalia in naturali sua rectitudine persistentia, nec esset aliquid plus aut minus in isto sic dece-
508 1751 2261 1842 dente priuata ab ipso illa iustitia quam in illo qui factus est decedens in puris naturalibus. Si tamen possibile est quod
505 1815 2267 1887 aliquis talis possit sine omni peccato decedere siue mori, de quo tactum est supra, absque eo quod numquam habuit
508 1865 2263 1949 talem iustitiam qualis ab illo priuata est. Nec restat in aliquo nisi quod ille debitor est iustitiae quam accepe
497 1926 2259 2003 rat & amisit. lste vero non: quia numquam eam acceperat: & ideo nec amisit. Quare si originale peccatum diceremus
500 1981 2261 2037 originalem iniustitiam quae consistit in carentia dictae iustitiae cum debito habendi eam, siue cum reatude non ha-
499 2025 2263 2113 bendo eam: non video quod aliquam poenam danmni iste patiatur quam non patitur ille. quoniam quantum ad carentiam diuinae visi
498 2093 2256 2167 onis aequales sunt: quantum vero ad notitiam rerum naturalium: similiter aequales sunt: eo quod ambo naturam habent
499 2148 2267 2207 aequaliter integram. Si ergo iste decedens poenam aliquam aliam patiatur quam illam naturalem quam naturaliter patitur alter
496 2208 2266 2282 & non potest esse alia quam poena sensus: poenam ergo sensus oporteret ponere istum pati, & non illum, si peccatum ori
497 2261 2270 2339 ginale praecise consisteret in carentia illius iustitiae. Cum ergo isti non potest deberi poena sensus, non
503 2313 2258 2394 possumus in ista carentia praecisa ponere originalem iniustitiam, siue originale peccatum. Quare neque iusti-
494 2366 2265 2434 tiam originalem in praecisa iustitia illa. Si vero intelligamus illam iustitiam originalem primo modo i.
494 2408 2260 2482 ipsam naturalem rectitudinem, & iniustitiam ei oppositam priuationem illius iustitiae, tunc ista iustitiae carentia
490 2481 2264 2539 esset destitutio animae a sua naturali rectitudine, & esset in isto aliquid priuatum quod manet in illo: & cum
493 2520 2254 2609 hoc habet reatum, quia est debitor illius iustitiae amissae. Et sic appellando istam carentiam cum reatuori
495 2589 2261 2646 ginalem iustitiam siue originale peccatum: Dicendum est ad quaestionem quod iste nullam poenam
485 2641 2252 2721 sensus sentit plus quam ille: sed poenam damni tantum: quae consistit in respectu ad intra in carentia illius
489 2699 2248 2776 rectitudinis & obligatione facta contraria in voluntate: quae est in voluntate non natura, sedma-
492 2741 2252 2818 litia. Ex qua sequitur poena secunda. scilicet excaecatio siue obnubilatio in ratione secundum proportionem illius in
482 2798 2253 2890 fectionis per malitiam in voluntate. Sic enim naturaliter connexa sunt voluntas & ratio, vt omnis ma
489 2852 2258 2941 litia voluntatis ponat obnubilationem sibi proportionalem in ratione. Ex quo sequitur terria poe-
482 2920 2246 2996 na: scilicet carentia visionis non solum diuinae essentiae: quae sine gratia & gloria non tam poena est ex
486 2972 2252 3047 culpa quam defectus ex natura in potentia: quam patitur ille etiam qui decedit absque originali culpa: sed etiam
486 3023 2252 3094 visionis atque Iympidae cognitionis eorum quae circa creaturas, & de deo ex creaturis naturaliter cognoscere
486 3068 2245 3159 possit: & hoc ipediente rationis obscuratione: quae non est in altero. Propter quod lympidius cognoscet omnia
482 3132 2241 3208 naturaliter cognoscenda quam iste. Si vero intelligamus illam iustitiam donum supernaturale cum ipsa
482 3183 2243 3257 naturali rectitudine: & per consequens iniustitiam ei oppositam priuationem vtriusque, tunc ista ca-
474 3241 2235 3335 rentia iustitiae esset destitutio animae a sua rectitudine naturali & gratuita simul & reatus iustitiae dui
