2398 3723
144 327 1901 423 qua commutatio dando has pro illis. Pretio autem aestimato vt hae valeant in tanto plus quam illae, cum non
141 406 1898 474 posset superexcrescens abscindi: & sine hoc non posset fieri aequa conmutatio: ideo a substantia rerum
144 459 1896 519 venalium separatus est valor siue praetium: & factus est nummus non solum propter dictam causam
143 510 1900 571 sed vt esset praetium, ita quod si habeat in se substantiam in pondere & figura: habet tamen inquantum
134 564 1889 621 nummus est cursum suum habens rationem praetii non substantiae, vt per praetium nummorum adaequentur
135 618 1896 689 praetia rerum venalium, vt recipiens oues pro gallinis addat tantum in nummis quantum excedit praetium ouium
141 670 1898 733 pretium gallinarum, vel det tantum de praetio in nummis quantum iuste debent appretiari oues: vt sit omnino
134 722 1895 797 aequalitas. ita quod si statim absque omni commutatione circa pretium ouium ratione loci & temporis
134 778 1893 835 & aliarum circunstantiarum vellet oues illas reuendere: plus non posset inde accipere quam dedit. iuxta
138 824 1904 881 determinationem quam alias in alio Quolibet exposuimus. Semper enim naturalis aequitas dati & recepti
141 885 1891 951 debet obseruari bona fide, vt dictum est. Quare cum nummus eo quod per se habet rationem pretii & me
143 939 1898 994 dii in commutationibus, & non extremi nisi per accidens: ipse inquantum nummus est determinatam
136 989 1901 1048 habet rationem praetii ab aestimatione & impositione eius secundum iudicium rectae rationis, ita quod nec plus
131 1045 1899 1102 nec minus possit valere. Propter quod siquis petit ab altero commutari pecuniam suam pro pecunia
140 1099 1897 1165 alterius, secundlum aequitatem iustitiae naturalis, nisi aliter sua interesset, deberet ei commutare aequa
133 1149 1895 1220 le in pretio pro aequali: & nihil excrescens superaccipere exinde. quod si accipiat, accipiet aliquid pro quo
138 1205 1897 1268 nihil omnino dedit: quod est iniquitas & contra naturalem iustitiam humanae societatis, vt dictum est.
141 1262 1898 1327 Aut ergo debet commutare aequale pro aequali si aliter non interest sua: & peccaret contra naturalis iustitiae
143 1311 1888 1373 aequitatem si hoc non faceret. Vel si sua interesset, vt indigeret propria pecunia, tunc non posset eam
138 1367 1889 1428 commutare sine peccato si vellet, vel si aliquo modo alias eius interesset: posset aliquid amplius sm iu
146 1420 1883 1484 dicium rectae rationis accipere. Ad cuius intellectum sciendum est, quod cum nummus sit medium siue regula
131 1466 1888 1532 siue pretium siue mensura in conmutationibus, hoc non est nisi in tempore & loco vbi cursum suum habet
137 1520 1892 1592 & hoc vel ex principis statuto, quemadmodum Parisius currunt ex regis edicto Turonenses albi & ni
147 1578 1892 1638 gri &. Parisienses ad eius iustam aestimationem, vel ex principis permissione, quemadmodum Parisius currunt
135 1631 1898 1686 Sterlingi. De commutatione ergo numismatis pro numismate, aut est facienda in loco in quo pro in-
135 1683 1892 1738 stanti tempore ambo genera numismatum currunt, puta siquis Parisius pro vno albo Turonense vellet ha
131 1737 1894 1795 bere decem Parisienses. Sic enim iam appretiati sunt. Aut est facienda in loco in quo pro tempore in-
132 1788 1893 1856 stanti, vel alterum numisma, vel neutrum currit. Si primo modo, aut numisma eius qui vult ac-
135 1837 1896 1908 cipere amplius pretio instituto plus valet in potesdere quam sit appretiatum, vt puta rex appretiatus est Ster
133 1893 1892 1955 lingos minus iusto, nec aliter permittit vt habeant cursum in terra sua, aut non valet plus in poesdere. Si primo
141 1950 1898 2012 modo: dico quod vsque ad iustum pretium debet mutuare gratis: & pondus superexcrescens potest ven-
137 2013 1898 2075 dere in forma ponderis: non autem numismatis: & sic accipere amplius quatenus sua interest pro pondere
129 2054 1897 2122 & hoc nisi specialiter & publice a principe fuerit interdictum, vel ex natura institutionis numisma-
136 2111 1899 2179 tis per impressionem characteris de iure conmuni sit interdictum, quemadmodum interdicta est decopatio
130 2161 1898 2229 nummorum. Tunc enim ista commutatio reduceretur ad illam speciem conmutatiuae non naturalis: quam phi-
130 2210 1897 2285 losophus appellat obolasticam. de qua dicit quod rationabilissime odio habetur obolastica: eo quod ab ipso nu-
135 2270 1896 2334 mismate fit acquisitio, & non super quo acquisitum est. Translationis enim gratia factum est numisma, vt scilicet
139 2324 1896 2382 in ipso solum consideretur ratio pretii ad transferendum rem venalem a venditore in emptorem, &
136 2373 1899 2442 non vt aliquid ponderis abscindatur vel vendatur. Si secundo modo, sic nullo modo licet accipere amplius
136 2430 1892 2500 nisi quatenus sua interest pro labore computandi & custodiendi numismata & caetera quae pertinent ad
134 2484 1892 2552 curam eius, dum tamen hoc faciat bona fide. alias autem nullo modo licet, sed est species vsurae: quam phi
140 2538 1892 2600 losophus appellat Tacos. de qua dicit philosophus quod Tacos secundum se faciat. vnde & nomen acce
138 2587 1892 2657 pit. Similia enim parta ipsis generantibus sunt. Tacos autem sit numisma ex numismate, quare & maxime prae
136 2641 1912 2705 ter naturam istarum pecuniarum acquisitio est. Qualiter autem differt ab vsura vsuali & proprie dicta.
130 2692 1911 2765 secundum rationem tantum, per se patet consideranti. Si vero numisma vnum, aut neutrum habet
138 2757 1910 2816 cursum suum vbi & quando sit commutatio, ibi & tunc non habet rationem medii & pretii
132 2801 1902 2860 sed potius extremi & rei appretiandae: & potest licite vendi iusto pretio, & ille qui emit potest indu
135 2855 1896 2916 stria sua deferre ad locum vbi habet cursum suum, & pro ampliori pretio in vsum ponere. PERdi
141 2908 1895 2978 cta patent obiecta primae partis. Ad argumentum in contrarium quod campsoria non est prohibita,
133 2962 1894 3035 dicendum secundum dicta quod falsum est, quia secundum quod est illicita reducitur ad vsuram. &
137 3019 975 3093 ideo prohibita est in eo quod prohibetur vsura.
864 3091 1276 3202 Finis quaestionis. xxii.
