2397 3726
160 341 1919 443 piditatis in doni aut eleemosynae perceptione ex parte recipientis, sed solum si pie suscipiatur: vt quan-
160 426 1919 484 tum est ex parte recipientis non peccaret in recipiendo: si certum non esset de alieno. Aut cum
158 468 1914 529 illud de quo datur sit partim bene acquisitum partim male: puta si habeat. c. in bonis, &. x. ex illis
151 525 1910 584 male sunt acquisita: an qui ab illo recipiat in donum vel in eleemosynam aliquid, puta x. teneatur
157 582 1920 636 totum receptum restituere: an quotam aliquam. Nec potest hic aliqua vna & absoluta determi
156 623 1914 693 natione responderi, secundum quod responsum est in praecedenti quaestione: eo quod in hoc facto nihil
162 684 1911 744 potest esse regulare ex genere facti sicut ibi. Non enim ex genere facti est illicitum tenere & non re
154 740 1915 813 stituere datum: sicut ex genere facti illicitum est detinere & non restituere male ablatum. Vnde si
153 794 1907 863 datum oporteat restituere, hoc solum contingit ex circunstantia ex parte dantis vel recipientis vel ipsius
162 847 1914 920 dati. SED quantum pertinet ad praesentem quaestionem, hoc solum inspiciendum est ex parte da
152 904 1911 972 ti: quia quaestio habet bene locum suum extantibus omnibus conditionibus bonis quibus licitum
150 954 1909 1024 est recipere, & ex parte dantis, & ex parte recipientis. Vt igitur inspiciamus quid sentiendum est
149 1002 1916 1061 de quaestione: distinguendo inuestigandae sunt circunstantiae ex parte talis dati: quibus secundum re
152 1057 1907 1130 ctae rationis iudicium poterit apparere an licitum sit tale datum detinere, seu illicitum: vt opor-
150 1110 1909 1179 teat ipsum restituere. Distinguendo igitur dicimus quod in bonis talis datoris aut male acquisi-
150 1167 1909 1227 tum separatum est a bene acquisito: & bene nouit dans quid sit de bene acquisito & quid sit de
148 1211 1904 1280 male acquisito: aliter enim sibi essent quasi indistincta bona: aut ambo sunt indistincta, & dans
154 1273 1915 1331 non nouit quid pertineat ad vnum, & quid ad alterum. Si primo modo, aut ergo dat de eo quod
155 1327 1916 1384 nouit esse bene acquisitum: aut de eo quod nouit esse male acquisitum. Si primo modo, aut hoc
151 1380 1914 1439 innotescit recipienti, aut non. Si primo modo de istis duobus vltimis, est tunc subdistinguen-
154 1435 1914 1488 dum, vt iam distinguetur quando bona non sunt distincta, & non dat simul totum: sed vni pri-
147 1489 1908 1547 mo. Si secundo modo: tunc subdistinguendum est sicut quando non sunt bona distincta: vt iam se-
148 1546 1911 1609 quetur: quia cum ignorat recipiens quid sit de bono: perinde est ei acsi illa bona omnino essent indi-
152 1595 1917 1665 stincta. Si autem bona illa sunt distincta: & dans bene nouit quod illud quod dat pertineat ad male ac
152 1645 1911 1713 quisitum: tunc vt prius, aut illud innotescit recipienti, aut non. Si primo modo: dico quod simpli-
148 1707 1911 1762 citer tenetur ad restituendum: quia ille nuilum omnino habuit ius dandi siue alienandi illud, ma-
149 1752 1908 1829 xime si sit de talibus bonis quae debent restitui in eodem secundum numerum, vt est liber aut scy
143 1809 1906 1875 phous. Si enim sit de talibus bonis quae possint restitui in alio secundum numerum, vt est pecunia:
153 1862 1909 1921 tunc subdistinguo. Aut enim dans intendit se manere obligatum in suis bonis bene acquisitis ad il-
149 1915 1908 1991 lius dati restitutionem. Et tunc iterum distinguendum est sicut quando bona sunt indistincta, &
142 1972 1918 2029 non dat simul totum: sed vni primo vt iam distinguetur. Aut non intendit pro illo dato manere
147 2025 1908 2086 obligatus in suo bene acquisito: sed potius intendit illum cui dat obligare cum illo dato: quemad
149 2075 1908 2147 modum ipse obligatus est. In isto casu dico quod simpliciter tenetur ad restitutionem: eo quod in tali casu
152 2133 1917 2195 res transit cum suo onere: maxime cum hoc intendit donans. Si vero bona praedicta sunt indistincta, aut dans
149 2193 1912 2258 non nouit distinctionem vnius eorum ab altero: tunc subdistinguo. Aut enim dat successiue plu-
145 2243 1910 2303 ribus in vita sua vni post alterum: aut dat totum simul, siue in testamento, siue donatione inter
152 2291 1902 2355 viuos. Et in isto secundo modo aut dat torum vni, & manifestum est quod iste recipiens tenetur ad resti-
156 2343 1915 2405 tutionem sicut dans: quia res transit cum suo onere: aut dat per partes pluribus. Et in isto distin-
147 2402 1908 2470 guo: aut enim distinguit cui & quantum intendat dare de bono, aut nihil distinguit. Si primo mo
148 2458 1909 2513 do: tunc pro quanto intendit dare de bono vsque ad summam illam quam habet de bono, dico quod non tene
149 2509 1899 2582 tur ad restitutionem qui illud recipit: quia in caeteris bonis intendit recipientes obligare ad re-
151 2557 1905 2622 stitutionem. ad minus enim hoc praesumendum est. Pro quanto vero quis recipit exhausta sum-
151 2618 1907 2684 ma boni: certum est quod ad restitutionem tenetur: dum tamen hoc innotescat recipientibus. Ali-
146 2670 1900 2732 ter enim ipsis esset perinde ac si non distingueret. Si ergo nihil distinguit: tunc dicendum quod om
143 2722 1902 2780 nes simul sic obligat ad restitutionem quemadmodum ipse obligatus est. Quia aut intendit omnes
150 2776 1908 2844 obligare simul ad restitutionem sicut ipse obligatus est: aut est praesumendum quod hoc intendat si
151 2827 1905 2887 ue non. Et siue hoc praesumitur siue non: necesse est omnes simul in foro conscientiae sic obligatos
156 2879 1906 2953 esse ad restitutionis: sicut & ipse manet. Et in hoc casu si vnus illorum vel plures restituant, alii
150 2932 1909 3010 sunt absoluti, & non tenentur ad restitutionem: quia non est cui aliquid restituendum sit. Sed cre
151 2989 1902 3042 do quod restituentes habent actionem contra illos qui nihil restituunt: vt secundum recepti propor-
141 3042 1904 3107 tionem eis refundant. alioquin quilibet eorum manet obligatus ad totum restituendum si summa
141 3103 1908 3169 recepti ad tantum se extendat. Si vero in vita sua dat successiue vni post alterum secundum quod ei pla
149 3153 1910 3211 cuerit: tunc subdistinguo ex parte eius cui dat aliquid, primo. Aut enim intendit illi dare de bono
153 3206 1909 3283 tantum: aut de malo tantum: aut dat ei simpliciter, nihil de hoc intendendo neque intentionem determinando.
