2426 3767
520 318 2291 405 Si igitur intendat primo dare tantum de malo hoc est de debito inquo ipse dans alteri obligatur: aut
520 398 2284 466 de male acquisito, vt dictum est in quaestione: tunc datarius seu ille cui datur nihil recipit nisi onus
520 450 2278 520 restituendi si hoc intellexerit: et non tenetur recipere donum. Aut licet plus det: tamen intendat
522 505 2275 575 dare totum quod est de malo: tunc secundum iam dicta dicendum est quod talis debet se habere
524 568 2275 636 pro obligato in isto dono sicut erat ille qui dedit: dum tamen hoc ei innotescat. Aliter enim per-
518 611 2277 686 inde esset: ac si ille nihil determinate intenderet. Et sic in dicto casu semper tenebitur totum resti
520 668 2280 738 tuere illi cui restituendum est: nisi de residuo per illum qui ei dedit satisfiat, aut per illos ad quos bona
515 730 2290 798 residua deuenerunt. Et de portionibus receptis ab illis distinguendum est vt prius. Si vero in
522 781 2282 842 eo quod dat primo non determinat suam intentionem: aut solum intendat expresse dare de solo
522 835 2277 905 bono: aut ergo tantummodo dat illi: vt ipse de residuo possit decenter viuere secundum conditionem status
522 896 2282 964 sui & etiam restituere totum. In isto casu dico quod iste non tenetur restituere: quia praesumendum
523 946 2278 1019 est quod intendit manere obligatus pro toto & illum non obligare: sed de bono tantum dare, etiam si non
522 1013 2288 1074 determinat suam intentionem. Aut vt de residuo tantum possit viuere decenter: sed non restituere: aut a
528 1059 2270 1129 vt de illo residuo nec possit viuere nec restituere. In istis duobus casibus dico quod tenetur restitue-
522 1113 2279 1185 re totum quod restituendum est si tantum recepit: quia non est praesumendum quin in istis casibus
532 1168 2281 1236 intendat datum transire cum onere: et potius ipsum velle detinere bene acquisitum, quam male. Aut
529 1223 2276 1291 vt in residuo manet, vnde possit tantum restituere: sed non viuere. Et in hoc casu distinguo: aut enim
531 1274 2273 1347 innotescit illi qui recepit quod dans se velit licite & pro deo depauperare: tunc non tenetur restitue-
523 1333 2274 1403 re: quia praesumendum est quod dans de remanenti intendat restituere: et quod de bono voluit da-
530 1386 2276 1453 rei. Aut illud non innotescit recipienti. in hoc casu dico quod ad restitutionem tenetur vsque ad sum-
521 1449 2272 1519 mam restituendam si tantum recepit: quia non est praesumendum quod ille ad victum necessarium vo
517 1503 2270 1576 luit tantum tenere de malo: immo potius quod tantum de bono. Et ideo vel ex natura rei datae vel ex inten-
524 1558 2268 1626 tione dantis iste ad restitutionem tenetur. Secundum has igitur distinctiones plures puto quod
521 1608 2274 1680 oportet ad istam quaestionem respondere. Et patet in quibus casibus oportet fieri restitutionem
523 1663 2280 1738 dati, & in quibus nequaquam. PER iam dicta patent obiecta. AD illud ergo quod primo argueba
517 1717 2274 1789 tur de liberis succedentibus patri si adeunt haereditatem paternam quod manent obligati ad resti-
515 1773 2272 1846 tuenda omnia a parentibus male acquisita: Dicendum est quod verum est: Et hoc quemadmodum
515 1826 2262 1902 obligantur illi quibus simul omnia bona donantur: vel in testamento vel donatione inter viuos.
526 1887 2266 1959 Siquidem de illis, & de liberis succedentibus omnino est simile. de aliis vero nequaquamcuius causa
521 1934 2255 2011 patet ex determinatis. Ad secundum quo assumebatur quod de quolibet cui aliquid donatur de il
514 1992 2269 2074 lis bonis dubium est an ei detur de bono an de malo: Dicendum quod non est verum: immo in plu-
515 2041 2275 2129 ribus casibus certum est vel vere vel praesupposite, quod non datur ei nisi de bono: vt patere potest dis
524 2116 2264 2185 currendo per casus iam expositos. Quod autem dico de bono: intelligo de bene & iuste acquisito:
517 2152 2270 2237 & similiter de malo pro male acquisito licet in se bonum sit. AD argumentum in oppositum:
525 2223 2265 2285 quo assumebatur quod omnes a talibus. i. a male acquisita possidentibus accipiunt aut in donum autem
523 2273 2263 2346 in eleemosynam: dicendum quod de nemine habente alicuius religionis aut sanctitatis speciem: prae
524 2318 2262 2406 sumendum est quod in aliquo casu nisi licito absque omni restitutione facienda accipiat a talibus quic-
518 2369 2260 2463 quam. sed qui accipiant aliter ipsi viderint quid faciant: non enim verisimile est eos licite recipere, led
521 2439 975 2532 ad restitutionem teneri.
1135 2574 1501 2694 Sequitur quaestio
1251 2657 1425 2745 xxvi.
840 2725 2261 2830 lrca tertium quo quaerebatur de recipiente pro mutuo aliquid vltra forte:.
846 2813 2258 2898 nullo tamen interueniente pacto: vtrum talis teneatur ad restitutionem illius
846 2882 2251 2955 quod vltra fortem seu mutuo datum recepit: arguebatur primo quod recipiens
854 2935 2259 3006 pro mutuo non ex pacto aliquid non teneatur ad restitutionem: quia non ma
856 2990 2252 3067 gis tenetur restituere qui aliquid recipit ex vsura vltra fortem: quam teneturre-
837 3026 2251 3105 signare ille qui aliquod beneficium obtinuit ex simonia mentali sine pacto. Sd
508 3097 2246 3171 recipiens beneficium ex simonia mentali, si nullum interuenerit pactum: licet peccet, non tamen tene-
518 3139 2245 3211 tur ad resignationem beneficii, vt dicitur extra de simonia. cap. vltimo, vbi dicitur. Quaenuillum
520 3197 2240 3274 pacto: sed affectu animi procedente acquiruntur: relinquentibus sufficit per solam poeni-
519 3246 2239 3345 tentiam suo satisfacere creatori. eosque pro simonia pro huiusmodi non teneri. ergo qui aliquid recipit
