<?xml version="1.0" encoding="UTF-8" standalone="yes"?>
<PcGts xmlns="http://schema.primaresearch.org/PAGE/gts/pagecontent/2013-07-15" xmlns:xsi="http://www.w3.org/2001/XMLSchema-instance" xsi:schemaLocation="http://schema.primaresearch.org/PAGE/gts/pagecontent/2013-07-15 http://schema.primaresearch.org/PAGE/gts/pagecontent/2013-07-15/pagecontent.xsd">
    <Metadata>
        <Creator>prov=University of Rostock/Institute of Mathematics/CITlab|PLANET AI GmbH/Gundram Leifert/gundram.leifert@planet-ai.de:name=Badius1518-m5(htr_id=23184)::::v=2.6.6
prov=University of Rostock/Institute of Mathematics/CITlab|PLANET AI GmbH/Tobias Gruening/tobias.gruening@planet-ai.de:name=de.uros.citlab.module.baseline2polygon.B2PSeamMultiOriented:v=2.6.6
prov=University of Rostock/Institute of Mathematics/CITlab|PLANET AI GmbH/Tobias Gruening/tobias.gruening@planet-ai.de:name=/net_tf/LA73_249_0mod360.pb:de.uros.citlab.segmentation.CITlab_LA_ML:v=2.6.0
Transkribus</Creator>
        <Created>2019-12-09T23:47:47.153+01:00</Created>
        <LastChange>2020-04-22T18:25:44.853+02:00</LastChange>
        <TranskribusMetadata docId="291873" pageId="11635146" pageNr="547" tsid="28158474" status="IN_PROGRESS" userId="25065" imgUrl="https://files.transkribus.eu/Get?id=ICFXULKGVTGGJSNZKOBQLNMR&amp;fileType=view" xmlUrl="https://files.transkribus.eu/Get?id=MDGKTMUOHRKVTDQZIVEMSYIB" imageId="8014185"/>
    </Metadata>
    <Page imageFilename="546.jpg" imageWidth="2415" imageHeight="3729">
        <ReadingOrder>
            <OrderedGroup id="ro_1587600657807" caption="Regions reading order">
                <RegionRefIndexed index="0" regionRef="TextRegion_1582935869234_793"/>
            </OrderedGroup>
        </ReadingOrder>
        <TextRegion orientation="0.0" id="TextRegion_1582935869234_793" custom="readingOrder {index:0;}">
            <Coords points="141,302 1931,303 1931,3231 161,3227"/>
            <TextLine id="r3l2" custom="readingOrder {index:0;}">
                <Coords points="144,375 1943,368 1943,299 143,297"/>
                <Baseline points="155,355 243,354 332,353 421,351 510,350 599,349 687,348 776,347 865,347 954,346 1043,345 1131,345 1220,345 1309,344 1398,345 1487,345 1575,345 1664,346 1753,347 1842,348 1931,350"/>
                <TextEquiv>
                    <Unicode>quo ad maculam, &amp; quo ad reatum: in regeneratis vero quo ad icuruationem tantum, vt dictum est. Alio vero modo</Unicode>
                </TextEquiv>
            </TextLine>
            <TextLine id="r3l3" custom="readingOrder {index:1;}">
                <Coords points="148,428 1863,429 1936,422 1936,360 148,375"/>
                <Baseline points="158,410 246,408 334,407 423,406 511,405 599,404 688,403 776,402 864,402 953,401 1041,401 1129,401 1218,400 1306,400 1394,401 1483,401 1571,401 1659,402 1748,402 1836,403 1925,404"/>
                <TextEquiv>
                    <Unicode>vt dicit, peccatam dicuntur: quia si vicerintreum faciunt peccati. Et hoc est quid dicit Augustinus de nup. &amp; concupi. Quia</Unicode>
                </TextEquiv>
            </TextLine>
            <TextLine id="line_1582935869359_796" custom="readingOrder {index:2;}">
                <Coords points="139,475 1812,478 1934,469 1934,422 139,428"/>
                <Baseline points="150,461 237,461 326,460 415,459 503,459 592,458 681,457 769,457 858,456 947,456 1036,455 1124,455 1213,455 1302,454 1390,454 1479,454 1568,455 1656,455 1745,455 1834,456 1923,457"/>
                <TextEquiv>
                    <Unicode>modo quodam loquendi peccatum vocatur quod et peccato factum est, et peccati si vicerit facit reum: et reatus eius va</Unicode>
                </TextEquiv>
            </TextLine>
            <TextLine id="line_1582935869374_798" custom="readingOrder {index:3;}">
                <Coords points="138,530 1895,535 1937,471 138,477"/>
                <Baseline points="150,516 237,516 326,516 415,515 504,514 593,513 681,513 770,512 859,511 948,510 1037,509 1125,509 1214,508 1303,508 1392,508 1481,508 1569,508 1658,508 1747,509 1836,510 1925,512"/>
                <TextEquiv>
                    <Unicode>let in regeneratis. Quem reatum Christi gra per remissionem omnium peccatorum in regenerato si ad mala opera ei</Unicode>
                </TextEquiv>
            </TextLine>
            <TextLine id="r3l6" custom="readingOrder {index:4;}">
                <Coords points="145,579 1886,579 1935,534 144,528"/>
                <Baseline points="156,570 244,569 332,569 421,568 509,567 598,567 686,566 774,565 863,565 951,564 1040,563 1128,563 1216,562 1305,562 1393,562 1482,562 1570,562 1658,562 1747,563 1835,564 1924,565"/>
                <TextEquiv>
                    <Unicode>quodammo iubenti non obediat valere non finit. Sic autem vocatur peccatum quia peccato facta est: cum</Unicode>
                </TextEquiv>
            </TextLine>
            <TextLine id="line_1582935869374_800" custom="readingOrder {index:5;}">
                <Coords points="140,635 1935,633 1935,584 1759,567 140,579"/>
                <Baseline points="150,625 233,624 322,623 411,622 500,621 589,620 678,620 767,619 856,619 945,618 1034,618 1122,617 1211,617 1300,617 1389,617 1478,617 1567,617 1656,618 1745,618 1834,618 1923,619"/>
                <TextEquiv>
                    <Unicode>iam in renatis non sit ipsa peccatum: sicut lingua vocatur locutio quam facit lingua &amp; manus</Unicode>
                </TextEquiv>
            </TextLine>
            <TextLine id="line_1582935869374_802" custom="readingOrder {index:6;}">
                <Coords points="138,690 1922,691 1879,629 138,648"/>
                <Baseline points="150,682 180,682 271,679 362,678 453,676 544,675 635,674 726,673 817,673 908,672 1000,672 1091,672 1182,672 1273,672 1364,673 1455,673 1546,673 1637,673 1728,673 1819,673 1911,673"/>
                <TextEquiv>
                    <Unicode>vocatur scriptura quam manus facit. ltem sic vocatur peccatum, quia peccatum si vincit facit: sicut pigrum</Unicode>
                </TextEquiv>
            </TextLine>
            <TextLine id="r3l9" custom="readingOrder {index:7;}">
                <Coords points="147,750 1931,749 1930,691 1784,683 147,699"/>
                <Baseline points="157,731 245,731 333,731 421,730 509,730 597,729 685,729 773,728 861,727 949,727 1038,726 1126,726 1214,725 1302,725 1390,725 1478,725 1566,725 1654,726 1742,726 1830,727 1919,728"/>
                <TextEquiv>
                    <Unicode>vocatur frigus non quod a pigris fiat, sed quod pigros facit. Facit autem illud peccatum non nisi voluntate, sm determina</Unicode>
                </TextEquiv>
            </TextLine>
            <TextLine id="r3l10" custom="readingOrder {index:8;}">
                <Coords points="141,799 1934,793 1934,747 1807,736 141,741"/>
                <Baseline points="153,786 241,786 330,785 418,785 507,784 595,783 684,782 772,782 861,781 949,780 1038,779 1126,779 1215,778 1303,778 1392,778 1480,778 1569,778 1657,779 1746,779 1834,780 1923,782"/>
                <TextEquiv>
                    <Unicode>tum iam modum. Per iam dicta patet responsio ad obiecta. Quod ergo dicit magister in sententiis: quod tentatio ex carne</Unicode>
                </TextEquiv>
            </TextLine>
            <TextLine id="r3l12" custom="readingOrder {index:9;}">
                <Coords points="140,866 1913,860 1937,794 140,799"/>
                <Baseline points="151,842 239,841 328,839 417,838 506,837 595,836 683,836 772,835 861,834 950,834 1039,834 1127,834 1216,833 1305,833 1394,834 1483,834 1571,834 1660,834 1749,835 1838,835 1927,836"/>
                <TextEquiv>
                    <Unicode>peccatum est: Dicendum quod non est verum in renatis quo ad reatum, sed solum quo ad icuruationem, vel quia est ex peccato</Unicode>
                </TextEquiv>
            </TextLine>
            <TextLine id="r3l13" custom="readingOrder {index:10;}">
                <Coords points="142,908 1895,915 1926,857 142,866"/>
                <Baseline points="153,896 241,895 329,893 417,892 505,891 593,890 681,890 769,889 857,888 945,888 1034,888 1122,888 1210,888 1298,888 1386,888 1474,888 1562,889 1650,889 1738,890 1826,891 1915,892"/>
                <TextEquiv>
                    <Unicode>vel quia est causa peccati, vt dictum est. Ad secundum: quod primi motus non sunt voluntarii: Dicendum quod </Unicode>
                </TextEquiv>
            </TextLine>
            <TextLine id="r3l14" custom="readingOrder {index:11;}">
                <Coords points="143,970 1938,960 1938,909 1849,898 143,908"/>
                <Baseline points="153,949 241,948 330,947 418,946 507,945 596,944 684,943 773,942 862,942 950,941 1039,941 1128,941 1216,941 1305,941 1394,941 1482,941 1571,941 1660,942 1748,942 1837,943 1926,944"/>
                <TextEquiv>
                    <Unicode>licet non sint voluntarii quo ad voluntatem eius in quo sunt, vt ideo non habeant rationem peccati quo ad rea-</Unicode>
                </TextEquiv>
            </TextLine>
            <TextLine id="line_1582935869374_804" custom="readingOrder {index:12;}">
                <Coords points="139,1012 1854,1020 1934,1006 1934,957 139,968"/>
                <Baseline points="150,1004 237,1004 326,1002 415,1001 503,999 592,998 681,997 769,997 858,996 947,995 1036,995 1124,995 1213,995 1302,995 1390,995 1479,995 1568,996 1656,996 1745,997 1834,998 1923,999"/>
                <TextEquiv>
                    <Unicode>tum, cum expiantur: sunt tamen voluntarii quo ad voluntatem primi parentis, vt determinat Augustinus libro iii. de</Unicode>
                </TextEquiv>
            </TextLine>
            <TextLine id="r3l16" custom="readingOrder {index:13;}">
                <Coords points="146,1072 1903,1078 1929,1009 145,1017"/>
                <Baseline points="156,1059 244,1057 332,1056 420,1055 508,1053 596,1052 684,1051 772,1051 860,1050 948,1050 1036,1049 1124,1049 1212,1049 1300,1049 1388,1049 1476,1050 1564,1050 1652,1051 1740,1051 1828,1052 1917,1053"/>
                <TextEquiv>
                    <Unicode>libero arbitrio. a cuius voluntate processit suum, proprium peccatum actuale, &amp; deinceps omnia aliorum peccatam origi</Unicode>
                </TextEquiv>
            </TextLine>
            <TextLine id="r3l17" custom="readingOrder {index:14;}">
                <Coords points="141,1128 1729,1142 1931,1126 1931,1074 141,1079"/>
                <Baseline points="151,1113 239,1111 327,1110 416,1108 504,1107 593,1106 681,1105 770,1104 858,1104 947,1103 1035,1103 1123,1103 1212,1103 1300,1103 1389,1103 1477,1104 1566,1104 1654,1105 1743,1106 1831,1107 1920,1108"/>
                <TextEquiv>
                    <Unicode>nalia, vel mediate, vel immediate, &amp; ab illis primi motus: a cuius voluntate habent quod sint peccata, &amp; secundum </Unicode>
                </TextEquiv>
            </TextLine>
            <TextLine id="line_1582935869374_806" custom="readingOrder {index:15;}">
                <Coords points="140,1181 1672,1182 1730,1139 139,1134"/>
                <Baseline points="150,1169 226,1167 305,1165 383,1163 462,1162 540,1160 619,1159 697,1158 776,1157 854,1157 933,1156 1012,1156 1090,1156 1169,1156 1247,1156 1326,1157 1404,1157 1483,1157 1561,1158 1640,1159 1719,1159"/>
                <TextEquiv>
                    <Unicode>maculam, &amp; secundum reatum, nisi expientur sicut &amp; ipsum originale peccatum, vt dictum est.</Unicode>
                </TextEquiv>
            </TextLine>
            <TextLine id="r3l19" custom="readingOrder {index:16;}">
                <Coords points="487,1240 1915,1234 1928,1165 487,1171"/>
                <Baseline points="497,1215 568,1214 639,1212 710,1211 781,1210 852,1210 923,1209 994,1209 1065,1209 1136,1209 1207,1209 1278,1210 1349,1210 1420,1211 1491,1211 1562,1212 1633,1213 1704,1213 1775,1214 1846,1214 1917,1215"/>
                <TextEquiv>
                    <Unicode>Equitur quaesitum vltimum &amp; vnicum de creatura imanimata: vtrum elementa sint distincta</Unicode>
                </TextEquiv>
            </TextLine>
            <TextLine id="r3l20" custom="readingOrder {index:17;}">
                <Coords points="498,1288 1860,1294 1929,1279 1929,1232 498,1234"/>
                <Baseline points="510,1268 580,1267 650,1266 721,1265 791,1264 862,1263 932,1263 1002,1263 1073,1263 1143,1263 1214,1264 1284,1264 1354,1264 1425,1265 1495,1266 1566,1267 1636,1267 1706,1268 1777,1269 1847,1270 1918,1270"/>
                <TextEquiv>
                    <Unicode>per corpora caelestia. Ex arguitur quod non. quia hoc non facerent nisi per suum motum, quod non potest</Unicode>
                </TextEquiv>
            </TextLine>
            <TextLine id="r3l21" custom="readingOrder {index:18;}">
                <Coords points="486,1341 1897,1344 1926,1278 486,1288"/>
                <Baseline points="497,1323 567,1320 638,1319 709,1317 780,1316 851,1315 922,1315 993,1315 1064,1315 1135,1316 1206,1317 1276,1317 1347,1318 1418,1319 1489,1320 1560,1321 1631,1321 1702,1322 1773,1322 1844,1322 1915,1322"/>
                <TextEquiv>
                    <Unicode>esse, quia multiplicatio motuum &amp; reuolutionum totum corrumperet excedendo siue exces-</Unicode>
                </TextEquiv>
            </TextLine>
            <TextLine id="r3l22" custom="readingOrder {index:19;}">
                <Coords points="490,1382 1931,1397 1932,1328 490,1329"/>
                <Baseline points="501,1374 575,1372 650,1371 725,1370 799,1369 874,1369 949,1369 1023,1369 1098,1370 1173,1370 1247,1371 1322,1371 1397,1372 1471,1373 1546,1374 1621,1375 1695,1376 1770,1377 1845,1378 1920,1379"/>
                <TextEquiv>
                    <Unicode>sum causando circa formas elementorum. Contra, possunt in plus, quia in generationem</Unicode>
                </TextEquiv>
            </TextLine>
            <TextLine id="r3l23" custom="readingOrder {index:20;}">
                <Coords points="459,1432 1930,1435 1905,1386 459,1397"/>
                <Baseline points="471,1429 543,1428 615,1426 688,1425 760,1424 833,1424 905,1423 977,1423 1050,1423 1122,1424 1195,1424 1267,1425 1339,1425 1412,1426 1484,1427 1557,1428 1629,1428 1701,1429 1774,1430 1846,1431 1919,1431"/>
                <TextEquiv>
                    <Unicode>&amp; distinctionem animatorum: ergo &amp; in minus scilicet in generationem &amp; di- </Unicode>
                </TextEquiv>
            </TextLine>
            <TextLine id="r3l24" custom="readingOrder {index:21;}">
                <Coords points="468,1484 1745,1508 1923,1495 1924,1437 469,1428"/>
                <Baseline points="479,1482 550,1480 622,1479 694,1478 765,1477 837,1476 909,1476 980,1476 1052,1477 1124,1477 1196,1478 1267,1479 1339,1479 1411,1480 1482,1481 1554,1482 1626,1483 1697,1483 1769,1484 1841,1484 1913,1484"/>
                <TextEquiv>
                    <Unicode>stinctionem elementorum. Quaestio ista de ordine, &amp; distinctione, &amp; generatio-</Unicode>
                </TextEquiv>
            </TextLine>
            <TextLine id="r3l25" custom="readingOrder {index:22;}">
                <Coords points="472,1533 1929,1545 1880,1494 472,1482"/>
                <Baseline points="484,1535 555,1533 627,1532 699,1531 770,1530 842,1530 914,1530 985,1530 1057,1530 1129,1530 1201,1531 1272,1532 1344,1532 1416,1533 1487,1534 1559,1535 1631,1536 1702,1537 1774,1538 1846,1538 1918,1539"/>
                <TextEquiv>
                    <Unicode>ne elementorum eiusdem difficultatis est circa alia omnia creata qualis est circa elemen-</Unicode>
                </TextEquiv>
            </TextLine>
            <TextLine id="r3l26" custom="readingOrder {index:23;}">
                <Coords points="142,1619 1928,1604 1914,1546 142,1537"/>
                <Baseline points="153,1597 241,1595 329,1592 417,1591 505,1589 594,1588 682,1586 770,1586 858,1585 946,1585 1035,1585 1123,1585 1211,1585 1299,1586 1387,1586 1476,1587 1564,1588 1652,1590 1740,1591 1828,1592 1917,1594"/>
                <TextEquiv>
                    <Unicode>ta, quomode scilicet habent esse &amp; ordinem atque distinctionem in vniuerso. Extendendo igitur quaestionem sicut oportet ad </Unicode>
                </TextEquiv>
            </TextLine>
            <TextLine id="line_1582935869374_808" custom="readingOrder {index:24;}">
                <Coords points="139,1670 1825,1669 1936,1658 1936,1603 139,1621"/>
                <Baseline points="150,1650 237,1649 326,1646 415,1644 504,1643 592,1641 681,1640 770,1640 859,1639 947,1639 1036,1639 1125,1639 1214,1640 1302,1640 1391,1641 1480,1642 1569,1643 1657,1644 1746,1645 1835,1646 1924,1648"/>
                <TextEquiv>
                    <Unicode>omnia alia naturalia, sciendum secundum quod recitat philosophus. i. Metaphysica quod primi philosophantium solum viderunt pri</Unicode>
                </TextEquiv>
            </TextLine>
            <TextLine id="r3l28" custom="readingOrder {index:25;}">
                <Coords points="148,1712 1934,1718 1934,1667 1712,1649 148,1668"/>
                <Baseline points="158,1706 246,1703 334,1700 422,1698 510,1696 599,1694 687,1693 775,1692 863,1692 951,1692 1040,1692 1128,1692 1216,1692 1304,1693 1392,1694 1481,1695 1569,1696 1657,1698 1745,1699 1833,1700 1922,1702"/>
                <TextEquiv>
                    <Unicode>cipium materiale esse in rebus naturalibus sensibilibus, nullaque alia esse arbitrati sunt quam sensibilia, nec cam</Unicode>
                </TextEquiv>
            </TextLine>
            <TextLine id="r3l29" custom="readingOrder {index:26;}">
                <Coords points="147,1773 1935,1765 1878,1710 147,1713"/>
                <Baseline points="158,1759 246,1756 334,1754 422,1752 511,1750 599,1749 687,1748 776,1747 864,1747 952,1746 1041,1746 1129,1747 1217,1747 1305,1747 1394,1748 1482,1749 1570,1751 1659,1752 1747,1753 1835,1755 1924,1757"/>
                <TextEquiv>
                    <Unicode>agentem &amp; mouentem videbant in rebus, neque finalem. Propter quod quorundam erat opinio, quod omnia quae sunt in natu- </Unicode>
                </TextEquiv>
            </TextLine>
            <TextLine id="r3l30" custom="readingOrder {index:27;}">
                <Coords points="144,1821 1830,1831 1936,1826 1936,1762 144,1772"/>
                <Baseline points="156,1813 244,1810 333,1808 421,1806 510,1805 598,1803 687,1802 775,1801 864,1801 952,1800 1041,1800 1129,1800 1218,1801 1306,1801 1395,1802 1483,1803 1572,1804 1660,1805 1749,1807 1837,1808 1926,1810"/>
                <TextEquiv>
                    <Unicode>ra rerum, sicut sunt, habent esse a casu: non autem ab agente determinato, neque propter aliquid: sed esse &amp; fieri omnia</Unicode>
                </TextEquiv>
            </TextLine>
            <TextLine id="r3l31" custom="readingOrder {index:28;}">
                <Coords points="156,1877 1933,1870 1899,1817 156,1819"/>
                <Baseline points="166,1868 253,1865 341,1863 429,1861 517,1859 605,1857 692,1856 780,1855 868,1854 956,1854 1044,1854 1131,1854 1219,1854 1307,1855 1395,1856 1483,1857 1570,1858 1658,1859 1746,1861 1834,1862 1922,1864"/>
                <TextEquiv>
                    <Unicode>in seipsis, vt contingit. Aliorum vero ex eis opinio erat quod omnia fierent ex necessitate materiae: quemad- </Unicode>
                </TextEquiv>
            </TextLine>
            <TextLine id="r3l32" custom="readingOrder {index:29;}">
                <Coords points="153,1930 1930,1926 1893,1870 153,1877"/>
                <Baseline points="164,1920 251,1918 339,1916 427,1914 515,1913 603,1911 690,1910 778,1909 866,1909 954,1908 1042,1908 1129,1908 1217,1908 1305,1909 1393,1909 1481,1910 1568,1911 1656,1913 1744,1914 1832,1916 1920,1918"/>
                <TextEquiv>
                    <Unicode>modum si dicatur domus talis esse qualis est, vt quod ligna sint sursum posita, &amp; lapides deorsum: quia sic com-</Unicode>
                </TextEquiv>
            </TextLine>
            <TextLine id="r3l33" custom="readingOrder {index:30;}">
                <Coords points="151,1992 1893,1992 1937,1926 151,1930"/>
                <Baseline points="162,1974 250,1972 338,1970 426,1968 514,1967 603,1965 691,1964 779,1963 867,1963 955,1962 1044,1962 1132,1962 1220,1962 1308,1962 1396,1963 1485,1964 1573,1965 1661,1967 1749,1968 1837,1970 1926,1972"/>
                <TextEquiv>
                    <Unicode>tingit ea esse posita: non quia agens hoc fecit propter finem: &amp; hoc quo ad primam opinionem: aut propter ne</Unicode>
                </TextEquiv>
            </TextLine>
            <TextLine id="r3l34" custom="readingOrder {index:31;}">
                <Coords points="149,2039 1891,2048 1939,1977 149,1992"/>
                <Baseline points="160,2029 248,2027 336,2024 425,2022 513,2021 602,2019 690,2018 778,2017 867,2017 955,2016 1044,2016 1132,2016 1220,2016 1309,2017 1397,2018 1486,2019 1574,2020 1662,2021 1751,2022 1839,2024 1928,2026"/>
                <TextEquiv>
                    <Unicode>cessitatem materiae tantum: quia grauia deorsum ferri apta nata sunt: leuia autem sursum: secundum quod has duas opi</Unicode>
                </TextEquiv>
            </TextLine>
            <TextLine id="r3l35" custom="readingOrder {index:32;}">
                <Coords points="146,2090 1932,2085 1861,2029 146,2039"/>
                <Baseline points="156,2083 244,2081 332,2078 420,2076 508,2075 597,2073 685,2072 773,2071 861,2071 949,2071 1038,2070 1126,2071 1214,2071 1302,2071 1390,2072 1479,2073 1567,2074 1655,2074 1743,2075 1831,2077 1920,2078"/>
                <TextEquiv>
                    <Unicode>niones tangit philosophus in fine scundi physi. Isti ergo non dicerent quod caelum, aut aliquid agens esset cauam talis dispo-</Unicode>
                </TextEquiv>
            </TextLine>
            <TextLine id="r3l36" custom="readingOrder {index:33;}">
                <Coords points="148,2148 1901,2153 1932,2084 148,2092"/>
                <Baseline points="160,2136 248,2133 336,2131 424,2130 512,2128 600,2127 688,2126 776,2125 864,2125 952,2124 1040,2124 1128,2124 1216,2124 1304,2125 1392,2126 1480,2126 1568,2127 1656,2129 1744,2130 1832,2132 1921,2133"/>
                <TextEquiv>
                    <Unicode>sitionis &amp; ordinis elementorum: sed quod solo casu esset quicquid in eis esset, &amp; quo ad elementorum substantiam, &amp;</Unicode>
                </TextEquiv>
            </TextLine>
            <TextLine id="r3l37" custom="readingOrder {index:34;}">
                <Coords points="156,2199 1928,2206 1928,2153 156,2161"/>
                <Baseline points="166,2190 253,2188 341,2185 428,2184 516,2182 603,2181 691,2179 778,2179 866,2178 953,2178 1041,2178 1128,2178 1216,2178 1303,2178 1391,2179 1478,2180 1566,2181 1653,2183 1741,2184 1828,2186 1916,2187"/>
                <TextEquiv>
                    <Unicode>quo ad eorum dispositionem: et hoc sm primam opinionem: aut sm secundam opinionem quod elementa talia essent</Unicode>
                </TextEquiv>
            </TextLine>
            <TextLine id="r3l38" custom="readingOrder {index:35;}">
                <Coords points="160,2254 1935,2259 1879,2195 160,2206"/>
                <Baseline points="170,2244 257,2241 345,2239 433,2237 520,2236 608,2234 696,2233 783,2232 871,2232 959,2231 1047,2231 1134,2231 1222,2232 1310,2232 1397,2233 1485,2234 1573,2235 1660,2236 1748,2238 1836,2239 1924,2241"/>
                <TextEquiv>
                    <Unicode>quaelia sunt ex se &amp; materiae suae necessitate: &amp; propter ipsam etiam sic ordinantur. Contra istos arguit philosophus</Unicode>
                </TextEquiv>
            </TextLine>
            <TextLine id="r3l39" custom="readingOrder {index:36;}">
                <Coords points="151,2308 1937,2315 1937,2260 1806,2247 151,2248"/>
                <Baseline points="162,2299 250,2296 338,2294 426,2292 514,2290 603,2288 691,2287 779,2286 867,2285 955,2285 1044,2285 1132,2285 1220,2285 1308,2285 1396,2286 1485,2287 1573,2288 1661,2290 1749,2291 1837,2293 1926,2295"/>
                <TextEquiv>
                    <Unicode>in primo Metaphysicae quo ad hoc quod negabant causam agentem &amp; finalem. quia videmus in rebus sensibilibus mu</Unicode>
                </TextEquiv>
            </TextLine>
            <TextLine id="r3l40" custom="readingOrder {index:37;}">
                <Coords points="154,2361 1931,2368 1931,2303 154,2308"/>
                <Baseline points="165,2351 252,2349 340,2348 428,2346 516,2344 603,2343 691,2342 779,2341 867,2340 954,2339 1042,2339 1130,2339 1218,2339 1305,2339 1393,2340 1481,2341 1569,2342 1656,2344 1744,2346 1832,2349 1920,2351"/>
                <TextEquiv>
                    <Unicode>tationem fieri. nihil autem mouet seipsum, quemadmodum lignum non seipsum transmutat vt fiat scannum. Si autem agens</Unicode>
                </TextEquiv>
            </TextLine>
            <TextLine id="r3l41" custom="readingOrder {index:38;}">
                <Coords points="156,2423 1806,2424 1933,2413 1933,2357 156,2365"/>
                <Baseline points="168,2407 255,2405 343,2403 431,2401 518,2399 606,2398 694,2396 781,2395 869,2394 957,2394 1045,2393 1132,2393 1220,2393 1308,2393 1395,2394 1483,2395 1571,2396 1658,2398 1746,2400 1834,2403 1922,2406"/>
                <TextEquiv>
                    <Unicode>est, finis est. nihil enim agit nisi propter finem. Quo ad modum quidem ponendi omnia esse &amp; fieri, disputat contra</Unicode>
                </TextEquiv>
            </TextLine>
            <TextLine id="r3l42" custom="readingOrder {index:39;}">
                <Coords points="157,2472 1932,2472 1931,2417 1865,2410 157,2423"/>
                <Baseline points="168,2461 255,2459 343,2457 430,2455 518,2454 606,2452 693,2451 781,2450 868,2449 956,2448 1044,2448 1131,2447 1219,2447 1306,2448 1394,2448 1482,2449 1569,2451 1657,2452 1744,2454 1832,2456 1920,2459"/>
                <TextEquiv>
                    <Unicode>eorum opinionem secundo physi. Contra primos per hoc quod quae a casu fiunt non fiunt semper, aut frequenter</Unicode>
                </TextEquiv>
            </TextLine>
            <TextLine id="r3l43" custom="readingOrder {index:40;}">
                <Coords points="162,2530 1843,2532 1936,2520 1936,2474 161,2474"/>
                <Baseline points="172,2514 259,2512 347,2511 435,2509 522,2508 610,2507 698,2505 785,2504 873,2503 961,2503 1049,2502 1136,2502 1224,2502 1312,2502 1399,2503 1487,2504 1575,2505 1662,2507 1750,2509 1838,2511 1926,2514"/>
                <TextEquiv>
                    <Unicode>quemadmodum videmus ea fieri quae in rebus fiunt: &amp; iterum, quia videmus res esse sicut aptae sunt fieri. quale</Unicode>
                </TextEquiv>
            </TextLine>
            <TextLine id="r3l44" custom="readingOrder {index:41;}">
                <Coords points="162,2576 1883,2587 1934,2520 162,2530"/>
                <Baseline points="172,2568 259,2566 347,2565 434,2563 522,2562 609,2561 697,2560 784,2558 872,2558 959,2557 1047,2557 1134,2556 1222,2557 1309,2557 1397,2557 1484,2558 1572,2559 1659,2561 1747,2563 1834,2565 1922,2568"/>
                <TextEquiv>
                    <Unicode>non contingit in eis quae fiunt casu. Nec tamen sequitur ex hoc quod omnia contingunt, sicut fiunt. secundum quod arguit contra secun</Unicode>
                </TextEquiv>
            </TextLine>
            <TextLine id="r3l45" custom="readingOrder {index:42;}">
                <Coords points="158,2634 1931,2630 1931,2584 1835,2573 158,2576"/>
                <Baseline points="170,2621 257,2619 344,2618 432,2617 519,2616 607,2615 694,2614 782,2613 869,2612 957,2612 1044,2611 1131,2611 1219,2611 1306,2611 1394,2612 1481,2612 1569,2614 1656,2615 1744,2617 1831,2619 1919,2622"/>
                <TextEquiv>
                    <Unicode>dam opinionem, dicens quod fine dispositione materiae tali non fiunt res sicut fiunt: sed non solum propter hoc quia </Unicode>
                </TextEquiv>
            </TextLine>
            <TextLine id="r3l46" custom="readingOrder {index:43;}">
                <Coords points="162,2692 1928,2693 1906,2626 162,2636"/>
                <Baseline points="174,2676 261,2674 348,2672 435,2671 522,2670 610,2668 697,2668 784,2667 871,2666 958,2666 1046,2666 1133,2666 1220,2666 1307,2667 1394,2667 1482,2668 1569,2669 1656,2670 1743,2671 1830,2672 1918,2674"/>
                <TextEquiv>
                    <Unicode>nec istam dispositionem habent res a seipsis, sed ab agente ordinante res in suos fines. Post dictas opiniones se</Unicode>
                </TextEquiv>
            </TextLine>
            <TextLine id="r3l47" custom="readingOrder {index:44;}">
                <Coords points="157,2736 1932,2733 1899,2680 157,2685"/>
                <Baseline points="169,2728 256,2727 344,2726 431,2725 519,2724 606,2723 694,2722 781,2722 869,2721 956,2721 1044,2721 1132,2721 1219,2721 1307,2721 1394,2722 1482,2722 1569,2723 1657,2724 1744,2725 1832,2726 1920,2728"/>
                <TextEquiv>
                    <Unicode>cuta est sententia aliorum philosophorum: qui considerabant in rebus duo esse scilicet naturas &amp; essentias rerum secundum formas &amp;</Unicode>
                </TextEquiv>
            </TextLine>
            <TextLine id="r3l48" custom="readingOrder {index:45;}">
                <Coords points="166,2790 1800,2798 1936,2791 1936,2731 166,2737"/>
                <Baseline points="176,2782 263,2780 350,2779 438,2779 525,2778 613,2777 700,2777 787,2776 875,2776 962,2776 1050,2776 1137,2776 1224,2776 1312,2776 1399,2777 1487,2777 1574,2778 1661,2778 1749,2779 1836,2779 1924,2780"/>
                <TextEquiv>
                    <Unicode>species distinctas, &amp; transmutationes per motum contingentes in aliquibus earum. Et putant aliqui fuis</Unicode>
                </TextEquiv>
            </TextLine>
            <TextLine id="r3l49" custom="readingOrder {index:46;}">
                <Coords points="157,2843 1934,2842 1910,2787 157,2788"/>
                <Baseline points="169,2837 256,2835 344,2834 431,2833 519,2832 607,2831 694,2831 782,2830 870,2830 957,2830 1045,2830 1133,2830 1220,2830 1308,2830 1396,2831 1483,2831 1571,2832 1659,2832 1746,2833 1834,2834 1922,2835"/>
                <TextEquiv>
                    <Unicode>se opinionem Aristote. quod res in naturis &amp; essentiis suarum formarum ex seipsis habent naturaliter esse illud quod </Unicode>
                </TextEquiv>
            </TextLine>
            <TextLine id="r3l50" custom="readingOrder {index:47;}">
                <Coords points="155,2899 1872,2908 1929,2843 154,2843"/>
                <Baseline points="166,2891 253,2890 341,2889 428,2888 516,2887 604,2886 691,2886 779,2885 866,2885 954,2885 1042,2885 1129,2885 1217,2885 1304,2885 1392,2886 1480,2886 1567,2886 1655,2887 1742,2887 1830,2887 1918,2888"/>
                <TextEquiv>
                    <Unicode>sunt, &amp; increatae, siue non factae: &amp; quod nihil in entibus hent caualitatem super aliquae quo ad formam &amp; essentiam</Unicode>
                </TextEquiv>
            </TextLine>
            <TextLine id="r3l51" custom="readingOrder {index:48;}">
                <Coords points="162,2954 1801,2965 1930,2954 1930,2899 162,2910"/>
                <Baseline points="174,2944 261,2943 348,2942 435,2941 522,2940 610,2940 697,2939 784,2939 871,2939 958,2939 1046,2939 1133,2939 1220,2940 1307,2940 1394,2940 1482,2941 1569,2941 1656,2941 1743,2942 1830,2942 1918,2942"/>
                <TextEquiv>
                    <Unicode>rerum: sed solum quo ad motus &amp; transmutationes: vt quod res naturaliter sunt, &amp; aeternaliter in </Unicode>
                </TextEquiv>
            </TextLine>
            <TextLine id="r3l52" custom="readingOrder {index:49;}">
                <Coords points="165,3019 1934,3009 1876,2947 165,2954"/>
                <Baseline points="176,2998 263,2997 350,2996 437,2996 525,2995 612,2995 699,2994 787,2994 874,2994 961,2994 1049,2994 1136,2994 1223,2994 1310,2994 1398,2995 1485,2995 1572,2995 1660,2995 1747,2996 1834,2996 1922,2996"/>
                <TextEquiv>
                    <Unicode>suis essentiis distinctae &amp; ordinatae: tam elementa quam alia: nec habent in hoc causam efficientis: sed </Unicode>
                </TextEquiv>
            </TextLine>
            <TextLine id="r3l53" custom="readingOrder {index:50;}">
                <Coords points="166,3063 1732,3073 1935,3060 1935,3008 166,3021"/>
                <Baseline points="177,3053 264,3052 351,3051 438,3050 526,3049 613,3049 700,3049 788,3049 875,3049 962,3049 1050,3049 1137,3049 1224,3049 1311,3049 1399,3049 1486,3049 1573,3050 1661,3050 1748,3050 1835,3050 1923,3049"/>
                <TextEquiv>
                    <Unicode>quod sic sunt, hoc est natura eorum. Et secundum quod quaedam sunt in gradu naturae superiori: quaedam in </Unicode>
                </TextEquiv>
            </TextLine>
            <TextLine id="r3l54" custom="readingOrder {index:51;}">
                <Coords points="158,3114 1937,3119 1904,3057 158,3059"/>
                <Baseline points="169,3107 256,3106 344,3105 432,3105 520,3104 608,3104 696,3104 783,3103 871,3103 959,3103 1047,3103 1135,3103 1223,3103 1311,3103 1398,3103 1486,3103 1574,3104 1662,3104 1750,3104 1838,3105 1926,3105"/>
                <TextEquiv>
                    <Unicode>inferiori: secundum hoc quaedam habent causalitatem super quasdam in mouendo: aut sicut finis, aut sicut effi</Unicode>
                </TextEquiv>
            </TextLine>
            <TextLine id="r3l55" custom="readingOrder {index:52;}">
                <Coords points="165,3183 1933,3169 1873,3111 165,3114"/>
                <Baseline points="177,3162 264,3161 351,3160 438,3160 526,3159 613,3159 700,3158 787,3158 875,3158 962,3158 1049,3157 1136,3157 1224,3157 1311,3157 1398,3157 1485,3158 1573,3158 1660,3158 1747,3158 1834,3158 1922,3158"/>
                <TextEquiv>
                    <Unicode>ciens. Et quod sm hoc ponit vnum primum agens &amp; mouens omnia alia. Et secundum istam opinionem non est dicendum </Unicode>
                </TextEquiv>
            </TextLine>
            <TextLine id="r3l56" custom="readingOrder {index:53;}">
                <Coords points="159,3245 1929,3253 1929,3173 1876,3167 159,3179"/>
                <Baseline points="171,3218 258,3217 345,3216 433,3215 520,3215 608,3214 695,3214 782,3214 870,3214 957,3214 1045,3214 1132,3214 1219,3214 1307,3214 1394,3214 1482,3215 1569,3215 1656,3215 1744,3215 1831,3216 1919,3216"/>
                <TextEquiv>
                    <Unicode>quod sit alia cauam quare elementa sic se habent quam quod hoc est natura eorum. Quod haec sit opinio Aristoteles non credo quod </Unicode>
                </TextEquiv>
            </TextLine>
            <TextEquiv>
                <Unicode>quo ad maculam, &amp; quo ad reatum: in regeneratis vero quo ad icuruationem tantum, vt dictum est. Alio vero modo
vt dicit, peccatam dicuntur: quia si vicerintreum faciunt peccati. Et hoc est quid dicit Augustinus de nup. &amp; concupi. Quia
modo quodam loquendi peccatum vocatur quod et peccato factum est, et peccati si vicerit facit reum: et reatus eius va
let in regeneratis. Quem reatum Christi gra per remissionem omnium peccatorum in regenerato si ad mala opera ei
quodammo iubenti non obediat valere non finit. Sic autem vocatur peccatum quia peccato facta est: cum
iam in renatis non sit ipsa peccatum: sicut lingua vocatur locutio quam facit lingua &amp; manus
vocatur scriptura quam manus facit. ltem sic vocatur peccatum, quia peccatum si vincit facit: sicut pigrum
vocatur frigus non quod a pigris fiat, sed quod pigros facit. Facit autem illud peccatum non nisi voluntate, sm determina
tum iam modum. Per iam dicta patet responsio ad obiecta. Quod ergo dicit magister in sententiis: quod tentatio ex carne
peccatum est: Dicendum quod non est verum in renatis quo ad reatum, sed solum quo ad icuruationem, vel quia est ex peccato
vel quia est causa peccati, vt dictum est. Ad secundum: quod primi motus non sunt voluntarii: Dicendum quod 
licet non sint voluntarii quo ad voluntatem eius in quo sunt, vt ideo non habeant rationem peccati quo ad rea-
tum, cum expiantur: sunt tamen voluntarii quo ad voluntatem primi parentis, vt determinat Augustinus libro iii. de
libero arbitrio. a cuius voluntate processit suum, proprium peccatum actuale, &amp; deinceps omnia aliorum peccatam origi
nalia, vel mediate, vel immediate, &amp; ab illis primi motus: a cuius voluntate habent quod sint peccata, &amp; secundum 
maculam, &amp; secundum reatum, nisi expientur sicut &amp; ipsum originale peccatum, vt dictum est.
Equitur quaesitum vltimum &amp; vnicum de creatura imanimata: vtrum elementa sint distincta
per corpora caelestia. Ex arguitur quod non. quia hoc non facerent nisi per suum motum, quod non potest
esse, quia multiplicatio motuum &amp; reuolutionum totum corrumperet excedendo siue exces-
sum causando circa formas elementorum. Contra, possunt in plus, quia in generationem
&amp; distinctionem animatorum: ergo &amp; in minus scilicet in generationem &amp; di- 
stinctionem elementorum. Quaestio ista de ordine, &amp; distinctione, &amp; generatio-
ne elementorum eiusdem difficultatis est circa alia omnia creata qualis est circa elemen-
ta, quomode scilicet habent esse &amp; ordinem atque distinctionem in vniuerso. Extendendo igitur quaestionem sicut oportet ad 
omnia alia naturalia, sciendum secundum quod recitat philosophus. i. Metaphysica quod primi philosophantium solum viderunt pri
cipium materiale esse in rebus naturalibus sensibilibus, nullaque alia esse arbitrati sunt quam sensibilia, nec cam
agentem &amp; mouentem videbant in rebus, neque finalem. Propter quod quorundam erat opinio, quod omnia quae sunt in natu- 
ra rerum, sicut sunt, habent esse a casu: non autem ab agente determinato, neque propter aliquid: sed esse &amp; fieri omnia
in seipsis, vt contingit. Aliorum vero ex eis opinio erat quod omnia fierent ex necessitate materiae: quemad- 
modum si dicatur domus talis esse qualis est, vt quod ligna sint sursum posita, &amp; lapides deorsum: quia sic com-
tingit ea esse posita: non quia agens hoc fecit propter finem: &amp; hoc quo ad primam opinionem: aut propter ne
cessitatem materiae tantum: quia grauia deorsum ferri apta nata sunt: leuia autem sursum: secundum quod has duas opi
niones tangit philosophus in fine scundi physi. Isti ergo non dicerent quod caelum, aut aliquid agens esset cauam talis dispo-
sitionis &amp; ordinis elementorum: sed quod solo casu esset quicquid in eis esset, &amp; quo ad elementorum substantiam, &amp;
quo ad eorum dispositionem: et hoc sm primam opinionem: aut sm secundam opinionem quod elementa talia essent
quaelia sunt ex se &amp; materiae suae necessitate: &amp; propter ipsam etiam sic ordinantur. Contra istos arguit philosophus
in primo Metaphysicae quo ad hoc quod negabant causam agentem &amp; finalem. quia videmus in rebus sensibilibus mu
tationem fieri. nihil autem mouet seipsum, quemadmodum lignum non seipsum transmutat vt fiat scannum. Si autem agens
est, finis est. nihil enim agit nisi propter finem. Quo ad modum quidem ponendi omnia esse &amp; fieri, disputat contra
eorum opinionem secundo physi. Contra primos per hoc quod quae a casu fiunt non fiunt semper, aut frequenter
quemadmodum videmus ea fieri quae in rebus fiunt: &amp; iterum, quia videmus res esse sicut aptae sunt fieri. quale
non contingit in eis quae fiunt casu. Nec tamen sequitur ex hoc quod omnia contingunt, sicut fiunt. secundum quod arguit contra secun
dam opinionem, dicens quod fine dispositione materiae tali non fiunt res sicut fiunt: sed non solum propter hoc quia 
nec istam dispositionem habent res a seipsis, sed ab agente ordinante res in suos fines. Post dictas opiniones se
cuta est sententia aliorum philosophorum: qui considerabant in rebus duo esse scilicet naturas &amp; essentias rerum secundum formas &amp;
species distinctas, &amp; transmutationes per motum contingentes in aliquibus earum. Et putant aliqui fuis
se opinionem Aristote. quod res in naturis &amp; essentiis suarum formarum ex seipsis habent naturaliter esse illud quod 
sunt, &amp; increatae, siue non factae: &amp; quod nihil in entibus hent caualitatem super aliquae quo ad formam &amp; essentiam
rerum: sed solum quo ad motus &amp; transmutationes: vt quod res naturaliter sunt, &amp; aeternaliter in 
suis essentiis distinctae &amp; ordinatae: tam elementa quam alia: nec habent in hoc causam efficientis: sed 
quod sic sunt, hoc est natura eorum. Et secundum quod quaedam sunt in gradu naturae superiori: quaedam in 
inferiori: secundum hoc quaedam habent causalitatem super quasdam in mouendo: aut sicut finis, aut sicut effi
ciens. Et quod sm hoc ponit vnum primum agens &amp; mouens omnia alia. Et secundum istam opinionem non est dicendum 
quod sit alia cauam quare elementa sic se habent quam quod hoc est natura eorum. Quod haec sit opinio Aristoteles non credo quod </Unicode>
            </TextEquiv>
        </TextRegion>
    </Page>
</PcGts>
