2419 3692
435 215 2244 292 tunc secreta diuinitatis cognoscimus: cum ab huius mundi tumultuosa concupiscentia in mentis no-
435 283 2228 344 strae cubicula segregamur. Aliud vero requiritur vt perfecte videat: quod si non adsit, etsi videat, perfecte vide
425 342 2232 397 re non potest: scilicet quod vis visiua sit in esse suae naturae perfecta & completa. Ad quod duo requirum
434 388 2241 465 tur ex parte animae: in cuius natura est vis visiua. scilicet quod sit corpori suo vnita: & quod corpus cui est vni
434 442 2236 509 ta, sit sic dispositum ne per ipsum sit aggrauata. Propter primum anima separata etsi deum videat
435 499 2237 565 perfecte tamen videre non potest: nec perfecte esse beata quousque corpus suum recipiat: & in ipso per
433 555 2238 619 fectionem naturae suae habeat: & perfectam operationem visiuam exercere valeat. secundum quod de hoc determinat Au
433 616 2238 682 gust. xii. super Gen. ad literam: & alias in quaedam quaestione de Quolibet exposuimus. Propter secundum anima in paenen
427 657 2236 732 ti vita quantuncumque a sensibus abstracta, in corpore tamen corruptibili existens, quod aggrauat animam, deum perfecte vide
440 719 2238 785 re aut beata esse perfecte non potest dicente Greti. v moralium. xiii. Nos quousque carnis corruptione praemimur,
440 772 2236 828 nullo modo claritatem diuinae potentiae sicut in se incommutabilis manet, videmus: quia acies infirmitatis
435 826 2235 889 nostrae non sustinet. Quod dixit: non quia videri non possit sensibus sopitis: sed quia videri non potest
437 882 2233 952 quantum posset corpore animam non aggrauante, quod insinuat per hoc quod dicit claritatem potentiae. Dico
448 931 2230 994 igitur breuiter ad quaestionem: quod homo in vita praesenti existens vtens sensibus deum videre non potest per
439 985 2230 1047 speciem suae essentiae: quia carnali amore mentem ad se trahunt ne possit totaliter in se recolligi: quod neces
435 1038 2229 1114 sarium est ad hoc vt deus videatur per essentiam: sicut dictum est. Quia nimirum vt dicit Grego. viii. mora.
443 1097 2234 1156 xix. inuisibilis conditoris species repressa omni corporeae visionis imagine in cubili cordis inuenitur. Fit autem
444 1151 2235 1214 ista repressio, anima ab hac vita subtracta, vel corpore glorioso suscepto: quo anima in sua visione non erit
449 1201 2233 1261 impedita: sed magis expedita: vel in sensuum omnimoda subtractione. dicente Augustinus de videndo deum. Ne-
444 1258 2225 1326 mo potest facien meam videre & viuere: quia necesse est abstrahi ab hac vita mentem quando in illius
444 1309 2228 1368 ineffabilitatem visionis assumitur. Et cum non sit incredibile quibusdam sanctis nondum iam defun-
442 1366 2246 1420 ctis vt sepelienda cadauera remanerent, etiam istam excellentiam reuelationis fore concessam: hinc
446 1413 2246 1491 etiam dicit Grego. xix. morum. xxiii. Quisquis sapientiam quae deus est videt, huic vitae funditus moritur
443 1476 2235 1545 ne iam eius amore teneatur. Qui enim videt, eo ipso moritur quo vel intentione cordis: vel affectu ope
440 1525 2229 1588 ris ab huius vitae delectationibus tota mente separatur &c. PER haec patent obiecta vtriusque partis.
784 1577 2242 1638 D quartum quod sine argumentis proponebatur a latere: am scilicet laus vocalis erit in gloria
785 1635 2230 1705 Dicendum quod quaestio ista non quaerit nisi quomodo ibi poterunt voces formari
781 1675 2237 1760 cum non supponatur quod ibi sit medium aeris, in quo nata est vox formari & defer-
795 1737 2237 1806 ri ad aures audientium. Et est maior dubitatio quomodo ibi erit quam an erit. quia
782 1796 2236 1855 si esset medium quomodo posset ibi formari, non dubitaretur an ibi esset: sed de
776 1830 2237 1921 plano supponeretur: quia in vita illa gloriosa nihil remanebit imperfectum, quaeli
788 1906 2237 1965 bet autem vis actiua imperfecta est secundum quod est in habitu: seu in potentia
444 1943 2234 2030 respectu eius quod est, cum est perfecta in suo actum secundo. status enim ille sicut dormientis est respe
452 2012 2230 2080 ctu istius, secundum philosophum. xii. metaphysicae. Oportet igitur quod in vita gloriosa omnes vires &
453 2064 2243 2137 corporales & spirituales sint perfectae existentes in suo actu secundo: maxime cum actus secundus
449 2123 2240 2179 est perfectus simpliciter. Quod dico propter aliquas vires quae ibi non erunt in sua operatione propter
449 2169 2237 2247 imperfectionem eis annexam. vt nutritiua, generatiua, digestiua, augmentatiua, & huiusmodi. Quare cum
451 2231 2229 2290 propria operatio linguae, dentium, & labiorum absque omni imperfectione annexa, sit locutio atque
456 2284 2237 2341 vocum modulatio: sicut est operatio oculorum visio: quemadmodum igitur ibi ponemus sensum vi
450 2334 2235 2401 sus in sua actione videndi: sic & linguam in sua operatione voces modulandi: quibus mutuo sancti
452 2385 2234 2457 in patria sese alloquentur: & concinent hymnos diuinae laudis. Sed quomodo fiet hoc cum non sit
451 2446 2242 2513 ibi aer inspiratus & respiratus: sine quo vocis modulatio formari non habet nec deferrinisi esset ex
451 2493 2242 2567 terius diffusus per totum medium: etsi forte formaretur in ore: Vt non valeat quod volunt aliqui di-
460 2557 2244 2623 cere, quod sicut intestina corporum gloriosorum plena erunt aliquo humore: sic guttur trachea arte-
455 2611 2242 2678 ria & os aere, in quo sancti voces poterunt formare. Si ergo ponamus caelum empyreum in quo cre
463 2665 2239 2730 duntur victura corpora beatorum sicut cameram magnam concauitatem habentem intra super
454 2710 2241 2771 ficiem circundantem circunquaque corpora beatorum: & illam plenam esse aere: & in illo contineri
461 2773 2241 2838 corpora beatorum: tunc quaestio nullam habet difficultatem. Sed quia nuilum elementare corpus
454 2817 2241 2886 nisi gloriosum ibi futurum potius supponitur: quaestio habet difficultatem in quo formari possit
463 2871 2239 2947 ibi vox: & per quod medium formata deferri: & hoc maxime supposito quod substantia empyrei sit so
455 2927 2240 2997 lida non fluxibilis. Si enim fluida esset ad modum aeris, fine difficultate dici posset quod in ipsa vox for
460 2983 2236 3048 maretur: quemadmodum & in aere. Ponendo igitur substantiam empyrei solidam & non intercisam:
459 3036 2239 3103 nec concauitatem habentem, sed totam vndique continuam: quomodo vox ibi formabitur: Et est dicendum quod istis
453 3093 2235 3173 suppositis si ibi vox formabitur non video quod istud per alium modum potest poni quam dicendo
