2391 3719
502 263 2274 344 vltimo ad noctuam: quam ponatur deficere in nouem, vltra quae non est defectus siue descensus vlterius.
496 349 2274 411 & hoc agente semper in singulis alia & alia anima sensitiua in natura & essentia: vt sic ponamus ordines
491 398 2267 464 angelorum differentes penes formas specificas quo ad actum intelligendi: sicut in bruto secundum
495 451 2267 519 differentes animas sensitiuas specificas ponimus ipsa differre penes actus videndi. Et quot sunt gra
499 506 2265 560 dus, tot sunt differentiae specificae: quae virtute comprehendunt superiores omnes vsque ad genus gene-
500 559 2276 619 ralissimum. PER praedicta patet responsio ad argumentum probans quod in angelis non est compositio ex ge
495 609 2278 663 nere & differentia: quia tunc magis compositus esset perfectior. Patet enim quod hoc solum est verum
490 664 2268 741 in genere naturae vsitato circa generabilia & corruptibilia. In genere autem pure logico circa alia
497 719 1101 782 nequaquam est verum, vt visum est.
857 772 2281 831 Equuntur quaesita de creaturis materialibus secundum se. Et erant quaedam communiter perti
875 831 2267 887 entia ad omnes creaturas materiales: quaedam vero specialiter pertinentia ad ho-
873 878 2271 932 minem. Circa primum quaerebantur quatuor. Duo pertinentia ad principium materiale. Pri-
851 923 2268 1001 mum vt est principium generationis: vtrum ex costa possibile fuit formari mulierem
855 985 2274 1049 sine materiae additione. Secundum vt est principium transmutationis: vtrum trans
846 1032 2260 1097 mutatio aliqua possit fieri sine subiecta materia. Et duo alia circa numerum
846 1086 2281 1154 qui est accidens quoddam consequens materiam, proponebantur sine argumentis. Primum
496 1148 2270 1214 de quadam eius appropriatione scilicet quare tricesimus fructus ab expositoribus sacris appropriatur mari-
506 1201 2273 1271 tatis. Ix. viduis: centenarius vero virginibus. Secundum erat de. xxx. &. lx. formatione: quare dicuntur transi
503 1265 2275 1325 re a dextera in laeuam. ClRca primum arguitur quod sic. quia quando aliqua sunt: quorum vtrumque in se habet
503 1304 2270 1368 aliqua infinita: quantum potest fieri ex vno, & ex altero. Sed tam materia minima quam maxima aeque ha
502 1359 2267 1416 bent partes infinitas, quare si ex magna materia potuit fieri mulier, & ex parua. ergo &c. IN
502 1419 2272 1481 contrarium est: quia tunc ex minima scintilla ignis posset fieri vnus globus vel vna gleba terrae, quid
499 1467 2260 1531 falsum est. DIcendum quod quaestio ista quaerit de principio materiali quo ad potentiam passiuam ge-
498 1522 2261 1582 nerandi mulierem ex ea. Et quia materia costae potest dupliciter considerari: Vno modo secundum se: vt est mate
500 1573 2268 1633 ria simpliciter: Alio modo vt est sub dispositionibus & proprietatibus costae, aut aliarum dispositionum
502 1631 2276 1694 & qualitatum materialium: & differunt modi considerandi eam: Primus enim modus pertinet princi
495 1689 2269 1751 paliter ad considerationem metaphysici: Secunds vero ad considerationem naturalis siue physici: Si ergo
495 1745 2263 1805 consideremus materiam primo modo: sic dico quod quantum est ex ratione principii mat erialis existentis
502 1791 2274 1858 in costa, aeque possibile est formari mulierem de costa sine materiae alterius additione, & cum eius ad
499 1844 2270 1908 ditione: quia ad tot & tanta est in potentia minima pars materiae, & tota simul: quia in principio ma
498 1908 2268 1968 teriali nulla est differentia, nihil distinctum neque determinatum: secundum philosopum & commenento ii. Metaph. &
495 1960 2271 2015 habitum est in praecedente quaestione. Per hunc enim modum materia minimae scintillae sufficiens est ad
493 2006 2270 2069 formandum de ea totam molem mundi: sed hoc non nisi respectu agentis supernaturalis: qui potest agere ali
504 2059 2269 2123 quid ex materia secundum quod materia est absolute: non secundum rationes dispositionum naturalium
498 2111 2268 2177 in ea: quia quid magis est, potest agere non ex praeiacente materia. Respectu vero agentis naturalis, materia secun
502 2169 2272 2237 dum quod materia, non est in potentia vt aliquid fiat ex ea: quia agens naturale nihil natum est agere ex
491 2224 2265 2288 nuda materia: neque ex ea secundum quod materia est simpliciter: sed solum secundum quod est sub dispositio-
500 2261 2270 2347 nibus naturalibus, & non nisi iuxta modum illarum dispositionum: ita quod quicquid ipsa materia secun
502 2328 2263 2394 dum se esset in potentia ad aliquid, agens tamen naturale nihil posset agere ex ea nisi vt sub dispositioni-
501 2377 2273 2450 bus naturalibus: vt iam dicetur. aliter enim materia naturalis non est: nis scilicet vt est sub quibusdam dis
500 2438 2270 2505 positionibus naturalibus. Si vero consideremus materiam secundo mod. scilicet vt est sub dispositione di
500 2486 2270 2552 mensionum & densitatis costae: sic subdistinguendum est de modo formandi mulierem de essica Aut enim est
493 2540 2274 2600 intentio quaestionis de modo formandi mulierem secundum modum & cursum actionis naturalis
496 2599 2270 2668 aut secundum modum & cursum actionis supernaturalis. Si primo modo, sic subdistinguendum est
505 2653 2272 2717 quia modus formandi aliquid secundum cursum actionis naturalis potest intelligi vel ex parte prin
503 2704 2268 2763 cipii materialis, vel ex parte ipsius agentis. Si autem modus intelligatur ex parte principii materia
498 2755 2272 2819 lis, sic formatio dicitur fieri secundum cursum actionis naturalis, quando secundum possibilitatem
494 2811 2272 2873 naturalem illarum dispositionum formatur id quid formatur de materia illa. Actio enim secundum cur
503 2863 2271 2932 sum naturae procedens nihil producit ex materia nisi secundum possibilitatem naturalem dispositio
499 2918 2267 2982 num naturalium existentium in materia. Isto autem modo dico quod simpliciter impossibile est ex co
499 2972 2266 3027 sta fine additione materiae fieri mulierem: quia de materia sub minori quantitate secundum cursum naturae
505 3024 2270 3090 non est natum fieri maius sine materiae additione, nisi per rarefactionem. ita quod manente eadem & aequali
504 3076 2271 3132 densitate impossibile est omnino quod secundum cursum & modum actionis naturalis de minori fiat ma
499 3131 2274 3212 ius quod sit aequalis densitatis cum minore. Et si hoc simpliciter est impossibile ex parte materiae: omni-
