<?xml version="1.0" encoding="UTF-8" standalone="yes"?>
<PcGts xmlns="http://schema.primaresearch.org/PAGE/gts/pagecontent/2013-07-15" xmlns:xsi="http://www.w3.org/2001/XMLSchema-instance" xsi:schemaLocation="http://schema.primaresearch.org/PAGE/gts/pagecontent/2013-07-15 http://schema.primaresearch.org/PAGE/gts/pagecontent/2013-07-15/pagecontent.xsd">
    <Metadata>
        <Creator>prov=University of Rostock/Institute of Mathematics/CITlab|PLANET AI GmbH/Gundram Leifert/gundram.leifert@planet-ai.de:name=Badius1518-m5(htr_id=23184)::::v=2.6.6
prov=University of Rostock/Institute of Mathematics/CITlab|PLANET AI GmbH/Tobias Gruening/tobias.gruening@planet-ai.de:name=de.uros.citlab.module.baseline2polygon.B2PSeamMultiOriented:v=2.6.6
prov=University of Rostock/Institute of Mathematics/CITlab|PLANET AI GmbH/Tobias Gruening/tobias.gruening@planet-ai.de:name=/net_tf/LA73_249_0mod360.pb:de.uros.citlab.segmentation.CITlab_LA_ML:v=2.6.0
Transkribus</Creator>
        <Created>2019-12-09T23:47:52.218+01:00</Created>
        <LastChange>2020-04-22T18:40:48.057+02:00</LastChange>
        <TranskribusMetadata docId="291873" pageId="11635184" pageNr="572" tsid="28159171" status="IN_PROGRESS" userId="25065" imgUrl="https://files.transkribus.eu/Get?id=FUHZOHUJSPXAZDFUUFDRJIOZ&amp;fileType=view" xmlUrl="https://files.transkribus.eu/Get?id=SPCLEHXWKBWWCLQLYWFISRUL" imageId="8014223"/>
    </Metadata>
    <Page imageFilename="571.jpg" imageWidth="2437" imageHeight="3767">
        <ReadingOrder>
            <OrderedGroup id="ro_1587600660885" caption="Regions reading order">
                <RegionRefIndexed index="0" regionRef="TextRegion_1583033779545_1729"/>
            </OrderedGroup>
        </ReadingOrder>
        <TextRegion orientation="0.0" id="TextRegion_1583033779545_1729" custom="readingOrder {index:0;}">
            <Coords points="517,233 2298,229 2290,3233 517,3234"/>
            <TextLine id="r1l2" custom="readingOrder {index:0;}">
                <Coords points="507,301 2296,302 2296,236 2175,224 507,237"/>
                <Baseline points="517,281 605,281 693,281 782,282 870,282 959,282 1047,282 1136,281 1224,281 1313,281 1401,281 1489,281 1578,281 1666,281 1755,281 1843,281 1932,281 2020,282 2109,282 2197,283 2286,284"/>
                <TextEquiv>
                    <Unicode>signat. xx. Summitas autem indicis iuncta summitati pollicis signat. xxx. Index &amp; pollex in longum</Unicode>
                </TextEquiv>
            </TextLine>
            <TextLine id="r1l3" custom="readingOrder {index:1;}">
                <Coords points="511,368 2294,369 2243,296 511,299"/>
                <Baseline points="521,336 609,336 697,337 785,337 873,337 961,337 1049,337 1138,337 1226,337 1314,337 1402,337 1490,337 1578,337 1666,337 1755,337 1843,337 1931,337 2019,337 2107,338 2195,339 2284,340"/>
                <TextEquiv>
                    <Unicode>protensi &amp; lateraliter iuncti signant. xl. Pollicis autem articulus superior curuatus super primam iunctu</Unicode>
                </TextEquiv>
            </TextLine>
            <TextLine id="r1l4" custom="readingOrder {index:2;}">
                <Coords points="520,416 2290,416 2290,365 2153,349 520,363"/>
                <Baseline points="532,391 619,392 706,393 794,394 881,394 969,394 1056,394 1143,394 1231,394 1318,394 1406,393 1493,393 1580,393 1668,392 1755,392 1843,392 1930,392 2017,393 2105,393 2192,394 2280,395"/>
                <TextEquiv>
                    <Unicode>ram indicis signat. l. Index vero circuncingens partem pollicis sic curuatam signat. lx. Pollex vero</Unicode>
                </TextEquiv>
            </TextLine>
            <TextLine id="r1l5" custom="readingOrder {index:3;}">
                <Coords points="516,471 2290,477 2261,407 516,414"/>
                <Baseline points="526,445 613,447 701,448 788,449 876,449 964,449 1051,450 1139,450 1227,449 1314,449 1402,449 1490,449 1577,448 1665,448 1753,448 1840,448 1928,447 2016,448 2103,448 2191,448 2279,449"/>
                <TextEquiv>
                    <Unicode>erectus sub indice circunflexo vt prius, vngue tamen eius transeunte medium articulum indicis</Unicode>
                </TextEquiv>
            </TextLine>
            <TextLine id="r1l6" custom="readingOrder {index:4;}">
                <Coords points="514,526 2284,518 2191,461 514,473"/>
                <Baseline points="526,505 613,505 700,505 787,505 875,505 962,505 1049,505 1137,505 1224,505 1311,504 1399,504 1486,504 1573,504 1660,503 1748,503 1835,503 1922,503 2010,503 2097,503 2184,503 2272,503"/>
                <TextEquiv>
                    <Unicode>signat. lxx. Pollex similiter erectus infigens vnguem in medium articulum indicis similiter circun-</Unicode>
                </TextEquiv>
            </TextLine>
            <TextLine id="r1l7" custom="readingOrder {index:5;}">
                <Coords points="516,577 2288,587 2257,520 516,526"/>
                <Baseline points="528,561 615,561 702,561 790,561 877,560 965,560 1052,560 1139,560 1227,560 1314,560 1402,560 1489,560 1576,559 1664,559 1751,559 1839,559 1926,560 2013,560 2101,560 2188,560 2276,560"/>
                <TextEquiv>
                    <Unicode>flexi signat. lxxx. Summitas indicis inflexa secundae iuncturae pollicis signat. xc. Deinde fiat transitus</Unicode>
                </TextEquiv>
            </TextLine>
            <TextLine id="r1l8" custom="readingOrder {index:6;}">
                <Coords points="519,630 2291,638 2291,589 2134,565 519,579"/>
                <Baseline points="531,617 618,617 705,617 793,617 880,617 968,616 1055,616 1143,616 1230,615 1318,615 1405,615 1492,614 1580,614 1667,614 1755,614 1842,614 1930,614 2017,614 2105,615 2192,615 2280,616"/>
                <TextEquiv>
                    <Unicode>de sinistra manu ad dextram: &amp; ibi signetur centum vbi in finistra manu signabatur. x. secundum</Unicode>
                </TextEquiv>
            </TextLine>
            <TextLine id="r1l9" custom="readingOrder {index:7;}">
                <Coords points="520,686 2295,689 2295,634 520,628"/>
                <Baseline points="532,672 619,672 707,672 794,672 882,672 969,672 1057,672 1144,672 1232,672 1319,671 1407,671 1495,671 1582,671 1670,671 1757,671 1845,671 1932,671 2020,671 2107,672 2195,672 2283,673"/>
                <TextEquiv>
                    <Unicode>Hieronice &amp; Abacum: licet secundum Algoristas vbi prius signabatur vnitas: qui sic comparant cen-</Unicode>
                </TextEquiv>
            </TextLine>
            <TextLine id="r1l10" custom="readingOrder {index:8;}">
                <Coords points="521,741 2293,743 2293,690 2227,686 521,685"/>
                <Baseline points="531,728 618,728 706,728 793,728 881,728 968,728 1056,728 1143,728 1231,727 1318,727 1406,727 1494,727 1581,727 1669,726 1756,726 1844,726 1931,726 2019,726 2106,727 2194,727 2282,728"/>
                <TextEquiv>
                    <Unicode>tum ad mille, sicut vnum ad decem. Et procedetur vlterius per eadem signa in dextera manu sicut</Unicode>
                </TextEquiv>
            </TextLine>
            <TextLine id="r1l11" custom="readingOrder {index:9;}">
                <Coords points="512,798 2291,793 2233,740 512,738"/>
                <Baseline points="523,784 610,784 698,784 786,784 874,784 962,784 1050,784 1137,784 1225,784 1313,784 1401,783 1489,783 1577,783 1665,783 1752,783 1840,783 1928,783 2016,782 2104,782 2192,782 2280,781"/>
                <TextEquiv>
                    <Unicode>in sinistra: ita quod mille signetur in dextera vbi vnitas signabatur in finistra. Et sic in duabus palmis pro</Unicode>
                </TextEquiv>
            </TextLine>
            <TextLine id="r1l12" custom="readingOrder {index:10;}">
                <Coords points="516,854 2289,856 2257,792 516,800"/>
                <Baseline points="527,840 614,840 702,840 789,839 877,839 964,839 1052,839 1139,839 1227,838 1314,838 1402,838 1490,838 1577,838 1665,838 1752,838 1840,838 1927,838 2015,838 2102,838 2190,839 2278,839"/>
                <TextEquiv>
                    <Unicode>ceditur vsque ad decem milia exclusiue tantum secundum Abacum: licet secundum Algoristas vlterius su</Unicode>
                </TextEquiv>
            </TextLine>
            <TextLine id="r1l13" custom="readingOrder {index:11;}">
                <Coords points="519,918 2291,911 2256,849 519,856"/>
                <Baseline points="529,894 616,895 704,895 791,896 879,896 967,896 1054,896 1142,896 1229,896 1317,896 1405,895 1492,895 1580,895 1667,894 1755,894 1843,894 1930,894 2018,894 2105,894 2193,894 2281,894"/>
                <TextEquiv>
                    <Unicode>per brachia procedat scilicet vsque ad centum milia. Reuera iste modus signandi minus videtur conueniens quam praec</Unicode>
                </TextEquiv>
            </TextLine>
            <TextLine id="r1l14" custom="readingOrder {index:12;}">
                <Coords points="520,962 2297,977 2270,904 520,918"/>
                <Baseline points="531,949 618,950 706,950 794,951 881,951 969,951 1057,951 1144,951 1232,950 1320,950 1408,950 1495,950 1583,950 1671,950 1758,949 1846,949 1934,950 2021,950 2109,950 2197,951 2285,951"/>
                <TextEquiv>
                    <Unicode>dens. Qua ratione, n. tres digiti, auricularius, medicus, &amp; medius circunflexi in medium palmae, &amp; erecti iterum, &amp;</Unicode>
                </TextEquiv>
            </TextLine>
            <TextLine id="r1l15" custom="readingOrder {index:13;}">
                <Coords points="519,1035 2289,1024 2231,962 519,966"/>
                <Baseline points="529,1007 616,1007 703,1007 791,1007 878,1007 966,1007 1053,1007 1141,1007 1228,1007 1316,1007 1403,1007 1490,1007 1578,1006 1665,1006 1753,1006 1840,1006 1928,1006 2015,1005 2103,1005 2190,1006 2278,1006"/>
                <TextEquiv>
                    <Unicode>iterum protensi super palmam in directum, quilibet illorum signat tres numeros: simili modo index &amp; pollex situati sin</Unicode>
                </TextEquiv>
            </TextLine>
            <TextLine id="r1l16" custom="readingOrder {index:14;}">
                <Coords points="523,1086 2238,1088 2291,1022 523,1030"/>
                <Baseline points="535,1063 622,1063 709,1063 796,1063 884,1063 971,1062 1058,1062 1145,1062 1233,1062 1320,1062 1407,1062 1494,1062 1582,1062 1669,1062 1756,1062 1843,1062 1931,1062 2018,1061 2105,1061 2192,1061 2280,1060"/>
                <TextEquiv>
                    <Unicode>guli signare possunt similiter tres: quod non ponit modus iste. ltem sicut contactus pollicis cum indice &amp; me-</Unicode>
                </TextEquiv>
            </TextLine>
            <TextLine id="line_1583033797466_1738" custom="readingOrder {index:15;}">
                <Coords points="518,1131 2293,1147 2260,1074 519,1083"/>
                <Baseline points="530,1127 2282,1129"/>
                <TextEquiv>
                    <Unicode>dio diuersos designat numeros: similiter &amp; contactus similes pollicis cum medico &amp; auriculario</Unicode>
                </TextEquiv>
            </TextLine>
            <TextLine id="r1l17" custom="readingOrder {index:16;}">
                <Coords points="525,1186 2290,1201 2290,1143 2193,1130 525,1135"/>
                <Baseline points="535,1172 622,1173 709,1173 796,1174 883,1174 971,1174 1058,1174 1145,1174 1232,1174 1319,1173 1407,1173 1494,1173 1581,1173 1668,1173 1755,1173 1843,1172 1930,1173 2017,1173 2104,1173 2191,1173 2279,1174"/>
                <TextEquiv>
                    <Unicode>aliquos numeros signare possent, quid tamen non ponit iste modus. ltem pluribus aliis modis situs &amp; con</Unicode>
                </TextEquiv>
            </TextLine>
            <TextLine id="r1l18" custom="readingOrder {index:17;}">
                <Coords points="527,1250 2288,1238 2135,1185 527,1186"/>
                <Baseline points="539,1230 625,1230 712,1230 799,1229 886,1229 973,1229 1060,1229 1146,1229 1233,1229 1320,1229 1407,1230 1494,1230 1581,1230 1668,1230 1754,1230 1841,1230 1928,1230 2015,1229 2102,1229 2189,1228 2276,1228"/>
                <TextEquiv>
                    <Unicode>tactus digitorum possent diuersos numeros signare eadem ratione qua praedicti. nulla est ergo ne-</Unicode>
                </TextEquiv>
            </TextLine>
            <TextLine id="r1l19" custom="readingOrder {index:18;}">
                <Coords points="527,1307 2286,1306 2237,1240 527,1254"/>
                <Baseline points="539,1287 625,1286 712,1286 799,1285 886,1285 973,1285 1059,1285 1146,1285 1233,1286 1320,1286 1407,1286 1493,1286 1580,1286 1667,1286 1754,1286 1841,1286 1927,1286 2014,1285 2101,1285 2188,1284 2275,1283"/>
                <TextEquiv>
                    <Unicode>cessitas vt videtur, in istis modis signandi. PROpter quod dixit quidam, dictum modum per complica</Unicode>
                </TextEquiv>
            </TextLine>
            <TextLine id="r1l20" custom="readingOrder {index:19;}">
                <Coords points="530,1365 2282,1352 2282,1308 2174,1301 530,1303"/>
                <Baseline points="540,1343 626,1342 713,1341 799,1341 886,1341 972,1340 1059,1340 1145,1341 1232,1341 1318,1341 1405,1341 1492,1341 1578,1341 1665,1341 1751,1341 1838,1341 1924,1341 2011,1341 2097,1340 2184,1339 2271,1338"/>
                <TextEquiv>
                    <Unicode>tionem digitorum esse figmentum &amp; falsam imaginationem: &amp; quod retenta imaginatione quod vnus nu </Unicode>
                </TextEquiv>
            </TextLine>
            <TextLine id="r1l21" custom="readingOrder {index:20;}">
                <Coords points="517,1409 2227,1422 2285,1418 2285,1354 517,1373"/>
                <Baseline points="529,1399 616,1398 703,1397 790,1396 878,1396 965,1395 1052,1395 1139,1396 1227,1396 1314,1396 1401,1397 1488,1397 1576,1397 1663,1397 1750,1397 1837,1397 1925,1397 2012,1396 2099,1395 2186,1393 2274,1391"/>
                <TextEquiv>
                    <Unicode>merorum de quibus est quaestio, transeat a finistra manu in dextram, &amp; alii duo a dextra in sinistran</Unicode>
                </TextEquiv>
            </TextLine>
            <TextLine id="r1l22" custom="readingOrder {index:21;}">
                <Coords points="519,1480 2050,1483 2289,1461 2289,1413 519,1414"/>
                <Baseline points="531,1454 618,1453 705,1452 793,1451 880,1451 968,1451 1055,1451 1142,1451 1230,1452 1317,1452 1405,1453 1492,1453 1579,1454 1667,1454 1754,1454 1842,1454 1929,1454 2016,1453 2104,1452 2191,1451 2279,1449"/>
                <TextEquiv>
                    <Unicode>impossibile est non errare in expositione dictorum verborum. Propter quod ponit quod ista computa-</Unicode>
                </TextEquiv>
            </TextLine>
            <TextLine id="r1l23" custom="readingOrder {index:22;}">
                <Coords points="520,1520 2193,1533 2292,1522 2292,1462 520,1478"/>
                <Baseline points="531,1509 618,1509 706,1508 793,1508 881,1508 968,1508 1056,1508 1143,1508 1231,1508 1318,1508 1406,1508 1494,1509 1581,1509 1669,1509 1756,1509 1844,1509 1931,1509 2019,1508 2106,1508 2194,1507 2282,1506"/>
                <TextEquiv>
                    <Unicode>tio debet intelligi in vna manu tantum: dicendo quod in pollice nullius numeri fiat signatio: quia ipse est</Unicode>
                </TextEquiv>
            </TextLine>
            <TextLine id="r1l24" custom="readingOrder {index:23;}">
                <Coords points="522,1584 2294,1569 2294,1523 522,1520"/>
                <Baseline points="533,1566 620,1565 707,1563 795,1563 882,1562 970,1562 1057,1562 1145,1562 1232,1563 1320,1563 1407,1564 1494,1564 1582,1564 1669,1565 1757,1565 1844,1565 1932,1565 2019,1564 2107,1563 2194,1562 2282,1560"/>
                <TextEquiv>
                    <Unicode>numerator: sed quod solum sit numeratio in quatuor digitis: inter quos, numerantenem scilicet &amp; numeratos</Unicode>
                </TextEquiv>
            </TextLine>
            <TextLine id="r1l25" custom="readingOrder {index:24;}">
                <Coords points="520,1635 2294,1633 2259,1571 520,1586"/>
                <Baseline points="532,1622 619,1620 707,1619 794,1618 882,1618 970,1617 1057,1617 1145,1618 1232,1618 1320,1619 1408,1619 1495,1620 1583,1620 1670,1621 1758,1621 1846,1621 1933,1620 2021,1620 2108,1618 2196,1617 2284,1614"/>
                <TextEquiv>
                    <Unicode>medius est maximus habens indicem a dextris versus pollicem, &amp; medium atque auricularium a si</Unicode>
                </TextEquiv>
            </TextLine>
            <TextLine id="r1l26" custom="readingOrder {index:25;}">
                <Coords points="515,1705 2294,1686 2272,1632 515,1634"/>
                <Baseline points="526,1680 613,1678 701,1676 789,1675 877,1674 965,1674 1053,1674 1141,1674 1229,1674 1317,1675 1405,1675 1492,1676 1580,1676 1668,1677 1756,1677 1844,1677 1932,1676 2020,1675 2108,1674 2196,1672 2284,1670"/>
                <TextEquiv>
                    <Unicode>nistris. In quolibet autem istorum quatuor digitorum est assignare quatuor puncta, tria in iunctu-</Unicode>
                </TextEquiv>
            </TextLine>
            <TextLine id="r1l27" custom="readingOrder {index:26;}">
                <Coords points="526,1759 2178,1753 2287,1739 2287,1686 526,1699"/>
                <Baseline points="536,1736 623,1733 710,1732 797,1731 884,1730 971,1729 1058,1729 1145,1729 1232,1730 1319,1730 1406,1730 1493,1731 1580,1731 1667,1732 1754,1732 1841,1732 1928,1732 2015,1731 2102,1730 2189,1729 2276,1727"/>
                <TextEquiv>
                    <Unicode>ris: &amp; vnum in summitate cuiuslibet. Quo posito quasi formando numeros omnes in manu dextra: di- </Unicode>
                </TextEquiv>
            </TextLine>
            <TextLine id="r1l28" custom="readingOrder {index:27;}">
                <Coords points="520,1800 2120,1809 2288,1800 2288,1752 520,1758"/>
                <Baseline points="532,1792 619,1789 706,1787 793,1786 881,1785 968,1785 1055,1785 1142,1785 1230,1785 1317,1786 1404,1786 1491,1787 1579,1788 1666,1788 1753,1788 1840,1788 1928,1787 2015,1786 2102,1785 2189,1783 2277,1780"/>
                <TextEquiv>
                    <Unicode>cit quod in infima iunctura indicis incipies numerare: &amp; ibi signabis vnum: &amp; in secunda duo: &amp; in </Unicode>
                </TextEquiv>
            </TextLine>
            <TextLine id="r1l29" custom="readingOrder {index:28;}">
                <Coords points="520,1858 2284,1855 2284,1800 2149,1793 520,1800"/>
                <Baseline points="532,1848 619,1845 706,1843 793,1841 880,1840 967,1840 1054,1840 1141,1840 1228,1841 1315,1841 1402,1842 1489,1843 1576,1843 1663,1844 1750,1844 1837,1844 1924,1843 2011,1842 2098,1840 2185,1837 2272,1834"/>
                <TextEquiv>
                    <Unicode>tertia tria: &amp; in summitate eiusdem quatuor: &amp; in summitate medii quinque, &amp; in proxima iunctu-</Unicode>
                </TextEquiv>
            </TextLine>
            <TextLine id="r1l30" custom="readingOrder {index:29;}">
                <Coords points="524,1919 2194,1918 2274,1914 2274,1861 524,1862"/>
                <Baseline points="534,1903 620,1900 706,1898 793,1897 879,1896 966,1896 1052,1896 1138,1896 1225,1897 1311,1897 1398,1898 1484,1899 1570,1899 1657,1899 1743,1899 1830,1899 1916,1898 2002,1897 2089,1895 2175,1892 2262,1889"/>
                <TextEquiv>
                    <Unicode>ra eiusdem. vi. &amp; in sequenti. vii. &amp; in infima. viii. &amp; deinde in insima iunctura medici. ix. &amp; in sequen-</Unicode>
                </TextEquiv>
            </TextLine>
            <TextLine id="r1l31" custom="readingOrder {index:30;}">
                <Coords points="517,1968 2115,1976 2285,1965 2285,1909 517,1922"/>
                <Baseline points="528,1959 615,1956 702,1954 790,1952 877,1951 964,1951 1052,1951 1139,1951 1226,1952 1314,1952 1401,1953 1488,1954 1576,1955 1663,1955 1750,1955 1838,1955 1925,1954 2012,1952 2100,1950 2187,1947 2275,1943"/>
                <TextEquiv>
                    <Unicode>te. x. in tertia. xi. in summitate vero eiusdem. xii. Deinde in summitate auricularis. xiii. &amp; in proxima</Unicode>
                </TextEquiv>
            </TextLine>
            <TextLine id="r1l32" custom="readingOrder {index:31;}">
                <Coords points="524,2026 2285,2022 2285,1969 2201,1960 524,1969"/>
                <Baseline points="536,2013 622,2010 709,2008 796,2007 883,2006 970,2005 1057,2005 1143,2006 1230,2007 1317,2007 1404,2008 1491,2009 1578,2010 1665,2010 1751,2011 1838,2010 1925,2009 2012,2008 2099,2006 2186,2003 2273,1999"/>
                <TextEquiv>
                    <Unicode>iunctura eius. xiiii. &amp; in secunda. xv. in tertia vero. xvi. Deinde iterato incipies ab insima iunctura</Unicode>
                </TextEquiv>
            </TextLine>
            <TextLine id="r1l33" custom="readingOrder {index:32;}">
                <Coords points="529,2077 2244,2081 2279,2019 529,2022"/>
                <Baseline points="540,2069 626,2066 712,2063 799,2061 885,2060 972,2060 1058,2060 1145,2061 1231,2061 1318,2062 1404,2063 1490,2064 1577,2065 1663,2065 1750,2066 1836,2065 1923,2064 2009,2063 2096,2060 2182,2057 2269,2053"/>
                <TextEquiv>
                    <Unicode>indicis, &amp; ibi signabis. xvi. &amp; sic deinceps vt prius vsque ad proximam iuncturam summitati auricula</Unicode>
                </TextEquiv>
            </TextLine>
            <TextLine id="r1l34" custom="readingOrder {index:33;}">
                <Coords points="526,2130 2013,2149 2280,2127 2280,2076 526,2079"/>
                <Baseline points="536,2123 622,2119 709,2117 796,2116 882,2115 969,2115 1056,2115 1142,2116 1229,2117 1316,2118 1403,2119 1489,2119 1576,2120 1663,2121 1749,2121 1836,2120 1923,2120 2009,2118 2096,2115 2183,2112 2270,2108"/>
                <TextEquiv>
                    <Unicode>ris: vbi inuenies signari. xxx. in laeua. scilicet parte respectu medii: cum tamen numeratio incepit in dexte-</Unicode>
                </TextEquiv>
            </TextLine>
            <TextLine id="r1l35" custom="readingOrder {index:34;}">
                <Coords points="520,2186 1960,2203 2279,2182 2279,2126 520,2142"/>
                <Baseline points="532,2179 618,2175 705,2172 792,2170 879,2169 966,2169 1053,2169 1139,2170 1226,2171 1313,2172 1400,2174 1487,2175 1574,2176 1661,2177 1747,2177 1834,2177 1921,2176 2008,2175 2095,2172 2182,2169 2269,2164"/>
                <TextEquiv>
                    <Unicode>ra parte. Et tunc procedendo vlterius simili modo vt prius, assignabis in iunctura secunda auricu</Unicode>
                </TextEquiv>
            </TextLine>
            <TextLine id="r1l36" custom="readingOrder {index:35;}">
                <Coords points="516,2246 2060,2261 2288,2248 2288,2188 516,2192"/>
                <Baseline points="528,2236 615,2232 702,2229 790,2227 877,2226 965,2225 1052,2225 1139,2226 1227,2227 1314,2228 1402,2229 1489,2230 1576,2231 1664,2232 1751,2232 1839,2232 1926,2232 2013,2230 2101,2228 2188,2224 2276,2220"/>
                <TextEquiv>
                    <Unicode>larii. xxxi. &amp; in tertia. xxxii. Et adhuc tertio incipies ab insima iunctura indicis: &amp; ibi signabis. xxxiii.</Unicode>
                </TextEquiv>
            </TextLine>
            <TextLine id="r1l37" custom="readingOrder {index:36;}">
                <Coords points="521,2296 2027,2312 2286,2298 2286,2245 521,2248"/>
                <Baseline points="532,2291 619,2287 706,2284 793,2283 880,2282 967,2281 1054,2281 1142,2282 1229,2283 1316,2284 1403,2285 1490,2286 1577,2287 1664,2288 1752,2288 1839,2288 1926,2287 2013,2285 2100,2283 2187,2280 2275,2275"/>
                <TextEquiv>
                    <Unicode>&amp; consimiliter vlterius procedes vt prius, &amp; inuenies. lx. signari in summitate medici: &amp; ita in par-</Unicode>
                </TextEquiv>
            </TextLine>
            <TextLine id="r1l38" custom="readingOrder {index:37;}">
                <Coords points="522,2356 2031,2370 2265,2355 2285,2299 522,2307"/>
                <Baseline points="532,2346 619,2343 706,2341 793,2339 880,2338 967,2337 1054,2337 1142,2338 1229,2339 1316,2339 1403,2341 1490,2341 1577,2342 1664,2343 1752,2343 1839,2343 1926,2342 2013,2341 2100,2339 2187,2335 2275,2332"/>
                <TextEquiv>
                    <Unicode>te sinistra. Deinde vlterius procedes &amp; signabis in summitate auricularis. lxi. &amp; in proxima iunctura</Unicode>
                </TextEquiv>
            </TextLine>
            <TextLine id="r1l39" custom="readingOrder {index:38;}">
                <Coords points="516,2412 1990,2425 2286,2405 2286,2356 516,2358"/>
                <Baseline points="528,2402 615,2399 702,2396 790,2395 877,2394 964,2393 1052,2393 1139,2394 1226,2394 1314,2395 1401,2396 1488,2397 1576,2398 1663,2398 1750,2399 1838,2399 1925,2398 2012,2397 2100,2395 2187,2393 2275,2389"/>
                <TextEquiv>
                    <Unicode>lxii. &amp; in secunda. lxiii. &amp; in tertia. lxiiii. Et iterum incipies quarto ab indice vt prius: &amp; signabis ibi. lx. &amp; pr </Unicode>
                </TextEquiv>
            </TextLine>
            <TextLine id="r1l40" custom="readingOrder {index:39;}">
                <Coords points="520,2471 2073,2476 2283,2449 2283,2401 520,2409"/>
                <Baseline points="532,2455 619,2452 706,2450 793,2449 880,2448 967,2448 1054,2448 1141,2449 1228,2450 1315,2450 1402,2451 1489,2452 1576,2453 1663,2453 1750,2453 1837,2453 1924,2452 2011,2450 2098,2448 2185,2445 2272,2441"/>
                <TextEquiv>
                    <Unicode>cedes signando &amp; numerando vt prius, &amp; inuenies in infima iunctura auricularis signarilxxx. De</Unicode>
                </TextEquiv>
            </TextLine>
            <TextLine id="r1l41" custom="readingOrder {index:40;}">
                <Coords points="520,2523 1963,2535 2290,2514 2290,2463 520,2470"/>
                <Baseline points="531,2511 618,2508 705,2506 793,2504 880,2504 968,2504 1055,2504 1143,2505 1230,2505 1318,2506 1405,2507 1492,2508 1580,2509 1667,2509 1755,2509 1842,2508 1930,2506 2017,2504 2105,2501 2192,2497 2280,2492"/>
                <TextEquiv>
                    <Unicode>inde quinto incipies ab indice vt prius: &amp; signabis ibi. lxxxi. &amp; procedendo vt prius inuenies signari in insima</Unicode>
                </TextEquiv>
            </TextLine>
            <TextLine id="r1l42" custom="readingOrder {index:41;}">
                <Coords points="520,2581 1967,2590 2250,2570 2290,2514 520,2523"/>
                <Baseline points="530,2566 617,2564 704,2562 792,2560 879,2560 967,2559 1054,2560 1141,2560 1229,2561 1316,2561 1404,2562 1491,2563 1578,2563 1666,2564 1753,2563 1841,2563 1928,2562 2015,2560 2103,2557 2190,2554 2278,2550"/>
                <TextEquiv>
                    <Unicode>iunctura auricularis. xcvi. Dein sexto incipies ab indice: &amp; signabis in infima iunctura eius xcviii. in secunda </Unicode>
                </TextEquiv>
            </TextLine>
            <TextLine id="r1l43" custom="readingOrder {index:42;}">
                <Coords points="514,2633 2080,2643 2299,2616 2299,2565 514,2580"/>
                <Baseline points="526,2623 614,2620 702,2617 790,2616 878,2615 966,2615 1054,2615 1142,2615 1230,2615 1318,2616 1407,2617 1495,2617 1583,2618 1671,2618 1759,2618 1847,2617 1935,2616 2023,2614 2111,2612 2199,2608 2288,2604"/>
                <TextEquiv>
                    <Unicode>xcviii. in tertia. xcix. in summitate vero indicis centum. &amp; sic terminatur compotus in dextera parte in eodem di </Unicode>
                </TextEquiv>
            </TextLine>
            <TextLine id="r1l44" custom="readingOrder {index:43;}">
                <Coords points="522,2702 2288,2667 2287,2614 522,2633"/>
                <Baseline points="533,2680 620,2676 707,2673 794,2671 881,2670 968,2669 1055,2669 1143,2670 1230,2670 1317,2671 1404,2672 1491,2672 1578,2673 1665,2673 1753,2673 1840,2673 1927,2672 2014,2670 2101,2668 2188,2664 2276,2660"/>
                <TextEquiv>
                    <Unicode>gito a quo incepit, faciens circulum: propter quod signat virginum coronam. Quia vero. lx. signatur in summi</Unicode>
                </TextEquiv>
            </TextLine>
            <TextLine id="r1l45" custom="readingOrder {index:44;}">
                <Coords points="517,2753 2042,2757 2256,2739 2287,2681 517,2704"/>
                <Baseline points="528,2736 615,2732 702,2728 790,2726 877,2724 965,2723 1052,2723 1139,2723 1227,2724 1314,2724 1402,2725 1489,2726 1576,2727 1664,2728 1751,2728 1839,2728 1926,2727 2013,2725 2101,2723 2188,2719 2276,2715"/>
                <TextEquiv>
                    <Unicode>tate medici, qui breuior est medio &amp; altior auriculari: ideo per illum numerum signatur praemi-</Unicode>
                </TextEquiv>
            </TextLine>
            <TextLine id="r1l46" custom="readingOrder {index:45;}">
                <Coords points="517,2798 2032,2810 2285,2796 2285,2737 517,2753"/>
                <Baseline points="528,2791 615,2786 702,2782 789,2780 877,2778 964,2777 1051,2777 1139,2777 1226,2778 1313,2779 1401,2780 1488,2781 1575,2782 1662,2783 1750,2783 1837,2783 1924,2782 2012,2781 2099,2778 2186,2775 2274,2770"/>
                <TextEquiv>
                    <Unicode>um viduarum: quod est minus praemio virginum, &amp; maius praemio coniugatorum. Tricesimus vero</Unicode>
                </TextEquiv>
            </TextLine>
            <TextLine id="r1l47" custom="readingOrder {index:46;}">
                <Coords points="516,2864 2222,2853 2284,2795 516,2798"/>
                <Baseline points="528,2847 615,2842 702,2838 789,2835 876,2833 964,2832 1051,2832 1138,2832 1225,2832 1312,2833 1400,2834 1487,2835 1574,2836 1661,2837 1748,2837 1836,2837 1923,2837 2010,2835 2097,2833 2184,2831 2272,2826"/>
                <TextEquiv>
                    <Unicode>signatur in prima iunctura sub summitate auricularis, &amp; tenet rationem vxoris, &amp; medicus ra-</Unicode>
                </TextEquiv>
            </TextLine>
            <TextLine id="line_1583033753990_1716" custom="readingOrder {index:47;}">
                <Coords points="524,2904 2301,2893 2300,2816 2088,2861 524,2857"/>
                <Baseline points="536,2899 625,2895 714,2891 803,2889 893,2888 982,2887 1071,2886 1160,2887 1250,2887 1339,2888 1428,2889 1517,2890 1607,2891 1696,2891 1785,2891 1874,2891 1964,2890 2053,2889 2142,2887 2231,2884 2290,2881"/>
                <TextEquiv>
                    <Unicode>tionem mariti: propter quod ille numerus competit coniugatis. Quia ista opinio dicit in eadem manu debere acci </Unicode>
                </TextEquiv>
            </TextLine>
            <TextLine id="r1l49" custom="readingOrder {index:48;}">
                <Coords points="521,2973 2107,2970 2286,2950 2286,2903 521,2906"/>
                <Baseline points="532,2955 619,2950 706,2946 793,2944 880,2941 968,2940 1055,2940 1142,2940 1229,2941 1316,2941 1404,2942 1491,2943 1578,2945 1665,2945 1752,2946 1840,2946 1927,2945 2014,2944 2101,2943 2188,2940 2276,2936"/>
                <TextEquiv>
                    <Unicode>pi dexteram &amp; laeuam, &amp; quod dextera &amp; laeua non signant manus diuersas: sed situs in eadem ma- </Unicode>
                </TextEquiv>
            </TextLine>
            <TextLine id="r1l50" custom="readingOrder {index:49;}">
                <Coords points="526,3017 1935,3031 2287,3011 2287,2955 526,2971"/>
                <Baseline points="536,3008 623,3003 710,3000 797,2997 884,2995 971,2994 1058,2994 1145,2994 1232,2995 1319,2996 1406,2997 1493,2998 1580,2999 1667,3000 1754,3000 1841,3000 1928,3000 2015,2999 2102,2997 2189,2994 2276,2990"/>
                <TextEquiv>
                    <Unicode>nu diuersorum digitorum respectu vnius medii inter illos: &amp; quod retenta imaginatione de dextera</Unicode>
                </TextEquiv>
            </TextLine>
            <TextLine id="r1l51" custom="readingOrder {index:50;}">
                <Coords points="528,3077 2163,3074 2294,3015 528,3018"/>
                <Baseline points="538,3061 625,3056 712,3053 799,3051 886,3049 974,3048 1061,3048 1148,3049 1235,3050 1322,3051 1410,3052 1497,3054 1584,3055 1671,3056 1758,3056 1846,3056 1933,3055 2020,3054 2107,3051 2194,3047 2282,3042"/>
                <TextEquiv>
                    <Unicode>&amp; laeua accipienda in diuersis manibus, impossibile est non errare in dictorum verborum expositio</Unicode>
                </TextEquiv>
            </TextLine>
            <TextLine id="r1l52" custom="readingOrder {index:51;}">
                <Coords points="524,3129 2013,3137 2285,3113 2285,3062 524,3078"/>
                <Baseline points="534,3111 621,3108 708,3106 795,3104 882,3104 969,3104 1056,3104 1143,3105 1230,3106 1317,3107 1404,3108 1491,3109 1578,3110 1665,3110 1752,3111 1839,3111 1926,3110 2013,3108 2100,3106 2187,3103 2274,3099"/>
                <TextEquiv>
                    <Unicode>ne: non est verum vsquequamque. Quin enim in eadem manu illa accipi possunt: &amp; secundum hoc vt signa</Unicode>
                </TextEquiv>
            </TextLine>
            <TextLine id="r1l53" custom="readingOrder {index:52;}">
                <Coords points="528,3182 2112,3186 2282,3166 2282,3111 528,3125"/>
                <Baseline points="538,3165 624,3162 711,3159 798,3158 884,3157 971,3157 1058,3158 1144,3158 1231,3160 1318,3161 1405,3162 1491,3163 1578,3164 1665,3165 1751,3165 1838,3165 1925,3164 2011,3162 2098,3160 2185,3156 2272,3152"/>
                <TextEquiv>
                    <Unicode>tum est dicta verba exponi, non abnuo. nec tamen ex hoc potest concludi quod exponi non possunt accipiendo </Unicode>
                </TextEquiv>
            </TextLine>
            <TextLine id="r1l54" custom="readingOrder {index:53;}">
                <Coords points="522,3256 2285,3250 2286,3166 522,3185"/>
                <Baseline points="534,3217 621,3214 708,3213 795,3212 882,3212 969,3212 1056,3213 1143,3214 1230,3215 1317,3216 1404,3217 1491,3219 1578,3220 1665,3220 1752,3221 1839,3220 1926,3219 2013,3217 2100,3215 2187,3211 2274,3207"/>
                <TextEquiv>
                    <Unicode>dextram &amp; sinistram in diuersis manibus: &amp; hoc diuersimode secundum duos modos iam expositos: &amp; secundum illum</Unicode>
                </TextEquiv>
            </TextLine>
            <TextEquiv>
                <Unicode>signat. xx. Summitas autem indicis iuncta summitati pollicis signat. xxx. Index &amp; pollex in longum
protensi &amp; lateraliter iuncti signant. xl. Pollicis autem articulus superior curuatus super primam iunctu
ram indicis signat. l. Index vero circuncingens partem pollicis sic curuatam signat. lx. Pollex vero
erectus sub indice circunflexo vt prius, vngue tamen eius transeunte medium articulum indicis
signat. lxx. Pollex similiter erectus infigens vnguem in medium articulum indicis similiter circun-
flexi signat. lxxx. Summitas indicis inflexa secundae iuncturae pollicis signat. xc. Deinde fiat transitus
de sinistra manu ad dextram: &amp; ibi signetur centum vbi in finistra manu signabatur. x. secundum
Hieronice &amp; Abacum: licet secundum Algoristas vbi prius signabatur vnitas: qui sic comparant cen-
tum ad mille, sicut vnum ad decem. Et procedetur vlterius per eadem signa in dextera manu sicut
in sinistra: ita quod mille signetur in dextera vbi vnitas signabatur in finistra. Et sic in duabus palmis pro
ceditur vsque ad decem milia exclusiue tantum secundum Abacum: licet secundum Algoristas vlterius su
per brachia procedat scilicet vsque ad centum milia. Reuera iste modus signandi minus videtur conueniens quam praec
dens. Qua ratione, n. tres digiti, auricularius, medicus, &amp; medius circunflexi in medium palmae, &amp; erecti iterum, &amp;
iterum protensi super palmam in directum, quilibet illorum signat tres numeros: simili modo index &amp; pollex situati sin
guli signare possunt similiter tres: quod non ponit modus iste. ltem sicut contactus pollicis cum indice &amp; me-
dio diuersos designat numeros: similiter &amp; contactus similes pollicis cum medico &amp; auriculario
aliquos numeros signare possent, quid tamen non ponit iste modus. ltem pluribus aliis modis situs &amp; con
tactus digitorum possent diuersos numeros signare eadem ratione qua praedicti. nulla est ergo ne-
cessitas vt videtur, in istis modis signandi. PROpter quod dixit quidam, dictum modum per complica
tionem digitorum esse figmentum &amp; falsam imaginationem: &amp; quod retenta imaginatione quod vnus nu 
merorum de quibus est quaestio, transeat a finistra manu in dextram, &amp; alii duo a dextra in sinistran
impossibile est non errare in expositione dictorum verborum. Propter quod ponit quod ista computa-
tio debet intelligi in vna manu tantum: dicendo quod in pollice nullius numeri fiat signatio: quia ipse est
numerator: sed quod solum sit numeratio in quatuor digitis: inter quos, numerantenem scilicet &amp; numeratos
medius est maximus habens indicem a dextris versus pollicem, &amp; medium atque auricularium a si
nistris. In quolibet autem istorum quatuor digitorum est assignare quatuor puncta, tria in iunctu-
ris: &amp; vnum in summitate cuiuslibet. Quo posito quasi formando numeros omnes in manu dextra: di- 
cit quod in infima iunctura indicis incipies numerare: &amp; ibi signabis vnum: &amp; in secunda duo: &amp; in 
tertia tria: &amp; in summitate eiusdem quatuor: &amp; in summitate medii quinque, &amp; in proxima iunctu-
ra eiusdem. vi. &amp; in sequenti. vii. &amp; in infima. viii. &amp; deinde in insima iunctura medici. ix. &amp; in sequen-
te. x. in tertia. xi. in summitate vero eiusdem. xii. Deinde in summitate auricularis. xiii. &amp; in proxima
iunctura eius. xiiii. &amp; in secunda. xv. in tertia vero. xvi. Deinde iterato incipies ab insima iunctura
indicis, &amp; ibi signabis. xvi. &amp; sic deinceps vt prius vsque ad proximam iuncturam summitati auricula
ris: vbi inuenies signari. xxx. in laeua. scilicet parte respectu medii: cum tamen numeratio incepit in dexte-
ra parte. Et tunc procedendo vlterius simili modo vt prius, assignabis in iunctura secunda auricu
larii. xxxi. &amp; in tertia. xxxii. Et adhuc tertio incipies ab insima iunctura indicis: &amp; ibi signabis. xxxiii.
&amp; consimiliter vlterius procedes vt prius, &amp; inuenies. lx. signari in summitate medici: &amp; ita in par-
te sinistra. Deinde vlterius procedes &amp; signabis in summitate auricularis. lxi. &amp; in proxima iunctura
lxii. &amp; in secunda. lxiii. &amp; in tertia. lxiiii. Et iterum incipies quarto ab indice vt prius: &amp; signabis ibi. lx. &amp; pr 
cedes signando &amp; numerando vt prius, &amp; inuenies in infima iunctura auricularis signarilxxx. De
inde quinto incipies ab indice vt prius: &amp; signabis ibi. lxxxi. &amp; procedendo vt prius inuenies signari in insima
iunctura auricularis. xcvi. Dein sexto incipies ab indice: &amp; signabis in infima iunctura eius xcviii. in secunda 
xcviii. in tertia. xcix. in summitate vero indicis centum. &amp; sic terminatur compotus in dextera parte in eodem di 
gito a quo incepit, faciens circulum: propter quod signat virginum coronam. Quia vero. lx. signatur in summi
tate medici, qui breuior est medio &amp; altior auriculari: ideo per illum numerum signatur praemi-
um viduarum: quod est minus praemio virginum, &amp; maius praemio coniugatorum. Tricesimus vero
signatur in prima iunctura sub summitate auricularis, &amp; tenet rationem vxoris, &amp; medicus ra-
tionem mariti: propter quod ille numerus competit coniugatis. Quia ista opinio dicit in eadem manu debere acci 
pi dexteram &amp; laeuam, &amp; quod dextera &amp; laeua non signant manus diuersas: sed situs in eadem ma- 
nu diuersorum digitorum respectu vnius medii inter illos: &amp; quod retenta imaginatione de dextera
&amp; laeua accipienda in diuersis manibus, impossibile est non errare in dictorum verborum expositio
ne: non est verum vsquequamque. Quin enim in eadem manu illa accipi possunt: &amp; secundum hoc vt signa
tum est dicta verba exponi, non abnuo. nec tamen ex hoc potest concludi quod exponi non possunt accipiendo 
dextram &amp; sinistram in diuersis manibus: &amp; hoc diuersimode secundum duos modos iam expositos: &amp; secundum illum</Unicode>
            </TextEquiv>
        </TextRegion>
    </Page>
</PcGts>
