2495 3727
558 252 2332 331 mantur. c. &. x. Quod intendebat Hieronymus cum dixit. Centenarius numerus diligenter quaeso: vt supra.
563 320 2319 378 Secunda etiam istarum expositionum nullo modo potest assignare centesimum fieri circulo exprimen-
566 373 2325 431 te virginum coronam: quia non incipit a puncto in quem terminatur: vt patet inspicienti. Si autem inspiciamus
555 426 2322 486 illam expositionem quam alias posui, videtur mihi quod magis sufficiens, & compendiosior sit caeteris. quoniam
551 478 2323 541 modus computandi quem assignat, nihil omittit ex numeris inter centenarium numerum, & vnitatem
557 532 2333 596 primam: vt faciunt duo primi modi: nec omittit aliquam diuisionem, aut extremitatem in tota manu,
557 586 2324 640 in qua non assignet aliquem numerum: sicut facit quilibet dictorum trium modorum: neque pluries re-
553 639 2333 707 uertitur ad signandum plures numeros super idis: sicut facit tertius modus. Congruit etiam magis dictis
559 688 2337 758 expositorum: aut saltem minus repugnat. Quod vt ostendamus, compotum incipere debemus super iunctu
558 742 2330 811 ras & extremitates pollicis dexterae manus: secundum modum expositum in dicta quaestione: sed ab alia extre
559 797 2326 854 mitate pollicis incipiendo quam diximus incipiendum in dicta quaestione. Diximus autem ibi quod incipiendum esset a
558 853 2334 919 trunco brachii. hoc enim sufficiebat ibi ad ostendendum transitum centenarii: & sufficeret hic ad ostendem
553 903 2329 965 dum transitum. xxx. &. Ix. Quo ad hoc enim nulla est differentia siue incipiatur a trunco brachii siue super vn-
563 960 2336 1027 guem pollicis. Sed incipiendo super vnguem pollicis illam expositionem facilius concordabimus dictis expositorum sa
555 1013 2329 1066 crae scripturae. Incipiendo ergo compotum super vnguem pollicis dextri exterius, ibi formabimus vni
559 1065 2333 1134 tatem: & discurrendo vt ibi descriptum est reuertemur ad summitatem eiusdem pollicis interius: & ibi
566 1117 2334 1190 per tactum indicis dextri assignabimus. x. & deinde eodem modo super summitatem vnguis indicis ex-
560 1175 2340 1226 terius formabimus. xi. & post discursum, vt prius, reuertendo ad indicis summitatem interius, ibi per
562 1224 2322 1288 tactum pollicis signabimus. xx. & consimili modo primo signabimus super extremitatem medii digiti
560 1282 2322 1342 eiusdem manus exterius. xxi. Et reuertendo super extremitatem eiusdem digiti: per tactum pollicis in
566 1330 2335 1392 dice super pollicem reclinato, signabis. xxx. & sic vlterius per alios digitos eiusdem manus. In qua completo
553 1388 2331 1442 compoto in. l transiemus ad manum sinistram signando. libr. super vnguem pollicis exterius: & discurren-
554 1432 2337 1498 do reuerti debemus ad summitatem eius interius: & ibi signare. lx. & consimili modo per omnes digitos alios manus fini
549 1490 2334 1552 strae, & inueniemus centum formari in summitate interiore auricularii. Et quia isti numeri. x.xx. xxx. & cae
555 1549 2334 1605 teri consimiles ipsis complentur in totis digitis: alii vero numeri formantur prius ipsis in articulis
550 1593 2332 1665 singulis digitorum: ideo in dicta quaestione illos numeros. x. xx. xxx. & caeteros huiusmodi appellamus nu-
559 1651 2339 1725 meros digitos, & alios maxime vsque ad. x. numeros articulos: licet Algoristae contrario modo appellare
560 1705 2332 1778 solent eos: dicendo quod numerus articulus est omnis numerus diuisibilis in. x. partes aequales. Digitus
562 1760 2325 1842 vero secundum eos est omnis numerus minor denario. Quibus suppositis patet concordia huius ex-
555 1815 2329 1873 positionis cum dictis sanctorum. patet enim quomodo in formatione. xxx. pollex & index coniuncti sunt qua-
549 1874 2334 1938 si molli osculo, indice scilicet reclinato super pollicem tangentem summitatem mollem digiti medii: quasi
555 1928 2323 1991 ambobus super ipsum recumbentibus: vt super lectum mollem. Quod apparent dicere interlinea. glos.
553 1968 2330 2048 Matt. xiii. & Hieronymus contra louinianum. Propter quod numerus. xxx. nuptis appropriatur: quia nupti
554 2021 2328 2096 in lecto solent coniungi molli osculo. Nec differt hic in hac expositione, & in praecedentibus: nisi quod
552 2076 2326 2153 in illis formatur. xxx. ex sola coniunctione pollicis & indicis inter se: hic vero vt ambo coniuncti reclinan
550 2136 2321 2195 tur super medium, quod expressius indicat coniunctionem maritalem. Similiter multum concordat ista expositio
549 2193 2325 2252 appropriationi. lx. viduis: quia signatur per indicem tangentem summitatem pollicis interius in manu sinistra si
547 2246 2328 2311 ne reclinatione super mollem extremitatem interius digiti medii: quasi abstinendo se a conmixtione mari-
555 2292 2320 2354 tali. Quid satis concordat dicto Hieroysicae supr hoc contra louinianum: vt patet inspicienti. Similiter concordat ista
554 2352 2319 2420 expositio in appropriando centenarium virginibus, iuxta illud Hieroysi dictum contra louinianum. Centenarius
553 2401 2329 2461 de finistra transfertur in dextram: eisdem quidem digitis quibus in laeua signantur nuptae: sed non in eadem manu, quia
554 2454 2328 2513 vt dictum est, viduae signantur in sinistra in interiore extremitate pollicis tactu indicis sinistri. Centena
550 2511 2324 2585 rius autem licet primo formatur in interiori extremitate auricularii, translatus tamen in dextram formatur super
549 2555 2328 2639 summitatem pollicis interius per tactum indicis dextri: quasi incipiendo nouum modum signandi numeros ab
546 2608 2333 2674 interioribus digitorum. scilicet super eadem signa quae prius: quemadmodum prius ibidem formabantur. x. Et eisdem quidem digitis
552 2670 2320 2740 vt dictum est, signabatur viduis. lx. in laeua, &. xxx. nuptis: sed reclinando super extremitatem medii: in ma-
547 2717 2325 2798 nu tantum dextra. Vnde cum dicit Hieronic. Quibus in laeua signantur nuptae: ibi fiat punctatio: vt post pau-
551 2770 2325 2842 sam sequatur, Et viduae: sed non in eadem manu. Huic expositioni etiam concordat quod sequitur in dicto Hiero
545 2832 2328 2904 nymi: Circulum faciens exprimit virginitatis coronam. lste enim modus compoti facit circulum perfectum & inte
551 2890 2334 2958 grum, nec plus nec minus per omnes digitos, & articulos, & summitates duarum manuum discurrendo, quod non fa
551 2944 2325 3009 cit in aliqua aliarum expositionum: sicut patet inspicienti eas. Sed vnum obest: quod isti expositioni non video
545 2992 2326 3064 posse concordari: quod scilicet dicit illa glossa. Mat. xiii. Centenarius a laeua translatus in dexteram, eandem te
543 3047 2317 3118 net digitorum inflexionem quam denarius in laeua. vbi si non adderet in laeua, concordaret: vt dictum est.
536 3093 2325 3184 Sed si in laeua intelligatur additum, concordari non potest: quia secundum hanc expositionem. x. in lae
