2437 3749
525 244 2292 326 transeat: & ibi persectum augmentum accipiens: in dextra perficiatur & maneat. Non obstante ergo quod cssete-
524 325 2294 391 narius terminatur in sinistra perfectionem suam incipiendo: vt dicit obiectio: formatus tamen transit in dextram ibi
513 375 2294 452 perfectionem completam accipiendo. Propter quod glossa praedicta. Matth. xiii. dicit quod c. numerus est qui iam
524 432 2293 491 in dextra est. Nec in hoc contenta est: sed addit, ve lci c. qui transfertur in dextram. & hoc ideo: quia haec est
523 479 2288 547 disiunctiua artis: & veritatem habet pro vtraque parte. c. enim iam est in dextra perfectus post translationem eus:
518 536 2294 617 sed prius transfertur in dextram a sinistra in qua erant formatus: vt dictum est. AD illud quod arguitur setun
518 591 2294 673 do de. xxx, quod etiam secundum istam expositionem non transit a dextra in finistram: sed manet in dextra, quod pro
516 647 2288 729 prie pertinet ad propositam quaestionem: Dicendum quod coniugium cui appropriatur persectio. xxx. primo incepit
517 709 2286 774 in dextra: quia in paradiso vt dictum est. lpsum tamen ex se non ponit statum perfectionis etiam vt fuit in
513 757 2293 831 paradiso: secundum quod alibi declarauimus: nec maxime post lapsum hominis in peccatum: vt est in vita praesen
512 820 2290 883 tis miseriae. Vnde coniugium ex ratione coniugii in se persectionem non habet: sed vt perficiatur transit in
521 869 2288 935 statum viduarum. Et quia illum vt dictum est non inuenit nisi in sinistra praesentis vitae, ideo. xxx. significans
512 933 2288 994 praemium coniugum: quamquam incipit & formatur in manu dextra: tamen competenter dicitur transire a dextra in si
514 991 2290 1063 nistram: vt in sinistra in vlteriorem perfectionem ratione status tranfformetur. ET quid assumitur de. lice, quod non
521 1036 2280 1116 transit a dextra in laeuam: quia non formatur in dextra: quid etiam proprie pertinet ad istam quaestionem: Dicendum
523 1100 2292 1161 quod viduitas ortum non sumit nisi a coniugio dimisso vel soluto: quia non potest esse vidua nisi prius
516 1156 2285 1213 nupta. Propter quod licet non primo signatur. lx. qui praemium viduarum significat, in dextra: tamen competem
516 1207 2288 1278 ter dicitur transire a dextra in sinistram: quia ortum habet ab eo quod signatum in dextra propter persectio
524 1268 2271 1324 nem habendam transit in sinistram vt dictum est. Propter quid etiam vterque horum numerorem scilicet xx. & lxpro-
523 1323 2275 1390 prie dicuntur manere in sinistra, & contineri. vt dicit praedicta glos. Matth. xiii. Neutrum enim illorum quo-
522 1373 2284 1441 rum praemium significant illi numer. scilicet nec viduitas, nec matrimonium, transire potest extra finistram: quia non sunt
520 1429 2289 1486 status nisi vitae praesentis: nec ad statum virginum transire possunt: cum de corrupta virgo fieri non possit secundum
526 1482 2293 1550 Hierony. AD illud quod obiicitur tertio: quod pollex habet vnum articulum minus quam alii digiti &c. Dicen i
523 1538 2284 1600 dum quod tam rude non oportuit opponere in ista materia: vbi non est disputatio de substantia & natu
521 1599 2282 1656 ra articulorum: sed de modo signandi numeros in iuncturis vel in extremitatibus. Pollex autem licet
517 1652 2284 1707 non habet nisi tres articulos, proprie loquendo secundum naturam & substantiam digiti: quia non habet nisi tria
522 1709 2276 1780 ossa in tribus articulis: cum alii habeant quatuor scilicet inter summitatem truncum brachii totum appellando digi
520 1764 2269 1823 tum extenso nomine: quia, proprie loquendo non dicuntur digiti nisi distincti secundum volam manus: communiter ta-
517 1812 2282 1887 men loquendo de digito & vocando articulum id quid est medium contentum inter duas iuncturas, siue fuerit
518 1880 2270 1941 os siue neruus: sic pollex competenter dicitur quantum sufficit ad propositum, habere quaetuor articulos & quique
525 1927 2270 1991 diuisiones sicut alii digiti. habet enim quendam neruum grossum & durum qui protenditur a tertio articu
514 1978 2270 2050 lo pollicis osseo vsque ad truncum brachii, quo pollex brachio ligatur: & est ille neruus inter duas diui-
514 2031 2279 2108 siones sicut sunt & articuli ossei. & sic tot numeri formantur in pollice quot in aliquo aliorum digito-
515 2095 2269 2161 rum: & perfecte formatur numerus centenarius in laeua, nec deficit, nec abundatur: vt visum est: &
515 2155 2257 2219 sic formatur primo in sinistra: & formatus transfertur in dextram secundum praedictum modum.
851 2195 2268 2274 Equuntur quaesita pertinentia ad hominem specialiter. Vbi primo quaerebantur quaedam per-
853 2250 2277 2331 tinentia ad esse hominis. Deinde quaedam alia pertinentia ad eius bene esse. Et circa primum istorum
854 2310 2267 2382 quaerebantur quinque: tria ex parte animae intellectiuae: quartum ex parte corporis: quintum
855 2364 2279 2438 vero ex parte compositi ex corpore & anima Quorum primum erat de anima separata. vtrum
851 2418 2275 2480 idem sit esse animae separatae quid erat coniunctae. Secundum erat de anima coniuncta: vtrum in
852 2472 2278 2533 telligere possit vniuersale. Tertium vero erat de ipsa communiter pro vtroque status
868 2524 2285 2599 Vtrum intellectus possit informari specie aliqua aut habitu absque actu consideram
527 2586 2279 2649 di secundum illam speciem aut habitum. Quartum: vtrum possibilis sit resurrectio corporum humano-
528 2638 2288 2714 rum. Quintum vero: vtrum sit possibile hominem esse sine quantitate. ClRca primum arguitur quod non sit idem es
524 2701 2280 2767 se animae separatae quod erat coniunctae, quoniam si animae coniunctae & separatae esset idem esse, & eadem operatio
521 2756 2281 2823 quae sequitur esse: consequens est falsum. non enim est idem intelligere animae separatae & coniunctae: quia coniuncta
533 2798 2286 2876 intelligit cum phantasmate: non autem separata. ergo &c. CONtra. eadem forma semper habet idem esse: quia esse est
528 2852 2293 2922 a forma. sed anima est semper eadem forma siue fuerit coniuncta, siue separata. ergo &c. DIcendum ad hoc: quod
523 2910 2284 2977 sicut ens tripliciter dicitur: Vno enim modo significat naturam & essentiam rei: & hoc modo est ens id quod est
522 2961 2280 3037 natura siue essentia aliqua: cuius diximus superius per se ideam esse in deo: & est illud quod praedicatur de praedicamen
525 3017 2287 3091 tis: Alio mod dicitur aliquid ens secundum animam, quod philosophus in. v. Metaphya appellat ens verum: Tertio dicitur-
526 3069 2271 3144 ens id quid est aliquid in effectu extra animam: consimiliter cum ens dicitur ab esse, esse triplex est scilicet esse quiditatiuum
530 3122 2284 3189 quod indicatur per definitionem: cum dicitur quod est omnio praedicansquid est esse. Tali esse dicitur vnumquidque esse id quod est.
533 3176 2283 3277 per essentiam & a forma sua: vt esse homo dicitur habens formam hominis: & oculus dicitur habens formam oculi-
