2414 3743
496 220 2295 307 bet separatam sicut & suam essentiam: quia non fundatur in aliquo materiali, sed tantum in animae essentia, vt alibi de-
507 302 2296 364 terminauimus: in quae nulla est matia: & cum hoc ha, proprium modum separationis, quem non ha ipsius animae sba: quia non est.
504 362 2287 426 actus & perfectio matiae siue alicuius matialis: vt organi corporalis: quemadmodum substantia animae est actus & perfe
507 417 2287 483 ctio materiae & corporis: & similiter vires sensitiuae: quae ab eius essentia sm actum fluentes ex ea vt corpus sunt actus &
509 473 2285 543 perfectio corporis siue organi corporei: secundum quod hoc de substantia animae & viribus sensitiuis deirminat philosophus . ii.
506 539 2287 600 de anima. de intellectu autem & sbae animae immatialitate, deiminat in. iii. de anima. Quia igitur essentia animae in se aequa immatia.
509 585 2287 660 lis est, & separata a matia, quae posset esse vel deberet pars suae essentiae: & similiter potentia eius intellectiua aeque esti
497 643 2289 714 materialis & separata a finito materiali, & similiter a materia & organo corporali, cuius posset aut debe
510 693 2291 765 ret esse actus: & hoc siue ipsa anima fuerit separata siue coniuncta: idcirco dicendum quod vniuersale solummodo
510 753 2291 810 est per se obiectum animae separatae & coniunctae aequaliter: licet alio modo intelligat ipsum coniuncta & separata: vt
514 806 2292 881 dictum est in fine praecedentis quaestionis. & concedenda est auctoritas philosophi ad hoc. AD rationem in oppositum, quod opera
523 864 2281 922 tio intelligendi animae in corpore est per se coniuncti: ergo non est eius obiectum separatum: in hoc est tota difficultas
514 921 2279 990 quaestionis: & proptir hoc introducta fuit. Et est dicendum ad hoc: quod in actu intelligendi est considerare duo: & quid
521 975 2279 1044 intelligit & quo intelligit. & hoc dupliciter: aut vt proximo elicitiuo actus intelligendi: aut vt remoto. Quod intelli
527 1031 2292 1104 git anima existente coniuncta, est coniunctum: vt totus homo compositus ex anima & corpore. quo intelligit vt principio elici
523 1087 2288 1159 tiuo remoto: est ipsa substantia animae: in quae fundatur vis intellectiua, quo vero intelligit vt elicitiuo proximo: est vis
524 1137 2280 1203 siue potentia intellectiua per se & praecise fundata in essentia animae, manens semper actu in ipsa: non fluens ab ipsa secundum
525 1200 2279 1263 actum in materiam & organum, cuius sit actus per illam potentiam: quemadmodum vis sensitiua fluit ab ipsasum actum in
522 1252 2276 1313 materia & organo eius, cuius sit actus per huiusmodi potentiam: ita quod talis potentia non habet sm actum fundari in es-
521 1305 2282 1385 sentia animae nisi vt in radice & in potentia tantum: donec sit actus corporis & per hoc fluat in ipsum coniunctum secundum
520 1366 2276 1437 actum sensitiua potentia. Quo autem intelligit homo vt vi elicitiua remota est sba ipsius animae: qua. scilicet in ipsa est Ium
529 1428 2278 1493 actum huiusmodi potentia: quae etiam est in materia, per hoc quod substantia animae est in ipsa vt actus eius: cum tamen potentia non est
524 1475 2280 1546 in matia vt actus eius, neque vt in quo fundatur. Vnde licet non sit differentia inter actum videndi oculo corporali & actum
523 1529 2275 1595 intelligendi quantum est ex parte agentis: quia sicut in actu videndi non videt principaliter virtus visiua: sed totus oculus
528 1588 2273 1655 compositus ex corporali organo & vi visiua quae est forma & actus eius: quemadmodum anima est forma & actus totius
523 1638 2281 1711 corporis organici: iuxta illud quid dicit philosophus in secundo de anima: Si oculs animal esset, visus esset eius anima. &c. licet non sit omni
519 1702 2286 1765 no simile vt iam videbitur, est tamen magna differentia quantum est ex parte eius quo agit: quia actum videndi elicit oculs mo
526 1751 2284 1826 tus ab obiecto in vi visiua: vt aliquo quid fundatur in essentia animae non praecise nisi vt in potentia & vt in radice & pri
524 1800 2278 1880 cipio primo atque remoto: sed vt est forma & actus materiae siue corporis: & ideo fundatur in illo composito sbali
525 1858 2279 1930 secundum actum non solum vt est compositum substantiale: sed vt est dimensionatum & sensibili obiecto proportiona.
533 1909 2282 1989 tum: vt secundum hoc aliter anima est actus corporis organici per suam substantiam: aliter vero per suam potentiam
536 1963 2284 2049 quia per substantiam inquantum est compositum substantiale simpliciter: per potentiam vero quantum est quid organicumn di
531 2038 2282 2102 mensionatum: & hoc quo ad alias potentias ab intellectu a quo. ad potentiam enim intellectiuam neutro modo est
527 2088 2277 2163 actus. Vnde actum intelligendi elicit totus homo motus ab obiecto vi sua intellectiua: vt aliquo quid praecse fundatur in
534 2134 2290 2210 essentia animae: vt in principio proximo & secundum actum: non vt est forma & actus corporis siue materiae: quia nec
531 2193 2278 2269 fundatur in ipso composito: nec fluit vllo modo ab anima in corpus siue in substantiam materiae neque in aliquid di
528 2243 2279 2323 mensionatum: aut quacumque corporali dispositione affectum. & sic per huiusmodi potentiam anima nullo modo fit actu
528 2303 2279 2375 materiae aut corporalis cuiuscumque. aliter enim per ipsam non intelligeretur vniuersale: neque ab ipsa anima: neque a
529 2355 2278 2429 coniuncto: sicut neque per vires sesitiuas sentitur vniuersale: & non esset intellectus nisi quidam nobilior sesus & virtus
532 2415 2281 2491 materialis: vt quidam philosophi errantes posuerunt. AD argumentum igitur descedendo dico: quod licet totum coniun
532 2473 2281 2542 ctum intelligit sicut & sentit, id tamen quo intelligit nullo modo est coniunctum: sicut id quo sentit: quia non fun
533 2522 2287 2601 datur in coniuncto vt in principio proximo sicut fundatur sensus: neque fluit ab anima in coniunctum aut in materiam
523 2575 2281 2651 siue corpus sicut fluit sensus: neque est vllo modo actus materiae, aut coniuncti, sicut alicuius corporis. Nunc autem
533 2618 2285 2702 ita est in omnibus viribus, quod operatio agentis non determinatur neque proportionatur agenti nisi sm rationem & proportionem
522 2684 2284 2762 eius quo agit, quaere neque similiter obiectum. Quare cum vt dictum est vis intellectiua omnino est separata secundum rationem actui
527 2729 2290 2817 a corpore & materia: quare similiter & operatio atque obiectum. Et quid assumitur: non potest operatio magis esse separata
531 2781 2290 2875 quam sit substantia agentis: Dicendum quod ista separatio non intelligitur in proposito nisi a materia & corpore: & ex con-
531 2839 2285 2922 trario non intelligitur in proposito coniuncto nisi materiae & corpori. Distinguendum est igitur de modis quibus aliquid
530 2908 2295 2975 dicitur esse separatum a materia & corpore, per quod sciemus quibus econtra aliquid dici debet esse coniunctum. Est igitur sciendum
529 2952 2292 3026 quod aliquid dicitur multipliciter separatum a materia & corpore. Vno modo quia est omnino praeter materiam & corpus ut non ha
532 3022 2293 3092 beat materiam aut corpus aliquid sui: neque est omnino aliquid existens in materia & corpore: neque est actus aut perfectio
526 3066 2287 3142 materiae & corporis: & hoc neque sm hoc quod est aliquid organicum dimensionatum: neque etiam vt motor reicor
534 3108 2285 3198 poralis: neque etiam vt situm determinans in re corporali. Aut quia non habet materiam aut corpus aliquid sui est tamens
527 3167 2298 3271 materia & corpore: nullo modo tamen vt actus & perfectio eius. Aut quia licet non habet materiam aut corpus aliquid
