2465 3695
520 281 2310 369 debitam satisfactionem implere: & ad illum accedere qui habet potestatem ordinariam absoluendi
531 367 2294 425 ab illis quae confessus est, & absolutus ab eisdem: non ad iterum confitendum, nec ad satisfactionem
527 419 2290 483 ab eodem assumendam: sed ad se manifestandum, & dicendum illi quod confessus est, & in extremis ab
525 469 2304 531 solutus a peccatis: quorum absolutio pertinebat ad ipsum. Alii vero dicunt contrarium: scilicet
527 528 2303 592 quod debet adire superiorem, & illi confiteri singula, & satisfactionem recipere: quibus magis adhaereo
538 579 2297 645 Et secundum hoc iste casus reducitur ad secundum. Ex parte autem confitentis duo sunt consideram
525 635 2297 699 da: ad quae debemus aspicere an sit poenitens vere, an non. Et si sit poenitens, an sit subditus ei cui com
529 685 2299 745 fitetur: an non. Si non sit poenitens de aliquo mortali: tunc fictus confitetur, nec absoluitur: & tene
529 742 2303 795 tur eadem interum confiteri alteri vel eidem: maxime si obliuiscatur iam confessor. Et est tertius ca
531 792 2297 850 sus quem glos. appellat diminutionem confessionis, vel ad illum reducitur, & est primus ex parte
532 844 2295 909 confitentis. quem Glos. illa dicit esse quartum. Postquam autem sit vere poenitens: si non est subditus
536 903 2290 964 ei cui confitetur siue de iure conmuni, siue de iure priuilegii: debet eadem peccata confiteri illi cuius
526 945 2299 1020 est subditus: & hoc quia non potuit ab illo absolui: eo quod non erat competens materia ad absolutio-
528 1009 2298 1075 nem: in se ab illo recipiendum. Et reducitur casus iste ad secundum praedictum. Si vero confitens fa
532 1062 2296 1124 ctus sit subditus confessori: aut ergo est aliquid circa ipsum impediens ne absoluatur: aut non. Si sic:
523 1116 2304 1171 hoc non est nisi quia diminute confessus est: reseruans ex industria aliquod peccatum mortale quod in
537 1173 2292 1236 ipso posuit obiicem ne posset absolui ab aliquo: secundum quod infra videbitur in quadam quaestione. Et
532 1223 2291 1288 reducitur casus iste ad tertium praedictum, vel est principaliter ille. Si vero non sit circa confiten
529 1282 2286 1339 tem impedimentum quin per praeuiam confessionem absoluatur perfecte: aut id propter quod iterato com-
524 1331 2294 1397 fitendum est, contingit ex aliqua obligatione circa ipsum confitentem, vel ex defectu satisfactionis.
529 1382 2301 1453 Si secundo modo: aut ergo est ex parte satisfactionis non iniunctae: aut iniunctae: sed per necessarium
532 1438 2295 1492 aut legitimum impedimentum, aut per negligentiam, aut incuriam, aut contemptum oblitae. Si pri-
525 1483 2301 1558 mo modo, sic est quartus modus: qui reducitur ad illum quem glossa dicit secundum: & appellat eum
523 1544 2297 1611 pro contemptu satisfactionis: & est secundus ex parte confitentis. Et in isto casu confesso in articulo
528 1600 2303 1675 mortis poenitentia non est iniuncta: quia nec iniungi debet sed indicari tantum. Confessio autem in sa-
533 1653 2301 1722 na vita non est aliquando iniuncta propter aliquod impedimentum completa confessione superue
531 1711 2299 1762 niens aut confitenti aut confessori. Sed de primo istorum casuum sunt duae opiniones: an scilicet con
533 1762 2294 1823 fessa iterum sunt confitenda alteri, an non. Sed de secundo nulla est dubitatio quin confessa iterum sunt
537 1813 2300 1882 confitenda alteri vel eidem: nisi ille peccatorum quae sibi confessa sunt recordetur. aliter enim nesci
541 1866 2305 1932 ret poenitentiam competentem illi iniungere. Et sic est quasi idem casus quem dicta glossa appellat
539 1932 2291 1990 pro contemptu satisfactionis: qui melius appellaretur ex defectu satisfactionis: quia in illo cui poe-
535 1970 2294 2032 nitentia iniuncta non fuit: non est satisfactionis contemptus: neque in quibusuis aliis: & iterum confi-
533 2027 2305 2085 tendum est eodem modo & eadem ratione qua in casu iam tacto. Si vero iterato confitendum est iam
542 2085 2296 2151 confessa propter obligationem circa ipsum confitentis: sic est quintus casus alius a praedictis qua
535 2135 2298 2199 tuor, continens tria membra. Quia talis obligatio aut est facta circa ipsum confitentem a praela-
534 2192 2299 2248 to superiori per statutum vel praeceptum ad alicui determinate confitendum: vt ab ipso confitente
528 2244 2289 2299 circa seipsum: & ex voto proprio ad eadem peccata pluries confitendum. Et hoc dupliciter: quia aut
533 2297 2299 2372 huiusmodi obligatio praecedit primam confessionem: puta si aliquis voluntarie deo voueat quod ali
544 2350 2290 2416 qua peccata commissa ab ipso pluries confitebitur, talis cum primo confitetur illa, & ab eis rite
538 2407 2297 2473 absoluitur: nihilominus manet obligatus ad eadem iterum confitendum. Aut huiusmodi obliga-
531 2453 2299 2509 tio sequitur primam confessionem: puta si aliquis ex deuotione postquam semel integraliter est con-
532 2509 2295 2577 fessus aliqua peccata, & ab eis rite absolutus, voueat deo quod ad honorem suum eadem iterum confi-
535 2566 2290 2627 tebitur: vel si hoc videns expedire confessor: ipsi poenitenti loco poenitentiae iniungat vt eadem pec
534 2623 2295 2687 cata iterum confiteatur: & ipse confitens voluntarie hoc accipiat: constat quod talis non obstante quod
534 2674 2293 2726 est vere poenitens & confessus & rite absolutus, nihilominus tenetur iam confessa iterum confite-
532 2726 2285 2797 ri. Propter primum autem membrum proposita est principaliter ista quaestio: puta si episcopus meus
538 2778 2295 2842 dicat mihi, Henrice propter deuotionem quam populus meae dicecesis habet erga te, & fructum quem
532 2835 2291 2901 potest acquirere confitendo tibi. concedimus tibi plenam auctoritate nostra potestatem confessio-
537 2889 2296 2946 nem ipsius audiendi, absoluendi confitentes, atque iniungendi eis poenitentias salutares. Volumus
535 2943 2294 3000 tamen quod hi qui tibi confitebuntur suis parrochialibus presbyteris confiteri saltem semel in anno
532 2997 2287 3076 eadem peccata quaecunque tibi confessi fuerint, tenebuntur: quodque tu eos ad hoc diligenter & efficaci-
536 3049 2289 3119 ter exhorteris. In quo casu dico quod confitens in mihi confitendo, postquam illa obligatio ei innotuerit,
537 3101 2291 3170 debet habere propositum iterum confitendi eadem peccata suo sacerdoti. quia si non haberet hu-
535 3154 2292 3240 iusmodi propositum sed potius contrarium eius: ipse sibi poneret obiicem inobedientiae in vo-
