<?xml version="1.0" encoding="UTF-8" standalone="yes"?>
<PcGts xmlns="http://schema.primaresearch.org/PAGE/gts/pagecontent/2013-07-15" xmlns:xsi="http://www.w3.org/2001/XMLSchema-instance" xsi:schemaLocation="http://schema.primaresearch.org/PAGE/gts/pagecontent/2013-07-15 http://schema.primaresearch.org/PAGE/gts/pagecontent/2013-07-15/pagecontent.xsd">
    <Metadata>
        <Creator>prov=University of Rostock/Institute of Mathematics/CITlab|PLANET AI GmbH/Gundram Leifert/gundram.leifert@planet-ai.de:name=Badius1518-m5(htr_id=23184)::::v=2.6.6
prov=University of Rostock/Institute of Mathematics/CITlab|PLANET AI GmbH/Tobias Gruening/tobias.gruening@planet-ai.de:name=de.uros.citlab.module.baseline2polygon.B2PSeamMultiOriented:v=2.6.6
prov=University of Rostock/Institute of Mathematics/CITlab|PLANET AI GmbH/Tobias Gruening/tobias.gruening@planet-ai.de:name=/net_tf/LA73_249_0mod360.pb:de.uros.citlab.segmentation.CITlab_LA_ML:v=2.6.0
Transkribus</Creator>
        <Created>2019-12-09T23:47:59.375+01:00</Created>
        <LastChange>2020-04-22T19:02:53.057+02:00</LastChange>
        <TranskribusMetadata docId="291873" pageId="11635238" pageNr="608" tsid="28160109" status="IN_PROGRESS" userId="25065" imgUrl="https://files.transkribus.eu/Get?id=XNBJDNJIFMPHPTAYNEOPZWRK&amp;fileType=view" xmlUrl="https://files.transkribus.eu/Get?id=IAGNWQHYYRNSUQRWTHISFYXU" imageId="8014277"/>
    </Metadata>
    <Page imageFilename="607.jpg" imageWidth="2532" imageHeight="3694">
        <ReadingOrder>
            <OrderedGroup id="ro_1587600665285" caption="Regions reading order">
                <RegionRefIndexed index="0" regionRef="TextRegion_1583619694645_60"/>
            </OrderedGroup>
        </ReadingOrder>
        <TextRegion orientation="0.0" id="TextRegion_1583619694645_60" custom="readingOrder {index:0;}">
            <Coords points="577,218 2358,218 2358,3131 577,3131"/>
            <TextLine id="r2l2" custom="readingOrder {index:0;}">
                <Coords points="568,281 2353,282 2353,209 568,221"/>
                <Baseline points="579,266 667,265 755,263 843,262 931,262 1019,262 1107,261 1196,261 1284,262 1372,262 1460,262 1548,263 1636,263 1724,263 1813,263 1901,264 1989,263 2077,263 2165,263 2253,262 2342,260"/>
                <TextEquiv>
                    <Unicode>res: vt si sacerdos non est contentus illa confessione, iterum audiat. Et infra subdit: quod licet aliquando </Unicode>
                </TextEquiv>
            </TextLine>
            <TextLine id="r2l3" custom="readingOrder {index:1;}">
                <Coords points="569,335 2214,339 2351,325 2351,268 569,282"/>
                <Baseline points="579,320 667,319 755,318 843,318 931,317 1019,317 1107,317 1195,317 1283,318 1371,318 1459,318 1547,318 1635,318 1723,318 1811,318 1899,318 1987,317 2075,316 2163,315 2251,314 2340,312"/>
                <TextEquiv>
                    <Unicode>teneatur iterum confiteri: non tamen frustra aliis confiteretur, perutile enim est pluribus sacerdo-</Unicode>
                </TextEquiv>
            </TextLine>
            <TextLine id="r2l4" custom="readingOrder {index:2;}">
                <Coords points="576,393 2261,392 2349,376 2349,323 575,340"/>
                <Baseline points="586,374 673,373 761,372 848,372 936,372 1023,371 1111,371 1198,371 1286,371 1373,371 1461,371 1549,371 1636,371 1724,371 1811,371 1899,371 1986,371 2074,370 2161,370 2249,369 2337,369"/>
                <TextEquiv>
                    <Unicode>tibus integre confiteri. Quia autem hoc posset fieri, arguo sic: quaerendo an Papa in priuilegio fratrum lo</Unicode>
                </TextEquiv>
            </TextLine>
            <TextLine id="r2l5" custom="readingOrder {index:3;}">
                <Coords points="573,455 2322,444 2355,373 573,396"/>
                <Baseline points="583,425 671,425 759,424 847,424 935,423 1023,423 1111,423 1199,423 1287,424 1375,424 1464,424 1552,424 1640,424 1728,424 1816,424 1904,424 1992,424 2080,424 2168,423 2256,423 2345,422"/>
                <TextEquiv>
                    <Unicode>co illius prout generale concilium statuit, potuit sic scripsisse atque statuisse: Volumus autem vt ii</Unicode>
                </TextEquiv>
            </TextLine>
            <TextLine id="r2l6" custom="readingOrder {index:4;}">
                <Coords points="567,501 2354,495 2354,442 567,454"/>
                <Baseline points="577,481 665,480 753,480 841,479 930,479 1018,479 1106,479 1195,479 1283,479 1371,479 1460,479 1548,479 1636,479 1724,479 1813,479 1901,478 1989,478 2078,477 2166,477 2254,476 2343,475"/>
                <TextEquiv>
                    <Unicode>qui fratribus confitebuntur, eisdem suis parrochialibus presbyteris confiteri saltem semel in anno</Unicode>
                </TextEquiv>
            </TextLine>
            <TextLine id="r2l7" custom="readingOrder {index:5;}">
                <Coords points="576,559 2354,541 2289,485 576,501"/>
                <Baseline points="586,534 673,533 761,533 849,532 937,532 1025,532 1113,532 1200,532 1288,532 1376,532 1464,532 1552,532 1640,532 1728,532 1815,532 1903,532 1991,532 2079,531 2167,530 2255,530 2343,529"/>
                <TextEquiv>
                    <Unicode>peccata eis confessa eadem numero: ac etiam non confessa fratribus: nihilominus tenebuntur: Quin Pa-</Unicode>
                </TextEquiv>
            </TextLine>
            <TextLine id="r2l8" custom="readingOrder {index:6;}">
                <Coords points="573,612 2161,607 2349,591 2349,536 573,559"/>
                <Baseline points="584,588 671,587 759,586 847,585 934,585 1022,584 1110,584 1197,584 1285,584 1373,585 1461,585 1548,585 1636,585 1724,586 1811,586 1899,586 1987,585 2074,585 2162,584 2250,584 2338,583"/>
                <TextEquiv>
                    <Unicode>pa sic statuere possit: nemo recte intelligens negare potest: quia sic statuens non nisi antiquum sta-</Unicode>
                </TextEquiv>
            </TextLine>
            <TextLine id="r2l9" custom="readingOrder {index:7;}">
                <Coords points="567,652 2309,659 2349,599 567,614"/>
                <Baseline points="578,643 670,642 763,641 855,640 948,640 1040,640 1133,640 1226,640 1318,640 1411,640 1503,640 1596,641 1688,641 1781,641 1874,641 1966,641 2059,640 2151,639 2244,638 2337,637"/>
                <TextEquiv>
                    <Unicode>tutum conseruat tanquam necessarium. &amp; concedo cum hoc quod est voluntarium. Quare cum sic Papa</Unicode>
                </TextEquiv>
            </TextLine>
            <TextLine id="r2l10" custom="readingOrder {index:8;}">
                <Coords points="574,720 2301,713 2356,644 574,660"/>
                <Baseline points="584,696 672,695 760,694 848,694 936,693 1024,693 1112,693 1200,693 1288,693 1376,693 1465,693 1553,693 1641,694 1729,694 1817,693 1905,693 1993,693 2081,692 2169,692 2257,691 2346,690"/>
                <TextEquiv>
                    <Unicode>potest statuere: &amp; sic facto statuto patet quod confessus fratri iterum iterando sacramentum poeniten</Unicode>
                </TextEquiv>
            </TextLine>
            <TextLine id="r2l11" custom="readingOrder {index:9;}">
                <Coords points="570,766 2264,763 2354,754 2354,703 570,718"/>
                <Baseline points="580,750 668,749 756,748 844,747 932,746 1020,746 1108,746 1197,745 1285,745 1373,745 1461,745 1549,745 1637,745 1725,746 1814,746 1902,746 1990,745 2078,745 2166,745 2254,744 2343,744"/>
                <TextEquiv>
                    <Unicode>tiae debet eadem suo proprio sacerdoti confiteri: nec differret si sic statuisset ab eo quod modo statuit ni</Unicode>
                </TextEquiv>
            </TextLine>
            <TextLine id="r2l12" custom="readingOrder {index:10;}">
                <Coords points="571,833 2217,823 2360,811 2360,754 571,771"/>
                <Baseline points="583,803 671,802 759,801 847,801 936,801 1024,800 1112,800 1201,800 1289,800 1377,801 1466,801 1554,801 1642,801 1730,801 1819,801 1907,801 1995,801 2084,800 2172,799 2260,799 2349,798"/>
                <TextEquiv>
                    <Unicode>si sicut explicitum &amp; implicitum: manifestum est quod rationabiliter potest sic intelligi priuilegium &amp;</Unicode>
                </TextEquiv>
            </TextLine>
            <TextLine id="r2l13" custom="readingOrder {index:11;}">
                <Coords points="582,869 2298,876 2360,812 582,827"/>
                <Baseline points="593,859 680,857 768,856 856,855 944,854 1032,854 1120,854 1207,854 1295,854 1383,854 1471,854 1559,855 1647,855 1735,855 1822,855 1910,855 1998,855 2086,855 2174,855 2262,854 2350,853"/>
                <TextEquiv>
                    <Unicode>exponi: quia rationabiliter potest per expositionem explicari quod implicitum est. AD tertium: quod si</Unicode>
                </TextEquiv>
            </TextLine>
            <TextLine id="r2l14" custom="readingOrder {index:12;}">
                <Coords points="581,928 2257,932 2358,917 2358,866 581,868"/>
                <Baseline points="592,911 679,910 767,909 855,908 943,907 1031,907 1118,907 1206,907 1294,907 1382,907 1470,907 1557,907 1645,907 1733,907 1821,908 1909,908 1996,907 2084,907 2172,907 2260,906 2348,905"/>
                <TextEquiv>
                    <Unicode>fratribus confessa iterato essent confitenda: tunc nulla potestas esset eis collata: &amp; esset priuilegium</Unicode>
                </TextEquiv>
            </TextLine>
            <TextLine id="r2l15" custom="readingOrder {index:13;}">
                <Coords points="575,984 2260,981 2353,974 2353,921 575,939"/>
                <Baseline points="587,964 674,963 762,962 850,962 938,961 1026,961 1113,961 1201,961 1289,961 1377,961 1465,961 1552,961 1640,961 1728,961 1816,962 1904,962 1991,962 2079,962 2167,961 2255,961 2343,960"/>
                <TextEquiv>
                    <Unicode>delusorium: Dicendum quod falsum est. Ad cuius intellectum sciendum: quod fratres de iure conmuni licet</Unicode>
                </TextEquiv>
            </TextLine>
            <TextLine id="r2l16" custom="readingOrder {index:14;}">
                <Coords points="579,1039 2355,1033 2355,969 579,982"/>
                <Baseline points="590,1017 677,1016 765,1016 853,1015 940,1015 1028,1015 1116,1015 1203,1015 1291,1015 1379,1015 1467,1015 1554,1015 1642,1015 1730,1015 1817,1015 1905,1016 1993,1016 2080,1016 2168,1016 2256,1016 2344,1015"/>
                <TextEquiv>
                    <Unicode>sint sacerdotes, claues tamen habent ligatas, nec vllam executionem earum etiam inter se inuicem absol</Unicode>
                </TextEquiv>
            </TextLine>
            <TextLine id="r2l17" custom="readingOrder {index:15;}">
                <Coords points="579,1079 2209,1093 2346,1079 2346,1033 579,1039"/>
                <Baseline points="591,1071 678,1070 765,1069 852,1069 939,1068 1027,1068 1114,1068 1201,1068 1288,1068 1375,1068 1463,1068 1550,1069 1637,1069 1724,1069 1811,1069 1899,1069 1986,1070 2073,1069 2160,1069 2247,1069 2335,1069"/>
                <TextEquiv>
                    <Unicode>uendo: immo confiteri deberent sacerdoti in cuius parrochia commorantur: nisi super hoc priuile-</Unicode>
                </TextEquiv>
            </TextLine>
            <TextLine id="r2l18" custom="readingOrder {index:16;}">
                <Coords points="585,1149 2318,1144 2358,1079 585,1083"/>
                <Baseline points="595,1126 682,1125 770,1124 857,1123 945,1123 1032,1122 1120,1122 1207,1122 1295,1122 1382,1122 1470,1122 1558,1122 1645,1122 1733,1122 1820,1123 1908,1123 1995,1123 2083,1123 2170,1123 2258,1122 2346,1122"/>
                <TextEquiv>
                    <Unicode>giati essent: &amp; membra abstracta de corpore parrochialis ecclesiae. Nec ex hoc quod ab initio habuerunt</Unicode>
                </TextEquiv>
            </TextLine>
            <TextLine id="r2l19" custom="readingOrder {index:17;}">
                <Coords points="579,1201 2357,1197 2357,1138 579,1148"/>
                <Baseline points="589,1178 676,1177 764,1176 852,1176 940,1176 1028,1176 1116,1175 1203,1175 1291,1175 1379,1176 1467,1176 1555,1176 1643,1176 1731,1176 1818,1176 1906,1176 1994,1177 2082,1177 2170,1177 2258,1177 2346,1177"/>
                <TextEquiv>
                    <Unicode>priuilegium quod mutuo possent sese absoluere, poterunt absoluere plebem sacerdotum parrochialium</Unicode>
                </TextEquiv>
            </TextLine>
            <TextLine id="r2l20" custom="readingOrder {index:18;}">
                <Coords points="579,1254 2173,1254 2348,1241 2348,1190 579,1201"/>
                <Baseline points="591,1232 678,1231 765,1230 852,1230 940,1230 1027,1229 1114,1229 1202,1229 1289,1229 1376,1230 1464,1230 1551,1230 1638,1230 1725,1231 1813,1231 1900,1231 1987,1231 2075,1231 2162,1230 2249,1230 2337,1229"/>
                <TextEquiv>
                    <Unicode>dicente domino Innocentio. iiii. in decretali super hoc missa domino episcopo Atrebatensi pro Dua-</Unicode>
                </TextEquiv>
            </TextLine>
            <TextLine id="r2l21" custom="readingOrder {index:19;}">
                <Coords points="583,1298 2204,1308 2356,1293 2356,1240 583,1259"/>
                <Baseline points="595,1286 682,1285 770,1284 857,1283 945,1282 1032,1282 1120,1282 1207,1282 1295,1283 1382,1283 1470,1283 1557,1284 1645,1284 1732,1285 1820,1285 1907,1285 1995,1285 2082,1285 2170,1284 2257,1283 2345,1282"/>
                <TextEquiv>
                    <Unicode>censibus contra fratres: in qua quo ad hoc declarat ius commune dicens sic. Quia cum non sint alias</Unicode>
                </TextEquiv>
            </TextLine>
            <TextLine id="r2l22" custom="readingOrder {index:20;}">
                <Coords points="579,1354 2357,1352 2357,1301 2253,1290 579,1298"/>
                <Baseline points="589,1339 676,1338 764,1338 852,1337 940,1336 1028,1336 1115,1336 1203,1336 1291,1336 1379,1336 1467,1337 1554,1337 1642,1337 1730,1337 1818,1338 1906,1338 1993,1338 2081,1338 2169,1338 2257,1337 2345,1337"/>
                <TextEquiv>
                    <Unicode>iudices parrochianorum alienorum, non possent ipsos absoluere nisi petita prius &amp; obtenta licentia</Unicode>
                </TextEquiv>
            </TextLine>
            <TextLine id="r2l23" custom="readingOrder {index:21;}">
                <Coords points="579,1407 2306,1414 2365,1410 2365,1350 579,1354"/>
                <Baseline points="589,1394 677,1392 765,1392 853,1391 942,1390 1030,1390 1118,1390 1206,1390 1295,1390 1383,1391 1471,1391 1559,1391 1648,1392 1736,1392 1824,1392 1912,1393 2001,1393 2089,1392 2177,1392 2265,1391 2354,1390"/>
                <TextEquiv>
                    <Unicode>a sacerdote proprio: iuxta concilium statuti generalis. Postmodum autem concessum fuit eis priuilegium</Unicode>
                </TextEquiv>
            </TextLine>
            <TextLine id="r2l24" custom="readingOrder {index:22;}">
                <Coords points="573,1473 2360,1468 2360,1408 573,1411"/>
                <Baseline points="585,1448 673,1447 761,1446 849,1445 937,1445 1026,1445 1114,1445 1202,1445 1290,1445 1378,1445 1467,1445 1555,1446 1643,1446 1731,1446 1819,1446 1908,1446 1996,1446 2084,1446 2172,1445 2260,1445 2349,1444"/>
                <TextEquiv>
                    <Unicode>(vt credo) ab Alexandro Papa: quod aliorum parrochianos possent recipere ad poenitentiam sine licentia</Unicode>
                </TextEquiv>
            </TextLine>
            <TextLine id="r2l25" custom="readingOrder {index:23;}">
                <Coords points="578,1517 2358,1521 2358,1466 578,1471"/>
                <Baseline points="589,1499 676,1498 764,1497 852,1497 940,1497 1028,1496 1116,1497 1204,1497 1292,1497 1380,1497 1468,1498 1555,1498 1643,1499 1731,1499 1819,1499 1907,1499 1995,1499 2083,1499 2171,1498 2259,1498 2347,1497"/>
                <TextEquiv>
                    <Unicode>proprii sacerdotis. secundum tamen quod declarauit Clemens Papa, si licentia obtenta fuerit Romani potestificis: aut</Unicode>
                </TextEquiv>
            </TextLine>
            <TextLine id="r2l26" custom="readingOrder {index:24;}">
                <Coords points="574,1564 2325,1576 2363,1518 574,1519"/>
                <Baseline points="585,1553 673,1552 761,1552 850,1552 938,1552 1027,1552 1115,1552 1203,1552 1292,1552 1380,1552 1469,1553 1557,1553 1645,1553 1734,1553 1822,1553 1911,1553 1999,1553 2087,1553 2176,1553 2264,1552 2353,1552"/>
                <TextEquiv>
                    <Unicode>legatorum eius: seu ordinariorum locorum. i. episcoporum, qua obtenta possent populis illis subiectis</Unicode>
                </TextEquiv>
            </TextLine>
            <TextLine id="r2l27" custom="readingOrder {index:25;}">
                <Coords points="577,1626 2229,1628 2364,1620 2364,1558 577,1564"/>
                <Baseline points="587,1606 675,1606 763,1606 851,1606 940,1606 1028,1606 1116,1606 1205,1606 1293,1606 1381,1606 1470,1607 1558,1607 1646,1607 1734,1607 1823,1607 1911,1607 1999,1608 2088,1608 2176,1608 2264,1608 2353,1608"/>
                <TextEquiv>
                    <Unicode>libere praedicare: confessiones audire: absoluere, &amp; poenitentias salutares iniungere: aliorum inferiorum </Unicode>
                </TextEquiv>
            </TextLine>
            <TextLine id="r2l28" custom="readingOrder {index:26;}">
                <Coords points="580,1683 2309,1681 2362,1621 580,1626"/>
                <Baseline points="591,1660 679,1660 767,1660 855,1660 943,1660 1031,1660 1119,1660 1207,1660 1295,1660 1383,1660 1471,1660 1559,1660 1647,1660 1735,1660 1823,1661 1911,1661 1999,1661 2087,1661 2175,1661 2263,1662 2352,1662"/>
                <TextEquiv>
                    <Unicode>praelatorum &amp; ecclesiarum rectorum ac sacerdotum parrochialium consensu minime requisito: illis ca</Unicode>
                </TextEquiv>
            </TextLine>
            <TextLine id="r2l29" custom="readingOrder {index:27;}">
                <Coords points="579,1732 2301,1735 2361,1731 2361,1673 579,1686"/>
                <Baseline points="591,1713 678,1713 766,1713 854,1713 942,1713 1030,1713 1118,1713 1206,1713 1294,1713 1382,1713 1470,1713 1557,1714 1645,1714 1733,1714 1821,1714 1909,1714 1997,1714 2085,1715 2173,1715 2261,1716 2349,1716"/>
                <TextEquiv>
                    <Unicode>sibus exceptis, qui de iure siue de consuetudine seu retentione ab eis specialiter facta, legatis sedis, &amp; ordi</Unicode>
                </TextEquiv>
            </TextLine>
            <TextLine id="r2l30" custom="readingOrder {index:28;}">
                <Coords points="569,1781 2356,1782 2325,1725 569,1730"/>
                <Baseline points="580,1768 668,1768 756,1768 844,1768 933,1768 1021,1768 1109,1768 1197,1768 1286,1768 1374,1768 1462,1768 1550,1768 1639,1768 1727,1768 1815,1768 1903,1769 1992,1769 2080,1769 2168,1769 2256,1770 2345,1770"/>
                <TextEquiv>
                    <Unicode>nariis praedictis relinquuntur: ad quos non licet eis manus extendere nisi ipsis specialiter conmittantur:</Unicode>
                </TextEquiv>
            </TextLine>
            <TextLine id="r2l31" custom="readingOrder {index:29;}">
                <Coords points="582,1830 2364,1838 2333,1779 582,1795"/>
                <Baseline points="592,1822 680,1821 768,1821 856,1821 944,1821 1032,1821 1120,1821 1208,1821 1296,1821 1384,1822 1473,1822 1561,1822 1649,1822 1737,1823 1825,1823 1913,1823 2001,1824 2089,1824 2177,1824 2265,1824 2354,1825"/>
                <TextEquiv>
                    <Unicode>quemadmodum vsi sunt fratres vsque nunc licentiam accipiendo in praedictis officiis exercendis ab ordinariis</Unicode>
                </TextEquiv>
            </TextLine>
            <TextLine id="r2l32" custom="readingOrder {index:30;}">
                <Coords points="580,1888 2203,1904 2364,1896 2365,1839 580,1828"/>
                <Baseline points="590,1875 678,1875 766,1874 854,1874 942,1874 1031,1874 1119,1874 1207,1875 1295,1875 1383,1875 1472,1876 1560,1876 1648,1876 1736,1877 1824,1877 1913,1878 2001,1878 2089,1878 2177,1879 2265,1879 2354,1879"/>
                <TextEquiv>
                    <Unicode>locorum. Per quid derogatum est iuri sacerdotum parrochialium in duobus. In vne scilicet quod fine eorum li</Unicode>
                </TextEquiv>
            </TextLine>
            <TextLine id="r2l33" custom="readingOrder {index:31;}">
                <Coords points="581,1945 2149,1954 2352,1945 2352,1896 581,1898"/>
                <Baseline points="592,1930 679,1929 767,1929 854,1929 942,1929 1029,1929 1117,1929 1204,1929 1292,1929 1379,1930 1467,1930 1554,1930 1642,1931 1729,1931 1817,1931 1904,1931 1992,1931 2079,1931 2167,1931 2254,1931 2342,1930"/>
                <TextEquiv>
                    <Unicode>centia fratres in eorum parrochia praedicta officia exercebant. Aliud, quod confessi fratribus non te-</Unicode>
                </TextEquiv>
            </TextLine>
            <TextLine id="r2l34" custom="readingOrder {index:32;}">
                <Coords points="587,2000 2287,2006 2358,1999 2358,1944 587,1947"/>
                <Baseline points="598,1981 685,1982 772,1982 860,1983 947,1983 1035,1984 1122,1984 1209,1984 1297,1984 1384,1985 1472,1985 1559,1985 1646,1985 1734,1985 1821,1985 1909,1985 1996,1985 2083,1985 2171,1985 2258,1985 2346,1985"/>
                <TextEquiv>
                    <Unicode>nebantur ad proprios sacerdos reuerti eadem illis confitendo, prout ab aliquibus dicebatur. Demum au</Unicode>
                </TextEquiv>
            </TextLine>
            <TextLine id="r2l35" custom="readingOrder {index:33;}">
                <Coords points="589,2050 2283,2061 2363,2050 2363,1997 589,1999"/>
                <Baseline points="600,2034 687,2034 775,2035 862,2035 950,2036 1038,2037 1125,2037 1213,2038 1300,2038 1388,2039 1476,2039 1563,2040 1651,2040 1738,2040 1826,2040 1914,2041 2001,2041 2089,2040 2176,2040 2264,2040 2352,2039"/>
                <TextEquiv>
                    <Unicode>tem dominus Martinus Papa priuilegio suo potestatem fratrum in multo ampliauit: quia cum pri-</Unicode>
                </TextEquiv>
            </TextLine>
            <TextLine id="r2l36" custom="readingOrder {index:34;}">
                <Coords points="586,2103 2364,2108 2348,2051 586,2052"/>
                <Baseline points="596,2089 683,2089 771,2089 859,2090 947,2090 1035,2090 1122,2091 1210,2091 1298,2092 1386,2092 1474,2093 1561,2093 1649,2093 1737,2094 1825,2094 1913,2094 2000,2094 2088,2094 2176,2094 2264,2093 2352,2093"/>
                <TextEquiv>
                    <Unicode>us oporteret fratres licentiam exercendi dicta officia petere &amp; obtinere ab episcopis &amp; sacerdotibus: </Unicode>
                </TextEquiv>
            </TextLine>
            <TextLine id="r2l37" custom="readingOrder {index:35;}">
                <Coords points="581,2171 2361,2166 2326,2106 581,2102"/>
                <Baseline points="592,2143 679,2143 767,2144 855,2144 943,2145 1031,2145 1119,2145 1207,2146 1295,2146 1383,2146 1471,2146 1558,2147 1646,2147 1734,2147 1822,2147 1910,2147 1998,2147 2086,2147 2174,2147 2262,2147 2350,2146"/>
                <TextEquiv>
                    <Unicode>nunc dominus Martinus concessit eis vt sua auctoritate illa libere exercerent vbique: nemine eos impe-</Unicode>
                </TextEquiv>
            </TextLine>
            <TextLine id="r2l38" custom="readingOrder {index:36;}">
                <Coords points="589,2211 2364,2227 2364,2167 2207,2156 589,2164"/>
                <Baseline points="600,2197 687,2197 775,2198 863,2198 950,2198 1038,2199 1126,2199 1213,2199 1301,2200 1389,2200 1477,2200 1564,2200 1652,2201 1740,2201 1827,2201 1915,2201 2003,2201 2090,2201 2178,2202 2266,2202 2354,2202"/>
                <TextEquiv>
                    <Unicode>diente: vt non sit eis necesse super hoc requirere sacerdotes: neque etiam episcopos, nisi in casibus ma</Unicode>
                </TextEquiv>
            </TextLine>
            <TextLine id="r2l39" custom="readingOrder {index:37;}">
                <Coords points="581,2271 2353,2274 2353,2214 2282,2209 582,2207"/>
                <Baseline points="592,2249 679,2250 767,2251 854,2252 942,2253 1029,2253 1117,2253 1204,2254 1292,2254 1379,2254 1467,2254 1554,2254 1642,2254 1729,2254 1817,2255 1904,2255 1992,2256 2079,2256 2167,2257 2254,2258 2342,2259"/>
                <TextEquiv>
                    <Unicode>ioribus praelatis modo praedicto reseruatis. Reseruatur autem ius sacerdotibus parrochialibus in hoc, quod </Unicode>
                </TextEquiv>
            </TextLine>
            <TextLine id="r2l40" custom="readingOrder {index:38;}">
                <Coords points="582,2332 2353,2320 2353,2273 2174,2262 582,2270"/>
                <Baseline points="592,2304 679,2305 767,2305 854,2306 942,2306 1029,2306 1117,2307 1204,2307 1292,2307 1379,2308 1467,2308 1554,2308 1642,2309 1729,2309 1817,2309 1904,2309 1992,2309 2079,2309 2167,2309 2254,2309 2342,2309"/>
                <TextEquiv>
                    <Unicode>parrochiani eorum confessi fratribus auctoritate noui priuilegii tenentur ad eos reuerti omnia pec</Unicode>
                </TextEquiv>
            </TextLine>
            <TextLine id="r2l41" custom="readingOrder {index:39;}">
                <Coords points="586,2377 2339,2382 2357,2318 586,2330"/>
                <Baseline points="596,2356 683,2357 771,2358 858,2359 946,2359 1033,2360 1121,2360 1208,2361 1296,2361 1383,2361 1471,2362 1558,2362 1646,2362 1733,2362 1821,2362 1908,2362 1996,2362 2083,2362 2171,2362 2258,2362 2346,2362"/>
                <TextEquiv>
                    <Unicode>cata sua confitendo: quid prius eis erat subtractum. In quo dominus Martinus a multis creditur val</Unicode>
                </TextEquiv>
            </TextLine>
            <TextLine id="r2l42" custom="readingOrder {index:40;}">
                <Coords points="589,2428 2364,2436 2365,2374 589,2377"/>
                <Baseline points="600,2409 687,2410 775,2411 863,2412 950,2413 1038,2414 1126,2415 1213,2415 1301,2416 1389,2416 1477,2416 1564,2417 1652,2417 1740,2417 1827,2417 1915,2417 2003,2417 2090,2417 2178,2417 2266,2418 2354,2418"/>
                <TextEquiv>
                    <Unicode>de consulte egisse: fratribus scilicet faciendo gratiam, &amp; aliis, episcopis scilicet qui tenent loca apostolorum, &amp; sacer</Unicode>
                </TextEquiv>
            </TextLine>
            <TextLine id="r2l43" custom="readingOrder {index:41;}">
                <Coords points="579,2468 2363,2479 2363,2428 579,2426"/>
                <Baseline points="589,2462 677,2464 765,2465 853,2466 941,2467 1029,2468 1117,2468 1206,2469 1294,2469 1382,2470 1470,2470 1558,2471 1646,2471 1734,2471 1823,2471 1911,2471 1999,2471 2087,2472 2175,2472 2263,2472 2352,2472"/>
                <TextEquiv>
                    <Unicode>dotibus qui tenent loca discipulorum secundum. glos. Lu. x. &amp;. xxi. dist. decre. S. i. &amp;. lxviii. dist. c. Episcopi. iura</Unicode>
                </TextEquiv>
            </TextLine>
            <TextLine id="r2l44" custom="readingOrder {index:42;}">
                <Coords points="581,2532 2361,2543 2361,2481 2297,2478 581,2470"/>
                <Baseline points="592,2518 679,2518 767,2519 855,2519 943,2520 1031,2521 1119,2521 1207,2521 1295,2522 1383,2522 1471,2523 1558,2523 1646,2523 1734,2524 1822,2524 1910,2524 1998,2525 2086,2525 2174,2525 2262,2526 2350,2526"/>
                <TextEquiv>
                    <Unicode>sua conseruando. &amp; hoc ne ordo ecclesiasticus confunderetur: attendendo illud. xi. q. i. Peruenit. Si vnicui</Unicode>
                </TextEquiv>
            </TextLine>
            <TextLine id="r2l45" custom="readingOrder {index:43;}">
                <Coords points="584,2598 2335,2593 2366,2542 584,2545"/>
                <Baseline points="594,2573 682,2573 770,2574 858,2574 946,2575 1034,2575 1122,2575 1210,2576 1298,2576 1386,2577 1474,2577 1562,2577 1650,2577 1738,2578 1826,2578 1914,2578 2002,2578 2090,2578 2178,2579 2266,2579 2354,2579"/>
                <TextEquiv>
                    <Unicode>qued sua iurisdictio non obseruetur: quid aliud agitur nisi vt per nos per quos ecclesiasticus ordo custo-</Unicode>
                </TextEquiv>
            </TextLine>
            <TextLine id="r2l46" custom="readingOrder {index:44;}">
                <Coords points="586,2636 2362,2645 2349,2585 587,2597"/>
                <Baseline points="598,2624 685,2625 773,2626 861,2627 948,2628 1036,2629 1124,2629 1211,2630 1299,2630 1387,2630 1475,2631 1562,2631 1650,2631 1738,2632 1825,2632 1913,2632 2001,2633 2088,2633 2176,2633 2264,2633 2352,2634"/>
                <TextEquiv>
                    <Unicode>diri debuit confundatur: de quo. xxv. quod ii. De ecclesiasticis. &amp; capitulis sequentibus. De quo etiam dicit</Unicode>
                </TextEquiv>
            </TextLine>
            <TextLine id="r2l47" custom="readingOrder {index:45;}">
                <Coords points="582,2694 2360,2702 2360,2645 2301,2642 582,2636"/>
                <Baseline points="593,2680 680,2680 768,2681 856,2681 944,2681 1032,2682 1120,2682 1207,2682 1295,2683 1383,2683 1471,2684 1559,2684 1647,2684 1735,2685 1822,2685 1910,2686 1998,2686 2086,2687 2174,2687 2262,2688 2350,2688"/>
                <TextEquiv>
                    <Unicode>Ber. iii. ad Eugenium. Tu ne denique tibi licitum censeas suis ecclesias mutilare membris: confundere or</Unicode>
                </TextEquiv>
            </TextLine>
            <TextLine id="r2l48" custom="readingOrder {index:46;}">
                <Coords points="584,2749 2356,2755 2325,2697 585,2694"/>
                <Baseline points="596,2733 683,2734 770,2734 858,2735 945,2735 1033,2735 1120,2736 1207,2736 1295,2736 1382,2737 1470,2737 1557,2737 1644,2738 1732,2738 1819,2739 1907,2739 1994,2740 2081,2740 2169,2741 2256,2741 2344,2742"/>
                <TextEquiv>
                    <Unicode>dinem: perturbare terminos quos posuerunt patres tui: Si iustitiae est ius cuique seruare suum, aufer</Unicode>
                </TextEquiv>
            </TextLine>
            <TextLine id="r2l49" custom="readingOrder {index:47;}">
                <Coords points="584,2809 2369,2814 2369,2763 2232,2749 585,2749"/>
                <Baseline points="596,2786 684,2787 772,2787 860,2788 948,2788 1036,2789 1124,2789 1212,2790 1300,2790 1388,2791 1477,2791 1565,2791 1653,2792 1741,2792 1829,2793 1917,2793 2005,2794 2093,2794 2181,2795 2269,2795 2358,2796"/>
                <TextEquiv>
                    <Unicode>re cuiquam sua iusto quomodo poterit conuenire: &amp; infra. Et quomodo quos deus coniunxit non sunt separan </Unicode>
                </TextEquiv>
            </TextLine>
            <TextLine id="r2l50" custom="readingOrder {index:48;}">
                <Coords points="579,2856 2364,2859 2309,2806 579,2807"/>
                <Baseline points="591,2841 679,2841 767,2841 855,2841 943,2841 1031,2842 1119,2842 1207,2842 1295,2843 1383,2843 1471,2844 1559,2844 1647,2845 1735,2846 1823,2846 1911,2847 1999,2847 2087,2848 2175,2849 2263,2849 2352,2850"/>
                <TextEquiv>
                    <Unicode>di: sic neque quos seiunxit comparandi. Monstrum facis, si manu submouens digitum facis pende-</Unicode>
                </TextEquiv>
            </TextLine>
            <TextLine id="r2l51" custom="readingOrder {index:49;}">
                <Coords points="581,2911 2357,2914 2357,2861 2176,2855 582,2856"/>
                <Baseline points="592,2894 679,2895 767,2895 855,2895 942,2896 1030,2896 1118,2897 1205,2897 1293,2897 1381,2898 1469,2898 1556,2899 1644,2899 1732,2900 1819,2900 1907,2901 1995,2901 2082,2902 2170,2903 2258,2903 2346,2904"/>
                <TextEquiv>
                    <Unicode>re de capite superiorem manu brachio collateralem. Tale est: si in corpore Christi membra aliter locas</Unicode>
                </TextEquiv>
            </TextLine>
            <TextLine id="r2l52" custom="readingOrder {index:50;}">
                <Coords points="589,2964 2351,2966 2281,2910 589,2911"/>
                <Baseline points="600,2949 687,2949 774,2949 861,2949 948,2950 1035,2950 1122,2950 1209,2951 1296,2951 1383,2952 1470,2952 1557,2953 1644,2953 1731,2954 1818,2954 1905,2955 1992,2955 2079,2956 2166,2956 2253,2956 2340,2957"/>
                <TextEquiv>
                    <Unicode>quam ipse disposuit. &amp; infra. Nec vilem reputes formam hanc quia in terris est: exemplar habet in caelo. </Unicode>
                </TextEquiv>
            </TextLine>
            <TextLine id="r2l53" custom="readingOrder {index:51;}">
                <Coords points="581,3011 2354,3020 2330,2963 581,2960"/>
                <Baseline points="592,3001 679,3001 767,3002 854,3003 942,3003 1029,3004 1117,3005 1204,3005 1292,3006 1379,3006 1467,3007 1554,3008 1642,3008 1729,3009 1817,3009 1904,3009 1992,3009 2079,3010 2167,3010 2254,3009 2342,3009"/>
                <TextEquiv>
                    <Unicode>sicut, n. illic cherubin &amp; seraphin, ac caeteri quique vsque ad archangelos &amp; angelos ordinantur sub vno capi</Unicode>
                </TextEquiv>
            </TextLine>
            <TextLine id="r2l54" custom="readingOrder {index:52;}">
                <Coords points="588,3075 2355,3072 2291,3016 588,3013"/>
                <Baseline points="599,3054 686,3055 773,3055 860,3055 947,3056 1035,3057 1122,3057 1209,3058 1296,3059 1383,3059 1471,3060 1558,3061 1645,3061 1732,3062 1819,3062 1907,3063 1994,3063 2081,3063 2168,3063 2255,3063 2343,3062"/>
                <TextEquiv>
                    <Unicode>te deo: ita hic quoque sub vno pontifice summo primates, vel Patriarchae, Archiepiscopi, &amp; Episco-</Unicode>
                </TextEquiv>
            </TextLine>
            <TextLine id="r2l55" custom="readingOrder {index:53;}">
                <Coords points="587,3132 2352,3152 2326,3072 588,3075"/>
                <Baseline points="598,3109 685,3109 772,3110 859,3110 946,3111 1033,3112 1120,3113 1207,3113 1294,3114 1381,3115 1469,3116 1556,3116 1643,3117 1730,3117 1817,3118 1904,3118 1991,3118 2078,3118 2165,3118 2252,3117 2340,3117"/>
                <TextEquiv>
                    <Unicode>pi, presbyteri, vel abbates, &amp; reliqui in hunc modum: quod si dicat Episcopus, nolo esse sub Archiepi-</Unicode>
                </TextEquiv>
            </TextLine>
            <TextEquiv>
                <Unicode>res: vt si sacerdos non est contentus illa confessione, iterum audiat. Et infra subdit: quod licet aliquando 
teneatur iterum confiteri: non tamen frustra aliis confiteretur, perutile enim est pluribus sacerdo-
tibus integre confiteri. Quia autem hoc posset fieri, arguo sic: quaerendo an Papa in priuilegio fratrum lo
co illius prout generale concilium statuit, potuit sic scripsisse atque statuisse: Volumus autem vt ii
qui fratribus confitebuntur, eisdem suis parrochialibus presbyteris confiteri saltem semel in anno
peccata eis confessa eadem numero: ac etiam non confessa fratribus: nihilominus tenebuntur: Quin Pa-
pa sic statuere possit: nemo recte intelligens negare potest: quia sic statuens non nisi antiquum sta-
tutum conseruat tanquam necessarium. &amp; concedo cum hoc quod est voluntarium. Quare cum sic Papa
potest statuere: &amp; sic facto statuto patet quod confessus fratri iterum iterando sacramentum poeniten
tiae debet eadem suo proprio sacerdoti confiteri: nec differret si sic statuisset ab eo quod modo statuit ni
si sicut explicitum &amp; implicitum: manifestum est quod rationabiliter potest sic intelligi priuilegium &amp;
exponi: quia rationabiliter potest per expositionem explicari quod implicitum est. AD tertium: quod si
fratribus confessa iterato essent confitenda: tunc nulla potestas esset eis collata: &amp; esset priuilegium
delusorium: Dicendum quod falsum est. Ad cuius intellectum sciendum: quod fratres de iure conmuni licet
sint sacerdotes, claues tamen habent ligatas, nec vllam executionem earum etiam inter se inuicem absol
uendo: immo confiteri deberent sacerdoti in cuius parrochia commorantur: nisi super hoc priuile-
giati essent: &amp; membra abstracta de corpore parrochialis ecclesiae. Nec ex hoc quod ab initio habuerunt
priuilegium quod mutuo possent sese absoluere, poterunt absoluere plebem sacerdotum parrochialium
dicente domino Innocentio. iiii. in decretali super hoc missa domino episcopo Atrebatensi pro Dua-
censibus contra fratres: in qua quo ad hoc declarat ius commune dicens sic. Quia cum non sint alias
iudices parrochianorum alienorum, non possent ipsos absoluere nisi petita prius &amp; obtenta licentia
a sacerdote proprio: iuxta concilium statuti generalis. Postmodum autem concessum fuit eis priuilegium
(vt credo) ab Alexandro Papa: quod aliorum parrochianos possent recipere ad poenitentiam sine licentia
proprii sacerdotis. secundum tamen quod declarauit Clemens Papa, si licentia obtenta fuerit Romani potestificis: aut
legatorum eius: seu ordinariorum locorum. i. episcoporum, qua obtenta possent populis illis subiectis
libere praedicare: confessiones audire: absoluere, &amp; poenitentias salutares iniungere: aliorum inferiorum 
praelatorum &amp; ecclesiarum rectorum ac sacerdotum parrochialium consensu minime requisito: illis ca
sibus exceptis, qui de iure siue de consuetudine seu retentione ab eis specialiter facta, legatis sedis, &amp; ordi
nariis praedictis relinquuntur: ad quos non licet eis manus extendere nisi ipsis specialiter conmittantur:
quemadmodum vsi sunt fratres vsque nunc licentiam accipiendo in praedictis officiis exercendis ab ordinariis
locorum. Per quid derogatum est iuri sacerdotum parrochialium in duobus. In vne scilicet quod fine eorum li
centia fratres in eorum parrochia praedicta officia exercebant. Aliud, quod confessi fratribus non te-
nebantur ad proprios sacerdos reuerti eadem illis confitendo, prout ab aliquibus dicebatur. Demum au
tem dominus Martinus Papa priuilegio suo potestatem fratrum in multo ampliauit: quia cum pri-
us oporteret fratres licentiam exercendi dicta officia petere &amp; obtinere ab episcopis &amp; sacerdotibus: 
nunc dominus Martinus concessit eis vt sua auctoritate illa libere exercerent vbique: nemine eos impe-
diente: vt non sit eis necesse super hoc requirere sacerdotes: neque etiam episcopos, nisi in casibus ma
ioribus praelatis modo praedicto reseruatis. Reseruatur autem ius sacerdotibus parrochialibus in hoc, quod 
parrochiani eorum confessi fratribus auctoritate noui priuilegii tenentur ad eos reuerti omnia pec
cata sua confitendo: quid prius eis erat subtractum. In quo dominus Martinus a multis creditur val
de consulte egisse: fratribus scilicet faciendo gratiam, &amp; aliis, episcopis scilicet qui tenent loca apostolorum, &amp; sacer
dotibus qui tenent loca discipulorum secundum. glos. Lu. x. &amp;. xxi. dist. decre. S. i. &amp;. lxviii. dist. c. Episcopi. iura
sua conseruando. &amp; hoc ne ordo ecclesiasticus confunderetur: attendendo illud. xi. q. i. Peruenit. Si vnicui
qued sua iurisdictio non obseruetur: quid aliud agitur nisi vt per nos per quos ecclesiasticus ordo custo-
diri debuit confundatur: de quo. xxv. quod ii. De ecclesiasticis. &amp; capitulis sequentibus. De quo etiam dicit
Ber. iii. ad Eugenium. Tu ne denique tibi licitum censeas suis ecclesias mutilare membris: confundere or
dinem: perturbare terminos quos posuerunt patres tui: Si iustitiae est ius cuique seruare suum, aufer
re cuiquam sua iusto quomodo poterit conuenire: &amp; infra. Et quomodo quos deus coniunxit non sunt separan 
di: sic neque quos seiunxit comparandi. Monstrum facis, si manu submouens digitum facis pende-
re de capite superiorem manu brachio collateralem. Tale est: si in corpore Christi membra aliter locas
quam ipse disposuit. &amp; infra. Nec vilem reputes formam hanc quia in terris est: exemplar habet in caelo. 
sicut, n. illic cherubin &amp; seraphin, ac caeteri quique vsque ad archangelos &amp; angelos ordinantur sub vno capi
te deo: ita hic quoque sub vno pontifice summo primates, vel Patriarchae, Archiepiscopi, &amp; Episco-
pi, presbyteri, vel abbates, &amp; reliqui in hunc modum: quod si dicat Episcopus, nolo esse sub Archiepi-</Unicode>
            </TextEquiv>
        </TextRegion>
    </Page>
</PcGts>
