2379 3656
203 236 1947 319 scopo: & abbas nolo obedire episcopo: hoc de caelo non est, nisi tu forte quempiam angelorum dicen-
199 306 1945 364 tem audisti: nolo sub archangelis esse: aut ex alio quolibet inferiorum ordinum aliquem non feren-
203 358 1938 427 tem subesse nisi deo. Et sicut secundum iam dictum modum dominus Papa consulte creditur licentiam audiem
199 413 1938 478 di confessiones fratribus per dictum priuilegium concessisse: sic & episcopi ad exemplum capitis sui
195 466 1941 537 consulte crederentur agere: si in concedenda auctoritate siue potestate audiendi confessiones, cum
199 519 1937 582 tali circunspectione & cautela hanc concederent: quod subditi non haberent occasionem subtrahendi
195 572 1930 635 se a suis curatis vt non eis singula confiterentur: sed potius inducerentur & animarentur ad hoc
197 623 1931 684 vt recurrerent ad suos sacerdotes humiliter tanquam ad suos pastores: nisi cum casus contingeret ob
189 676 1933 737 quem rationabiliter expediret quod subditus alteri quam suo sacerdoti proprio confiteretur: secundum quod
193 730 1927 788 super hoc superius aliqui casus sunt expressi. pro talibus enim casibus principaliter conceditur hu-
189 778 1938 838 iusmodi potestas non ordinariis confessoribus: & hoc in subsidium & adiutorium sacerdotum cu
185 836 1929 903 ratorum, & ad vtilitatem populi confitentis. Sic ergo patet quod fratribus multum & non modicum
183 888 1925 953 est concessum. Et quod subditur, quod non videntur fratres absoluere nisi sub conditione: Dicendum
192 942 1923 1007 quod hoc falsum est: supra enim declaratum est quod simpliciter absoluunt: licet absoluti remaneant obli-
183 993 1922 1061 gati ad iterum confitendum. AD quartum, quod per primam clausulam in priuilegio fratrum de-
178 1045 1922 1106 rogatur secundae: si eis plena potestas est concessa: & non est frustra adiecta illa secunda clausula:
181 1101 1920 1166 Dicendum quod perfecta & libera potestas absoluendi fratribus est concessa: non conditionata: nec potens im
177 1153 1923 1220 pediri a suo effectu nisi per accidens: vt iam dicetur. Nec etiam illa secunda clausula, Volumus autem
178 1206 1920 1273 &c. frustra est adiecta, sed valde consulte: quia multum proficit reipublicae & bono communi quantum
175 1260 1916 1328 ad ecclesiae praelatos & subditos. & hoc propter duo bona quae propter illam obligationem in secun-
175 1309 1917 1376 da clausula reseruatam contingunt circa praelatos curatos. Primum quia ipsi tanquam pastores per hoc
171 1367 1915 1434 quod eis subditi confiteri tenentur omnia peccata sua siue aliis confessa, siue non, diligentius & perfectius
173 1425 1911 1486 cognoscunt vultum conscientiae pecoris sui: secundum quod eis praecipitur Prouerb. xxii. Diligenter agno-
162 1471 1910 1531 sce vultum pecoris tui. Secundum est, quod per hoc in maiori reuerentia & deuotiori obedientia a sub-
162 1524 1914 1591 ditis habentur. In quo tenentur praelatis & sacerdotibus, sicut econuerso praelati subditos diligenter cu
162 1575 1908 1638 stodire tenentur: secundum illud quod dicit Apostolus Heb. vlti. Obedite praepositis vestris. ipsi enim per
163 1628 1914 1694 uigilant quasi rationem reddituri pro animabus vestris. Sed heu qualem rationem sunt pro eis reddituri: si non sunt eos
159 1687 1909 1748 cognituri. Statutum ergo illud generalis concilii. Omnis vtriusque sexus. per illam clausulam adiectam praeser-
164 1734 1906 1801 uatum, & hoc ad perpetuam omnium generaliter vtilitatem: propter priuatum conmodum non est infrin
157 1793 1905 1856 gendum: iuxta illud quod scribitur. xxv. quod i. Quae autem generaliter ad perpetuam ordinata sunt vtilita
155 1842 1901 1907 tem, nulla commutatione varientur: nec ad priuatum trahantur commodum, quae ad bonum sunt commune prae
157 1895 1896 1956 fixa: sed manentibus terminis quos instituerunt patres: nemo vsurpet alienum: sed intra fines propri-
152 1949 1900 2017 os & legitimos prout quisque voluerit se exerceat in latitudine charitatis. Licet enim statutum hoc
152 2008 1900 2071 non sit de illis quae nulla ratione possunt conuelli: sed eorum quae pro temporum necessitate possunt
158 2054 1895 2116 comparari: vt. xiiii. dist. Sicut, quid tamen in eo statutum est ad conmunem vtilitatem, non debet euelli ad pri-
156 2108 1902 2173 uatum commodum. Ad publicum enim commodum, vt videtur, non defacili posset cedere subditis concede-
154 2163 1898 2216 re ne suis curatis confiteri tenerentur. hoc enim esset oues a pastore abducere: & libertatem euagan-
151 2209 1895 2281 di dare, & confessores ad libitum posse variare: nec ad obediendum alicui astrictum fore: vt adimpleatur
152 2267 1891 2328 illud Eze. xxxii. Dispersae sunt oues meae: eo quod non esset pastor: & factae sunt in deuorationem omnium
154 2321 1885 2388 bestiarum agri. cum tamen omnes ouem lasciuientem ad pastoris obedientiam teneantur adducere: & in ips
146 2372 1881 2444 sa custodire: & hoc facto circa eas, prout quisque voluerit in latitudine charitatis se exercere: quasi spi
147 2430 1889 2492 cas colligendo & fricando quae fugierunt manus metentium: vt habitum est supra: in hoc sacerdotes ec
149 2479 1880 2530 clesiae adiuuando, & eos venerando: exemplo Christi. de quo dicit Cyprianus. dist. xciii. Dominus noster
151 2526 1884 2591 lesus Christus rex ludaeorum vsque ad passionis diem seruauit honorem pontificibus & sacerdotibus
147 2578 1875 2652 quamuis illi nec timorem dei nec honorem Christi seruassent. Nam cum leprosum mundasset. Matth. viii.
147 2636 1878 2699 dixit illi. Vade ostende te sacerdotibus. Humilitatem nos humiles docuit: vt nos humilitatis & pati-
150 2689 1879 2761 entiae habeamus exemplum. Docuit enim sacerdotes veros legitime & plene honorari, dum circa fal-
146 2737 1877 2810 sos sacerdotes ipse talis extitit. Sic veneratus est eos beatus Franciscus, quando noluit fratres su-
148 2794 1877 2859 os praedicare in dicecesi, aut parrochia alicuius ipso contradicente: vt habitum est supra: & quan-
140 2846 1877 2909 do dixit in suo testamento de eis. lpsos & omnes alios volo timere & honorare sicut meos dominos
146 2903 1877 2966 & nolo in ipsis considerare peccatum: quia filium dei discerno in ipsis. Constat autem quod etsi non sint
136 2957 1878 3015 verba ista de ipsius sancti patris regula: tamen secundum quod ipsemet dicit, dominus dedit ei ea pure dicere
140 3015 1879 3076 & scribere: vt regula melius catholice obseruetur. Quia autem assumitur in argumento: quod si plena
144 3072 1879 3147 potestas esset fratribus concessa in prima clausula: & secunda non esset frustra adiecta: per primam
