2460 3767
503 220 2281 324 derogaretur secundae: quia si in nullo ei derogaretur: factum per fratres oporteret iterari: quod non opor
497 307 2277 372 teret si plena & libera potestas esset eis concessa: Dicendum quod secundum iam dicta secunda clausula
497 353 2277 430 non est frustra adiecta: & libera & plena potestas fratribus est concessa: & tamen confessos ipsis opor
491 410 2273 485 tet iterum confiteri: quia in nullo derogatio facta est secundae clausulae. Et quod confessos fratribus opor
500 464 2276 535 teret iterum confiteri, hoc non est propter aliquem defectum, aut conditionem ex parte fratrum per
498 519 2272 589 se: vt dictum est: sed propter obligationem factam praedeterminato modo ex parte confitentis: pro
500 593 2278 653 pter quam vt praedictum est, in confitendo fratri debet habere propositum in actu vel in habitu confi-
500 632 2276 706 tendi eadem proprio sacerdoti, quid si non habuerit, obiicem ponit absolutioni fratris, ne in se poterit habe
500 681 2283 755 re effectum, quamquam enim nuilus sit in hoc defectus ex parte fratris per se: redundat tamen in eius potem
505 752 2276 813 tiam indispositio materiae: ne possit circa ipsam in proprium effectum: sed hoc per accidens: quia actus
501 795 2284 866 actiuorum non sunt nisi in patiente disposito secundum philosophum. Sed quia omnino obuianti
501 860 2288 923 bus omnino obuiandum est: ad monstrandum plane, quod dicta ratio non valeat, arguo efficacius pro par-
505 918 2279 976 te contraria ex simili medio sic. Si secunda clausula plene conseruatur in suo robore: & non est fru
500 973 2272 1031 stra proposita illa prima clausula de concessione facta fratribus: in aliquo ergo derogatur illi primae clau
496 1019 2275 1078 sulae per secundam. Inconueniens est autem dicere, quod illa prima clausula proposita est frustra: & clarum est
506 1069 2274 1137 ex supra allegatis quod secunda perfecte manet in suo robore. Probatio consequentiae est, quia si in nul
507 1130 2272 1195 lo derogaretur primae per secundam: non esset necesse iterato confiteri, & absolui confessos fratribus, & ab eisdem
508 1184 2271 1251 absolutos: quia sup hoc plenam haberent potestatem. & tamen modo est necesse, manente secunda clausula in suo ro
511 1233 2267 1304 bore. Et est dicendum ad hoc: sicut prima clausula in nullo derogat secundae: vt dictum est: sic econuerso secunda
511 1302 2269 1362 in nullo derogat primae: quia sunt quasi duae distinctae clausulae vnius priuilegii: quaerum vna alteri non repugnat.
508 1349 2265 1415 In aliquo tamen secunda clausula derogat primae per accidens: licet non econuerso: & hoc rationabiliter: quia
499 1397 2277 1468 rescriptum secundum siue priuilegium magis natum est derogare primo quam econverso: & eadem ratione in eo
500 1449 2271 1528 dem rescripto siue priuilegio clausula secunda derogat primae magis quam econuerso, quod tunc maxime fa-
504 1509 2269 1579 cit quando secunda clausula, siue secundum rescriptum aut priuilegium facit mentionem de prima: si
501 1579 2273 1641 cut facit in proposito secunda mentionem de prima: non econuerso: vt patet intuenti eas. Patet ergo
502 1619 2276 1691 vt assumitur in argumento, quod secunda clausula manet in suo robore: ita quod nec per se, nec per acci-
499 1686 2271 1748 dens potest impediri per primam clausulam: quia. scilicet confessus fratri debeat suo sacerdoti integrali-
501 1733 2277 1802 ter confiteri, & sacerdos ipsum quantum in se est, debet absoluere. Patet etiam quod prima clausula non
498 1792 2276 1859 est frustra proposita: quia proficit saepius confesso quod primo confiteatur fratri propter deuotionem
500 1850 2267 1914 forte quam habet ad ipsum ex praedicatione eius, vel discretione, vel aliquo alio huiusmodi: & cum hoc
498 1889 2274 1975 proficit ei secunda confessio facienda suo proprio sacerdoti. Et quod assumitur ad probationem consequen
504 1944 2276 2028 tiae: quod si primae clausulae non derogaretur per secundam: non esset necesse factum per fratrem iterari:
499 2005 2271 2085 patet ex praedeterminatis quomodo est necesse & quomodo non. quoniam nequaquam illud necesse est propter
500 2052 2276 2133 aliquem defectum ex parte potentiae fratris in absoluendo: sed ratione obligationis circa confitentem:
504 2118 2274 2181 vt dictum est. PER iam dicta patet responsio ad proposita in quinto argumento: neutra enim clau
505 2161 2277 2237 sularum derogat alteri nisi per accidens: & tamen neutra est contraria alteri: quia sunt circa diuer
499 2218 2271 2291 is. scilicet circa confessiones diuersas diuersis faciendas in diuersis temporibus, quae nullo modo repugnant
497 2291 2273 2349 Et quod assumitur ad probationem consequentiae: quod absolutus a fratre virtute primae clausulae nulla
501 2343 2275 2407 habet peccata ad quae confitenda potest teneri proprio sacerdoti: vt dicit secunda clausula: aut si te
502 2386 2267 2466 netur iterum confiteri: non est absolutus ab eis per fratrem: Dicendum quod neutra consequentia tenet:
503 2435 2277 2521 quia absolutus a peccatis bene habet eadem peccata ad iterum confitendum: vt adhuc possit tene
501 2489 2264 2570 ri: vt iam patebit in dissolutione rationis proxime sequentis. Quid arguitur sexto quod confessus fratri
501 2546 2275 2623 & rite absolutus ab eo: non iam habet peccata quae sunt sua, & non potest teneri ad iterum confitem
496 2603 2265 2676 dum nisi peccata sua: Dicendum quod licet peccata a quibus absolutus est non sunt sua quo ad macu-
496 2654 2277 2738 lam animam inficientem: aut quo ad offensam deum prouocantem, aut quo ad reatum ad poenam
491 2725 2272 2791 aeternam obligantem: quo ad maculam: vt peccator ab ea mundetur, quo ad dei offensam: vt ei reconcilietur: quo
489 2760 2270 2848 ad reatum, vt poena aeterna in temporalem mutetur: ista enim tria pertinent ad effectum poenitentiae
490 2816 2273 2902 principalem, & delentur per vnicum actum absolutionis per illum qui habet absoluendi potestatem:
485 2874 2272 2953 & quo ad hoc nullo modo potest aut debet iterari sacramentum poenitentiae: quia semel munda-
485 2923 2274 3001 tus non est mundandus: neque reconciliatus reconciliandus: neque quod mutatum est, est mutandum: quia
488 2985 2277 3065 derogaretur sacramento: vt patet ex supra determinatis: sunt tamen sua ad ea memoriter retinen
495 3030 2274 3112 dum: vt semper de eisdem doleat: & de dolore gaudeat, secundum definitionem poenitentiae: & etiam
488 3080 2271 3158 ad illa eadem confitendum quandocumque, & cuicumque, & quotienscunque voluerit, ad dei honorem, diabo
492 3135 2277 3232 li confusionem, propriam humiliationem, poenae temporalis satisfactionem, siqua restat in toto vel in
