2420 3650
202 227 1967 310 parte remissionem, gratiae augmentationem, & in casu proposito ad plenam ecclesiae militanti reconciliationem:
204 307 1962 368 & si nuilum aliorum esset, ad dubii tacti in praecedenti quaestione amotionem, & ad cauendum peccatum
203 351 1966 406 inobedientiae & transgressionis, propter statuti ecclesiae, vel proprii voti obligationem. Et pertinent ista
208 406 1960 462 ad effectum poenitentiae non principalem: & quo ad illa nuilum omnino inconveniens est sacramentum poe-
215 452 1954 522 nitentiae iterari. Quia etiam peccata de quibus aliquis est confessus, & rite absolutus ab eo qui potest: hoc modo pos
211 512 1958 571 sint dici esse sua: hoc liquide patet ex hoc de quo nullus dubitat. Constat enim quod quantuncumque quis ri-
213 564 1959 628 te confessus & absolutus est: & nullo modo obligatus ad iterum confitendum de eisdem postquam semel fue-
200 619 1954 671 rit confessus: potest tamen sponte & propria voluntate eadem iterum confiteri: & tenetur in casibus su
205 670 1952 739 pra notatis: & tamen iterato confitendo nuilus diceret quind confiteretur peccata, & non alia quam sua. Aliter enim
204 726 1956 790 mentiretur confitens dicendo: confiteor peccata mea &c. & similiter absoluens dicendo: Ego te absoluo a pec
207 775 1952 841 catis tuis. Similiter frequentius contingit: quod ante confessionem & absolutionem per sacerdotem impen
203 828 1948 897 sam poenitens ab omnibus peccatis suis per cordis contritionem absoluitur a deo: qui tamen quia obligatus est
201 879 1951 945 ad confitendum homini ex praecepto & statuto legis euangelii: propter illam obligationem debet cum conteritur
205 934 1953 989 & deo confitetur, habere propositum ad confitendum omnia peccata sua homini, quae tunc in contritione qua
194 986 1955 1054 si confitetur deo, quod si non haberet: non esset vere contritus: nec poenitens, nec a deo absolueretur. Et tamen
194 1041 1950 1105 non obstante quod est confessus deo, & absolutus ab eo, propter obligationem tenetur eadem iterato ore con
195 1093 1951 1163 fiteri homini. Nec est dicendum quin confiteatur peccata, & quin sua: licet nulla habeat praedictis tri
191 1145 1945 1207 bus modis. Consimili ergo modo obligatus per statutum ecclesiae ad confitendum semel in anno suo pro-
189 1199 1952 1269 prio sacerdoti: licet confessus fuerit prius alteri: & absolutus ab eo: nihilominus tenetur soluere obliga
198 1260 1949 1321 tionem, & eadem peccatam iam confessa confiteri suo proprio sacerdoti: & hoc non nisi peccatam: & non nisi sua. Potest au
193 1309 1947 1376 tem & aliter responderi, dicendo quod in peccatis est quatuor considerare. scilicet peccati actum siue in facto
202 1362 1941 1425 exteriori, siue in cogitatione, siue in locutione, & tria praedicta, macuil. scilicet offensam, & reatum. Et sup
195 1413 1940 1469 ficit confiteri peccatum sub ratione qua factum quoddam est: nec requiritur quod confiteatur sub ratione qua
199 1466 1944 1535 est macula vel offensa vel reatus: nisi implicite sub ratione facti iam extantis: scilicet quid aliquando a con
193 1518 1938 1573 fitente perpetratum extitit. Nec aliter solent homines peccata confiteri: nisi dicendo. Domine ego fe-
198 1574 1932 1635 ci illud homicidium, illud adulterium, & sic de caeteris. in quo confitetur homo se habuisse quando
197 1624 1938 1688 que in se peccati maculam, & diuinam offensam, & ad poenam aeternam obligationem: etsi forte non pro ten-
184 1681 1940 1744 pore confessionis. Et sic confitend dicitur & censetur homo vere & rite confiteri peccatam sua secundum illam definitionem
188 1731 1931 1797 Augustin. contra Faustum. Pctantum est factum vel dictum vel cogitatum contra legen dei. Nullus autem sic confitetur di
188 1784 1935 1841 cendo. Dene ego iam hominem occido: ego nunc in adulterio iaceo. hic enim non esset confessio: quia nec esset
185 1837 1932 1905 ibi poenitentia: quia praesens actus peccati non stat cum poenitentia vera. Praeterea etsi contingeret quod in actum com
178 1894 1932 1957 fitendi esset actualiter adhuc infectus peccati macula, & obnoxius diuinae offensae, & poenae aeternae, pro
182 1945 1927 2011 pter imperfectam contritionem: non tamen sic confiteretur Dene ego iam sum infectus peccati macula: obnoxius diuinae
179 2006 1933 2063 offensae, & poenae aeternae: quia vtrum sit adhuc talis: certus esse non potest: quemadmodum certus esse potest quod
183 2052 1924 2116 aliquando tale quid commiserit. Constat autem quod illi actus peccati quos dicto modo confitetur: non manserunt postquam
184 2103 1923 2168 perpetrati erant: & ideo non possunt esse peccata sua quasi iam sint: sed quia aliquando fuerunt per
178 2161 1926 2225 petrata ab ipso. Propter quod licet per absolutionem peceatum desinit esse suum quo ad illud quod ali
184 2215 1929 2283 quando erat in substantia actus: aut in anima inficiens eam & deum offendens, & ad poenam aeter-
175 2259 1927 2328 nam obligans: nunquam tamen desinit esse suum quo ad hoc quod perpetratum extitit ab ipso: quia quid semel factum est
176 2316 1917 2375 de caetero non poterit non fuisse factum. secundum Augustinus contra Faustum, & philosophum. iii. Ethicorum.
192 2372 1913 2422 PER idem patet responsio ad septimum: dicendo quod fratri confessus tenetur iterum confiteri proprio sacerdo
173 2421 1912 2491 ti. Vno modo vt peccator & habens peccata. Alio modo: vt non peccator, & non habens peccata. Confitetur
177 2475 1916 2548 enim vt peccator habens peccata praesentia in recordatione ad dolendum, & caetera praedicta faciendum, quid
173 2527 1912 2584 sufficit ad denominandum ipsum peccatorem & habentem peccatam sua ad confitendum veraciter absque omni menda-
172 2580 1916 2644 cio: a quibus habet absolui sacramentaliter quo ad secundarium effectum absolutionis: licet non quo ad principa
173 2632 1914 2687 lem. Peccata, nmpraeterita faciunt hominem peccatorem: quia faciunt hominem debentem semper habere conscientiam redar-
165 2683 1908 2754 guentem de peccato prius commisso. Isto. nm modo sancti in hac vita confitentur se peccatores & habentes peccatam: non
166 2737 1913 2803 iam actu inficientia: sed quae prius inficientia habuerunt: & talia peccatam sua, & tali modo peccatam expresse confitentur,
163 2799 1917 2862 cum dicunt in sua generali confessione. confiteor omnia peccatam mea: quia ego peccator peccaui nimis, quaelis etiam sufficit
170 2845 1909 2904 cum facta fuerit secrete, ad hoc quod dicatur sacramentalis. Sed esto quod aliquis omnino velit dicere quod talis confessio
166 2905 1906 2964 non sit sacramentalis: quid tamen nuilus dicere debet: saltem hoc debet esse manifestum ex praedictis: quod confessus fra-
163 2949 1906 3008 tri, eadem peccatam debet sacerdoti suo confiteri, quasi secreta quaedam recitatione. AD. viii. patet per praedicta: quomodo absol
143 3003 1901 3061 uens non mentitur dicendo, absoluo te a peccatis tuis: eo modo quae non mentitur: cum iandudum remissa sunt peccatam, dicendo.
162 3056 1912 3143 Ego confiteor peccatam mea. & hoc si intelligatur fore mendacium dicendo: Absoluo te a peccatis tuis, ex parte eius quid
