2446 3712
488 222 2278 311 dicit, a peccatis tuis: quia non habet peccata. Ostensum est enim, quod sufficienter potest dici habere pec
490 293 2285 353 cata: & quae sunt sua. Si vero intendatur fore mendacium ex parte eius quid dicit, absoluo: quia nihil est
499 351 2278 422 in eo absoluendum: respondendum est quod licet sit per primam absolutionem absolutus quo ad macu-
497 405 2278 462 lam culpae, & quo ad mutationem poenae aeternae: & quo ad remissionem alicuius partis poenae tem-
495 462 2278 530 poralis debitae: remanet tamen obligatus secundum cursum communem ad aliquod residuum poenae
502 518 2280 576 quae potest remitti per absolutionem sequentem. Et si etiam tota esset remissa, dicendum quod in actibus
499 568 2280 632 sacramentalibus semper intendit ministrans actum sacramenti: dicendo baptizo, absoluo, & alia hu
495 622 2283 687 iusmodi, quantum in me est: propter quod non mentitur: etsi effectum non habet sacramentum, quem mini
502 676 2274 738 strans ipsum indicat se mediante sacramento efficere. Verbi gratia. Si aliquis creditur non baptiza
495 731 2287 799 tus esse qui in veritate baptizatus est: baptizans eum dicendo, Ego te baptizco, non mentitur intelli
499 783 2280 850 gens quantum in me est. Similiter in proposito si nihil esset absoluendum, dicens ego te absoluo: non men
502 846 2279 900 titur: quia intelligit quantum in me est. AD nonum, quod si statutum illud. Omnis vtriusque sexus. sem-
504 886 2279 952 per in suo robore maneret, confessus ergo episcopo vel poenitentiario eius iterato deberet confiteri eadem
504 946 2289 1010 suo proprio sacerdoti: Dicendum ad hoc, quod omnes habentes iurisdictionem ordinariam per ordinem
500 996 2289 1054 secundum sub & supra, vna persona reputantur & vnus sacerdos: & quilibet illorum est immediatus cu
500 1049 2287 1107 ratus: Papa omnium totius mundi: Episcopus omnium suae dicecesis: & sacerdos parochialis omnium
504 1099 2278 1162 de sua parochia: & ideo confessus alicui talium implet statutum: & confessus superiori non tenetur
494 1153 2275 1213 eadem confiteri inferiori: nec econuerso. Habentes autem iurisdictionem delegatam, si absolute eis
494 1211 2280 1275 fiat delegatio: quia simpliciter gerunt quo ad potestatem delegatam sibi, vicem personae delegantis, con
503 1262 2277 1322 fessi talibus ea de quibus habent potestatem, seruant statutum: nec tenentur illa alteri confiteri. Si au-
496 1316 2286 1376 tem aliquibus fuerit iurisdictio absoluendi delegata cum tali obligatione cum quali delegata est fratribus in suo pri
501 1368 2289 1428 uilegio: dico quod illis confessi propter huiusmodi obligationem tenentur confiteri eadem suo paro-
505 1427 2288 1482 chiali sacerdoti: aut alicui superiori seu habenti potestatem illius sibi simpliciter absque aliqua obli-
500 1475 2292 1548 gatione circa confitentem delegatam: secundum quod iam in dissolutione sequentis rationis amplius di
504 1536 2292 1596 cetur. Taliter enim confitentes eisdem non seruant statutum. & sic illud statutum generalis concilii
508 1588 2293 1646 semper debet in suo robore manere: & manet atque obseruatur ab omni salubriter confitente. AD de
510 1639 2291 1708 cimum: quod confitentes illis quibus episcopi committunt potestatem audiendi confessiones & absoluen
508 1691 2287 1750 di: non tenentur eadem confiteri proprio sacerdoti: cum tamen episcopi aut non possunt infringere
502 1748 2287 1815 statutum generale sua conmissione, aut minus quam papa: confessi ergo quibus Papa committit: adhuc mi
503 1802 2293 1860 nus tenentur eadem confiteri proprio sacerdoti: Ad hoc dicendum primo quo ad potestatem infrin-
502 1859 2294 1925 gendi statutum per conmissionem: in hom. scilicet quod confessi illis quibus facta est commissio, non teneantur pro-
507 1912 2292 1979 prio sacerdoti parochiali iterum confiteri. quin enim papa quo ad hoc ipsum possit infringere, non
505 1966 2291 2029 est dubium. de quo vt dicit Clemens Papa in priuilegio fratrum, procul dubio esset erroneum dubi
508 2021 2289 2092 tare, an in omnes sine alicuius consensu, immo etiam inuitis quibuslibet huiusmodi possit concedere po
504 2071 2294 2137 testatem: libere. scilicet praedicandi populis, audiendi confessiones, absoluendi p oenitentes, ac poenitentias
509 2125 2292 2196 iniungendi salutares: prout promittitur in illo priuilegio. Quamuis enim aliquibus videatur, si talis po-
509 2178 2290 2237 testas vniuersaliter concederetur fratribus vtriusque ordinis: quod hoc esset ecclesiasticum ordinem per-
514 2230 2295 2295 uertere, & indirecte vsum clauium a praelatis subtrahere: & populum ab eorum obedientia & iurisdi
509 2287 2294 2349 ctione retrahere: & quod hoc esset variare illud quod ordinatum est generaliter ad perpetuam ecclesiae vni
509 2339 2293 2398 uersalis vtilitatem: contra illud. xxv. quid ii. Quae ad perpetuam &c. vbi dicitur quod Papa non potest con
513 2391 2292 2457 tra generale ecclesiae statutum: nec contra articulos fidei: sed contra statutum ecclesiae, quod non est
505 2441 2297 2510 ita generale, bene potest dispensare: tamen non est dubium quin dictum statutum, Omnis vtriusque
506 2503 2282 2560 sexus, Papa posset per suam concessionem vere & proprie infringere. immo posset ipsum reuoca-
506 2553 2296 2622 re: sicut & ipse statuit. De episcopis autem non est ita clarum: quod scilicet sua commissione possunt illud infrin
510 2611 2298 2680 gere de iure conmuni. Quia tamen de iure conmuni possint aliquibus potestatem absoluendi committere ir
505 2662 2293 2731 requisitis curatis inferioribus: ita quod confessi illis non teneantur iterum confiteri eadem suis curatis
511 2716 2290 2783 declarat Clemens Papa in dicto priuilegio contra quosdam, vt dicit, qui temere sentientes, & ad so-
506 2773 2294 2838 brietatem sapere nescientes, impudenter praesumunt asserere, quod de licentia, vel commissione, aut concessio
505 2837 2295 2886 ne Romanorum poestificum, vel legatorum apostolicae sedis, seu ordinariorum locorum: fratres sine sacerdotum
518 2881 2292 2949 parrochialium licentia & assensu non possunt libere praedicare &c. sic inquiens. Nos igitur volentes ase
511 2932 2286 2994 sertionem tam temerariam penitus confutare, & elucidare in talibus veritatem, deliberatione prouida de
515 2986 2289 3046 claramus: quod si vobis detur licentia, seu conmittatur, seu concedatur a legatis praedictae sedis: aut or-
516 3040 2292 3115 dinariis locorum: nedum Romano pontifice de quorum &c. vt supra, populis legatis & ordi-
510 3094 2285 3182 nariis subiectis eisdem libere praedicare potestis &c. aliorum inferiorum praelatorum & rectorum &c.
