2516 3702
607 243 2383 338 statutum solummodo obligat ad vnicam confessionem necessario faciendam: & permittit aliam vel ali
605 326 2381 386 as faciendas in libera confitentis voluntate: vt statutum siue obligatio illa praecedat voluntariam con
598 378 2383 438 fessionem: & per hoc cum facta fuerit obligat ad aliam confessionem faciendam indirecte: non no-
600 425 2381 491 ua obligatione superueniente: sed pristina praecedente: Non est verum quod assumptum est: quoniam primam
605 483 2387 545 confessionem non facit: aut non debet facere nisi ex speciali deuotione: quae charitatem eius adauget
609 539 2376 606 per confessionem & absolutionem illam primam voluntarie aggressam: vt per hoc promptior fiat ad explem
607 590 2381 659 dum confessionem aliam: ad quam faciendam obligatus est: & cum hoc frater cui confitetur si sit dis
609 638 2381 708 cretus & agens secundum suum priuilegium, obediens mandato apostolico contento in illa vltima
603 698 2381 759 clausula, Quiaque iidem fratres ad hoc diligenter & efficaciter secundum datam eis a domino gratiam exhor
600 750 2387 816 tentur: admonebit & exhortabitur quantum poterit vt peccata sibi confessa, iterato confiteatur suo
603 803 2381 869 proprio sacerdoti: per quid plus excitabitur forte ad confitendum ei eadem iterum quam prius fuisset affectus
605 856 2376 920 ad confitendum illi soli: si prius fratri voluntarie non fuisset confessus. Quae clausula vltimo adiecta
603 906 2377 969 satis manifestat confessa fratribus iterum esse confitenda proprio sacerdoti. Si enim diceret frater sibi confesso
609 964 2387 1031 non teneris confessa mihi tuo sacerdoti confiteri: sed sufficit confiteri illi aliqua venialia, aut minora morta
602 1018 2387 1081 lia: hoc non esset sibi confessum diligenter & efficaciter exhortari vt semel in anno saltem confiteatur suo sacerdoti
605 1071 2383 1137 prout statuit concilium generale in illa decretali. Omnis vtriusque sexus. immo hoc esset ipsum exhortari tenuis
602 1124 2380 1185 simo modo: & vt videtur, contra intentionem domini papae iniungentis: vt sibi confessos diligenter & effica
609 1180 2380 1240 citer exhortentur &c. Quod autem in argumento additur: quod secundum praedictam expositionem priuilegii non ser
614 1233 2381 1295 uaretur intentio Papaeper verba priuilegii expressa: quia fratres non exercerent liberius & efficacius
605 1292 2379 1352 praedicta officia quam prius: Dicendum quod hoc est falsum: quoniam non oportet ipsos ad hoc petere licen-
604 1347 2380 1406 tiam ab episcopis vel legatis domini Papae: sicut prius. immo in isto priuilegio expresse inhibetur vni
608 1393 2387 1459 uersis: ne ab executione dictorum officiorum aliquis dictos fratres audeat impedire. Nunc etiam certius
611 1447 2390 1502 constat de eorum auctoritate quam prius quantum ad ea quae eis ex priuilegio conceduntur: quia nunc mani
608 1499 2386 1565 festum est quod tantam & tam certam habent auctoritatem ab ipso Papa: quod non requiritur ad illa quae eis ex
613 1558 2382 1622 priuilegio conceduntur. consensus alicuius alterius praelati. eis autem denegare illud quod quantum appa-
613 1607 2376 1675 ret ex verbis priuilegii: non videtur eis concedi: hoc non est certitudini auctoritatis eorum derogare: sed
608 1658 2389 1735 hoc est potius illam modo debito declarare. Quid etiam additur, quod non vberiores fructus facerent fratres secun
611 1715 2387 1786 dum dictam expositionem: quia multi retraherentur a fratribus, ne eis confiterentur, quam prius antequam esset
617 1769 2387 1834 priuilegium eis concessum: Dicendum quod non est verum: quia nuiius circa quem fratres facere possent fru-
611 1828 2383 1892 ctus vberiores, subtrahitur. Volentes enim fratribus confiteri: aut hoc volunt non intentione vagandi:
612 1878 2379 1935 & vt dictum est sacerdotes proprios bonos & idoneos fugiendi, vel ex quacumque alia causa minus rationabili: sed
612 1933 2379 1997 ex deuotione & charitate & intentione magis proficiendi in confitendo fratri quam soli proprio sacerdoti.
608 1987 2371 2053 Aut volunt confiteri fratribus intentione fugiendi proprios sacerdotes: aut ex quaecunque alia causa mi-
605 2033 2381 2099 nus rationabili, & non ex deuotione & charitate, & intentione plus proficiendi in confitendo fratri
606 2095 2386 2150 bus. Si primo modo: sic dico quod tales non retraherentur a fratribus: ex eo quod tenerentur iterum suis sacerdoti
610 2146 2386 2206 bus confiteri: & confitendo tam fratribus quam sacerdotibus magis consequerentur quod intendere deberent
613 2196 2378 2271 & sic circa tales fiunt vberiores fructus reuertendo ad suos sacerdotes: quam si solum fratribus: aut etiam
616 2249 2385 2315 sacerdotibus confiterentur. Si secundo modo: dico quod soli tales retraherentur a fratribus: eo quod tenerentur iterum suis sa-
612 2307 2390 2371 cerdotibus confiteri: quia plus refugiunt laborem iterato confitendi: quam desiderent fructum qui ex iteratione confessi
612 2368 2382 2430 onis sequaeretur: & non accederent ad fratres: nisi quia minus verecundantur eis confiteri: & minus timerent
617 2416 2380 2469 eos: & eos pro sua voluntate variare possent: & forte magis propter aliquis causas eis non expedientes:
618 2468 2376 2528 quam ex deuotione & charitate & propter animae suae profectum. Et sic dico quod circa tales fierent vberiores fructus
616 2525 2379 2586 si confiterentur solum sacerdotibus bonis & idoneis quam solum fratribus: & hoc propter maiorem verecun
612 2577 2379 2639 diam & reuerentiam & timorem, & propter multa alia ipsis confitentibus proficua. Vnde si tales confi
616 2627 2386 2701 terentur solum fratribus, nullo modo facerent fratres circa tales vberiores, immo magis steriles ifru-
621 2684 2386 2746 ctus quam sacerdotes boni & idonei: & sic si talibus concederetur libertas confitendi fratribus sine obliga
616 2739 2379 2793 tione reuertendi ad proprios sacerdores, sequerentur inconuenientia praedicta. scilicet quod haberent occasionem
615 2787 2382 2847 fugiendi proprios sacerdotes, & minueretur ex hoc obedientia & reuerentia subditorum erga suos superi
617 2842 2385 2908 ores: & alia multa inconuenientia sequerentur: propter quae non expedit generaliter concedere quod confessi
610 2893 2386 2970 fratribus non teneantur iterato confiteri suis sacerdotibus: licet forte circa aliquos volentes semel tantum
622 2953 2381 3009 confiteri peccata sua vberiores fructus facerent fratres in audiendo semel confessiones talium quam pro
622 3007 2379 3066 prii sacerdotes. Et sic ex huiusmodi expositione quod confessi fratribus teneantur iterum suis sacerdotibus confi
621 3062 2380 3124 teri, non impediuntur fratres quin possint facere fructus vberiores secundum quod conceditur eis per priui
613 3108 2381 3190 legium: nec sicexponentes dictum priuilegium faciunt contra dictam inhibitionem domini Papae dictum
