2518 3724
559 295 2340 374 la clausula. Volumus autem &c. ad suum sacerdotem peccata fratri confessus eidem sacerdoti non recitaret:
567 363 2335 426 sed diceret: Domine, non habeo peccata de quibus mihi conscius sum: eo quod talis (ut dicunt fratres) cum
574 412 2330 478 vere sit a fratre absolutus ab omnibus peccatis suis: nullum peccatum habet. Vnde vt ostendatur eis hoc fal
564 463 2328 532 sum per exemplum in quo est consimilis obligatio ad referendum iam confessa: in quo luce clarius est quod infideli
562 519 2337 580 ter ageret qui non referret peccata iam confessa ob hanc causam, quia iam non habet ea: eo quod ab eis est
564 568 2341 637 absolutus: & est exemplum istud in casu propositae quaestionis: ad quam clara est omnibus responsio: Dicendum
562 627 2334 693 est: quod supposito quod de consensu confitentis facta sit talis commissio sacerdoti a suo superiori: quoniam aliter
564 678 2334 738 non posset confessor reuelare ipsi supeiori peccatam sibi confessa: simpliciter & absolute ille in proposito casu
560 728 2332 791 infideliter referret: & esset infidelis relator: quod referret contra formam & moduui conmissionis, & contra
562 787 2329 851 intentionem committentis: quam sufficienter per verba commissionis suae expressit. Iniumxit enim committens quod ei refer
564 836 2341 907 ret peccatam quae ille sibi confiteretur: intendendo quod quaecumque ille sibi confiteretur, ipse ei eadem sub eadem forma reci
569 898 2330 960 tando referret: habendo aspectum ad peccata ab illo perpetrata de praeterito. Nunc autem respondendo ne-
564 948 2334 1011 gatiue: dicende scilicet quod non habet peccata: non respondet petitioni factae in conmissione: sed deludit interro
570 1009 2331 1073 gantem seu conmittentem sophistice scilicet dirigendo intentionem ad peccata confessa non vt hactenus per
575 1058 2330 1123 petrata: qualiter ad ea dirigebat intentionem committens: sed vt iam inficientia ipsum confitentem: de
574 1110 2335 1170 quo nihil cogitabat nec cogitare debuit committens. & quid amplius est, sic respondens insinuat committenti
568 1164 2325 1234 quod ille nulla peccata habuit sibi confitenda. Est autem consimilis obligatio in isto casu, & in casu praedi-
565 1218 2340 1278 ctae quaestionis: sed differt solummodo quo ad obligatum hincinde: & quo ad absolutionis effectum.
577 1267 2329 1333 Quia in isto casu obligatur confessor ad referendum & quasi confitendum praelato vice confessi omnia
584 1320 2332 1388 peccam illius sibi confessa. In illo vero casu obligatur ipse confessus ad referendum & confitendum in pro
579 1378 2333 1448 pria persona praelato suo peccata eadem quae iam confessus est. Et in illo casu confessus obligatus si
568 1435 2338 1494 in confitendo non haberet propositum fideliter referendi praelato suo omnia quae confiteretur fratri:
575 1491 2337 1544 ab ipso nullatenus absolueretur. Et ita quo ad hoc non restat concessio facta confesso de confitendo
573 1535 2343 1604 fratri: siue sub obligatione siue sub conditione: quia sicut non intendendo adimplere id ad quid erat
576 1592 2328 1656 obligatus: non absolueretur: sic nec absolueretur si facta fuisset concessio sub conditione: nisi scili-
583 1641 2338 1705 cet confitendo proponeret conditionem adimplere: quia iam non extaret conditio: secundum quod haec pa-
585 1694 2344 1758 tent ex supra determinatis. In isto vero casu confessor obligatus ad referendum: etsi in audiendo
585 1751 2346 1821 confessionem & absoluendo non haberet propositum fideliter referendi praelato sibi confessa: nihilo
587 1808 2333 1874 minus absolueret. Et ita quo ad hoc multum refert concessio facta confessori de audiendo confessio-
588 1856 2345 1927 nem illius, & absoluendo ipsum de peccatis suis sub obligatione & sub conditione: quia facta commis
582 1918 2340 1985 sione sub obligatione: non intendendo implere id ad quid erat obligatus: nihilominus absolueret, vt
589 1969 2339 2032 dictum est. Sed multum peccaret. Pacta vero sibi commissione sub conditione: vt scilicet eius confessionem
588 2020 2339 2086 audiret & absolueret: si intenderet omnia sibi commissa fideliter referre: iste nullo modo absolueret
591 2090 2343 2144 nisi istam conditionem fideliter adimplere intenderet. Quia si postmodum intentionem mutaret, vt non in-
591 2125 2341 2196 tenderet referre: aut non fideliter: multum peccaret. Sed tamen ille absolutus maneret: quemadmodum
594 2183 2344 2250 dictum est superius de ipso: quod si intenderet actu vel habitu in confitendo & absolutionem accipiem
591 2238 2345 2308 do eadem fideliter confiteri proprio praelato: absolueretur & maneret absolutus: licet postmodum muta
593 2295 2336 2359 ret intentionem: vt non intenderet eadem confiteri proprio sacerdoti aut non fideliter. Sed tamen pec-
592 2338 2344 2418 caret peccato inobedientiae: quid omnibus peccatis confessis ab ipso, quodammodo praeponderaret. Pro
594 2400 2344 2465 pter quod grauiter peccaret ille qui sibi confesso in tali obligatione consuleret siue suaderet ne sibi com
589 2451 2350 2524 fessa iterato confiteretur suo proprio sacerdoti: aut sic instrueret eum, & assereret ei quod non teneretur eadem
598 2513 2343 2573 confiteri proprio sacerdoti: sed solum dicere ei. Denene, ego nulla habeo peccata: & ideo non teneor vobis
592 2567 2347 2626 confiteri: nec illa quae fratri confessus sum. & hoc informando in hoc conscientiam confessi sibi illa friuola
590 2604 2353 2681 ratione scilicet quia postquam est confessus & absolutus: iam non habet peccata quae sua sunt ad confitendum: quem
591 2674 2345 2733 admodum multum peccaret qui in isto casu confessori sic obligato consuleret aut suaderet ne sibi confessa re
594 2721 2350 2787 ferret praelato: aut sic instrueret eum & assereret ei quod non teneretur ad hoc: sed quod solum deberet ei dicere.
589 2778 2351 2842 Denee, iste confessus mihi nulla peccata habet: sed mundus est & immunis ab omni peccato, & hoc infor
591 2823 2345 2889 mando eius conscientiam friuola ratione praedicta: immo iste in referendo turpiter mentiretur non referendo se ad
595 2881 2349 2947 intentionem eius cui facit relationem. argumento eius quid dicit lsidorus libro secundo sententiarum suarum.
589 2933 2350 2993 & habetur. xxii. qu. v. Quacumque arte verborum quis iurat: Deus tamen qui conscientiae testis est ita hoc accipit sicut
593 2991 2352 3051 ille cui iuratur intelligit. Valde igitur consultum consilium, sicut pastor bonus prouidens ouibus suis, dat dominus
596 3039 2357 3116 Martinus fratribus in vltima clausula priuilegii eorum cum dicit. Quiamque iidem fratres &c. Secundum igitur
599 3107 2360 3186 argumentum secundum iam determinata simpliciter concedendum est. AD primum autem patet responsio ex di
601 3159 2041 3241 ctis supra in quaestione de fratrum priuilegio in solutione. vi. argumenti. vii. &. viii.
