2437 3761
914 374 2185 498 n nostra generali disputatio-
903 485 2197 561 ne hesterna proponebantur nouendecim quaestiones. Quarum quaedam perti
896 547 2186 628 nebant ad Deum: quaedam vero ad rationalem creaturam. ClRca deum quaerebatur
901 611 2188 668 vnum pertinens ad eius diuinitatem, & alia plura pertinentia ad eius assum
902 661 2188 734 ptam humanitatem. De primo quaerebatur: vtrum deus per vnam ideam cognoscat di-
898 717 2188 781 uersa indiuidua eiusdem speciei. Quia sic, arguebatur: quia diuersa indi-
897 773 2190 835 uidua eiusdem speciei secundum eundem gradum perfectionis earum imitantur de-
898 826 2193 892 um, & creaturae a deo cognoscuntur secundum quod perfectiones earum sunt in
882 886 2183 955 ipso: quas secundum gradus suos imitantur. ldem autem gradus imitationis
868 950 2191 1009 respondet eidem rationi perfectionis in deo. ergo eadem ratione perfectionis
417 1003 2195 1065 deus cognoscit diuersa indiuidua eiusdem speciei. sed ratio persectionis creaturae in deo est sua crea
413 1049 2188 1124 tiua idea in ipso. ergo &c. CONtra. Plura vt plura distincta & diuersa non cognoscuntur vno: quia disti
422 1111 2189 1173 ctio cognitorum vt cognita sunt necessario sequitur rationem cognoscendi. deus cognoscit diuersa indiuidua
420 1169 2184 1230 eiusdem speciei vt plura & distincta: ergo non cognoscit ea vno. id autem quo ea cognoscit idea vocatur
417 1208 2197 1281 in ipso. ergo &c. HAnc quaestionem mouit Nebridius Augustinus quam reputat valde difficilem: dicens in quadam
421 1268 2183 1340 epistola ad ipsum. Quaeris vtrum summa illa veritas, & summa sapientia forma rerum per quam facta sunt omnia
417 1325 2188 1404 generaliter hominis: an etiam vniuscuiusque nostrum rationem contineat, magna quaestio. Respondet tamen: sed responsione occulta
422 1386 2184 1450 quam per similitudinem declarat secundum quod potest. AD cuius intellectum sciendum quod in quaelibet essentia siue natu-
417 1436 2184 1509 ra creata est considerare duo: essentiam ipsam vt essentia est, & eius actualem existentiam siue subsistentiam. Quam
417 1488 2190 1563 tum est ex ratione essentiae: vt essentia est absolute, duplex est in ea indifferentia. Vno enim modo indifferens est
419 1544 2184 1617 ad esse actualis existentiae, & ad non esse: quia quantum est de se nata est esse & non esse: licet differenter: quoniam quantum est ex
430 1602 2186 1677 ipsa sibi derelicta semper habet non esse: sed quod habet esse hoc est inquantum est dei effectus a quo esse existentiae participat
420 1652 2189 1729 inquantum eius effectus est. lta quod eius essentia non sit suum esse: sed quasi adueniens & accidentale ei principatum ab ipsa
417 1712 2186 1783 secundum quod in aliis quaestionibus alias diffusius expositum est. Alio vero modo est indifferens ad esse vel & particulare. se
423 1765 2185 1836 cundum enim Auicennam: essentia rei inquantum essentia, est essentia tantum. & sunt extra eius intensionem intensio vniversalis
415 1815 2188 1889 & perticularis: sicut & intensio existentis & non existentis: & multo magis: quia licet res indifferens est ad esse & non esse
413 1879 2182 1945 tamen ex se habet non esse nisi habeat ipsum ex alio. Sic autem est indifferens ad vel & perticulare, quod ex se nec est vniversalis
414 1933 2189 2001 nec particularis: sed solum habet rationem particularis inquantum recipit ab altero esse subsistentiae in supposito de
413 1980 2184 2057 terminato. Esse vero vniversalis recipit: inquantum per intellectum abstrahitur a suppositis in quibus habet esse tamquam vnum in
422 2037 2184 2113 multis: & iterum per praedicationem applicabile multis. vel enim secundum Philosophum non est nisi vnum in multis, & de mul
422 2090 2184 2170 tis. Et sicut essentia rei dupliciter potest considerari: scilicet vt in se, & vt in supposito vno vel multipli-
418 2140 2185 2220 cato in pluribus: sic idea secundum quam deus habet ipsam rem cognoscere, cuius est ipsa essentia similitudo: du
417 2198 2181 2280 pliciter potest considerari: vno modo vt est essentiae absolutae: alio modo vt est essentiae relatae ad supposita. Pri-
418 2254 2187 2329 mo modo secundum quamlibet speciem creaturae in deo est tantum vna idea qua cognoscit totam virtutem essentiae,
421 2322 2190 2388 & eius multiplicationem possibilem fieri per varia supposita. Secundo modo illa vna idea respectu essentiae est
428 2366 2179 2439 vt plures respectu suppositorum multiplicatorum sub illa essentia. lta quod sicut ipsa essentia rei vna est in se
430 2422 2184 2495 & plures in relatione ad supposita: sic ipsa idea eiusdem essentiae vna est vt respicit ipsam essentiam absolute
428 2482 2170 2557 plures est inquantum respicit ipsa supposita sub identitate essentiae. Nec est differentia nisi quod essentia in diuer-
431 2523 2180 2614 sis est multiplicata secundum rem: idea vero essentiae respectu ipsius essentiae vna est: plures vero secundum respe-
433 2585 2186 2656 ctus ad supposita diuersa, quorum respectus diuersi sub vna ratione respectus ad ipsam essentiam continentur: si
438 2636 2179 2703 cut sub vnitate essentiae continentur plura supposita. lta quod sicut ipsa essentia est vna ad plura supposita
432 2695 2179 2767 sic respectus idealis ad essentiam est vnus respectus ad plures respectus ideales ad supposita: vbi essentia
440 2746 2174 2815 multiplicata est per supposita. Respectus autem vnus ideae ad essentiam manet simplex indiuisus in variis respecti
435 2802 2169 2874 bus ad supposita. Et potest sic vnus idealis respectus esse vnus per relationem ad essentiam: & manens
438 2854 2187 2908 vnus esse tamen plures per relationem ad supposita: quia non respicit supposita nisi mediante essen
442 2904 2175 2974 tia. Sicut si vnus radius descendens in aliquem punctum medii, ab illo reflexus multiplicetur in plu
438 2971 2179 3026 res, praeter quod re, & subiecto differunt illi radii. Non sic autem isti respectus. Et sic sicut diuina essen-
436 3014 2174 3071 tia vna sub diuersis respectibus idealibus ad diuersas specificas essentias rerum est diuersae ideae omnino
441 3066 2166 3134 non autem vna habens plures respectus ideales: quasi vna idea multiplicata: sic vna idea essentiae vnius
432 3114 2175 3197 sub diuersis respectibus idealibus eiusdem essentiae ad diuersa supposita eius non est diuersae ideae: sed
435 3174 2174 3232 vna tantum habens plures respectus ideales ad diuersa supposita eiusdem essentiae quasi vna idea
425 3229 2173 3296 plurificata. lta quod sicut diuersae essentiae specificae quia non conueniunt in vna essentia specifica habent in vni
419 3295 2175 3371 tate diuinae essentiae plures ideas & non vnam in qua illae plures innuuntur: sic, econtra diuersa supposita
