2501 3700
603 217 2401 327 luntarii fuerunt. Glos. Vt etiam post egerent. sequitur. Cum multa exhortatione obsecrantes vos. Glos.
597 283 2396 366 vt liceret eis sua dare non quasi propria, sed quasi communia: cum timens eis non assentirem vt
593 335 2393 425 eos permitterem. cum vt dicit Ambro. lachrymis cogerent a se accipi quod accipiendum non videbatur
592 398 2390 489 quia plus erat quam poterat eorum substantia, ne forte egestas boni operis poenitentiam suaderet. Vnde etiam
596 452 2385 542 dicit Greti. Quibusdam imopiam ferre non valentibus tolerabilius est minus tribuere, quam post largitionem ex imopia
597 494 2379 583 murmurare. Propter quid dicitur Ro. xii. Rationabile sit obsequum vestrum. Sic ergo respondendum est ad quaestio
603 547 2386 651 nem in summa & in generali: & hoc aspiciendo ad hunc hominem, vel ad illum: & per consequens ad hominem simpliciter
593 596 2368 700 licet diuersimode membra distinctionis praedictae applicanda sunt homini isti vel illi in diuersis casibus: qui
596 659 2385 759 poterunt distingui tam ex parte habentis, propria, quam ex parte non habentis. Ex parte enim habentis sunt mul-
596 714 2383 810 ti casus in habendo propria. quia quidam habent ea in magna abundantia: quidam vero mediocri: quidam vero ad ar-
595 768 2381 864 ctam necessitatem: & quidam bene dispensant habita: quidam vero male: & quidam non possunt ea retinere
593 822 2371 918 etiam habendo tantum victui necessaria, nisi cum nimio amore & sollicitudine ac distractione ab amore aeter
585 870 2369 952 no: quidam vero possunt retinere ea cum temperato amore & sollicitudine circa illa, & modica dis-
597 929 2370 1027 tractione: & in quolibet istorum casuum si homo non posset carere, propriis absque impatientia maioris cul
591 978 2371 1081 pae quam sit amor in retinendo, melius esset retinere propria quam ea dimittere, vt patet per dicta sanctorum iam
592 1033 2368 1135 inducta. Si vero posset eis carere absque impatientia, aut cum impatientia minoris culpae, quam erat amor in re
592 1089 2370 1186 tinendo, sic melius esset omnino propria dimittere: & hoc non solum cum male dispensat quis, & abutitur eis: tunc
585 1151 2365 1241 enim si talis est, maxime expediret ei, propria dimittere propter abusum: sed etiam cum bene dispensat: & hoc maxime
591 1193 2368 1283 cum multum abundat. dicente Chrysostomo super illud Matth. xix. Diues difficile intrabit in regnum
594 1249 2361 1345 caelorum. lpsa felicitas (inquit) mundi aliarum rerum satis impedimentum est animae ad iustitiam facien
586 1298 2365 1396 dam, quia & angustia mundialium rerum adiuuat ad iustitiam faciendam. Facilius est pauperi disciplinam tenere
592 1350 2365 1459 diuiti & abundanti difficile. Cum autem mediocriter abundat, & necessaria tantum retinet, & residuum erogat
588 1405 2354 1509 si sit in tali statu, adhuc melius est propria dimittere. secundum quod dicitur libro de Ecclesiastes dog.
586 1454 2362 1562 Bonum est facultates cum dispensatione pauperibus erogare: melius est pro intentione sequendi
583 1516 2354 1616 dominum semel donare & absolutum sollicitudine cum Christo egere. Dicit autem notabiliter ab
578 1566 2362 1669 solutum sollicitudine. quia tanta posset esse sollicitudo superueniens abdicationi propriorum quod melius
578 1628 2358 1718 esset ea non dimittere quam dimittere, vt videbitur in sequenti quaestione. Siquis autem sit in tali dispositione: &
584 1677 2359 1775 tantum habet victui necessaria: adhuc esset melius dimittere quam non dimittere propter eandem rationem, quia propter
579 1735 2357 1834 communem fragilitatem naturae humanae vix absque illicito amore & lenocinante dilectione aliquid proprie
585 1784 2355 1867 tarie possideri potest: vt etiam aliqui sint qui nec in ipsis necessariis ad victum tantum saluari possint. di-
580 1839 2355 1926 cente Grego. in registro. epistola. cxvii. Multi sunt qui possunt religiosam vitam etiam cum saeculari habi
579 1891 2350 1987 tu ducere: & plaerique sunt, qui nisi omnia reliquerint, saluari apud deum nullatenus possunt. Et tamen
573 1939 2347 2045 siqui sine hoc saluari possunt: securius tamen hoc faciendo salutem suam procurant. Quia secundum quod dicit
582 1997 2344 2092 quaedam Glos. super illud. Pauperes, & debiles, caecos, & claudos introduc huc. rarius delinquit cui de
579 2053 2347 2151 est illecebra peccandi, & citius ad dominum conuertitur qui non habet in mundo vnde delectetur. Ex parte similiter
574 2097 2348 2193 nihil habentis de proprio, multi sunt casus, in quibus diuersimode dicta distinctio est applicanda. Dico
575 2152 2351 2260 de voluntarie dimittentibus ea, & propter deum, quia de aliis pauperibus inuoluntariis nisi propter dominum nihil ad
581 2215 2337 2311 phiosoenus. Quidam enim illorum non habent, propria, sed communia: alii autem non habent propria nec comomunia. Et non habentium, propria,
568 2266 2340 2362 sed communia tantum, quidam habent mobilia & immobilia, quidam mobilia tantum: & non habentium, propria nec communia quidam ducunt
581 2322 2340 2415 vitam solitariam, quidam communem: & ducentium vitam solitariam quidam victum sibi acquirunt totaliter ex proprio labore
577 2368 2340 2473 quidam vero ex eleemosynis fidelium: quidam vero partim ex labore, partim ex eleemosynis. & in quolibet ho
572 2428 2339 2532 rum modorum melius est disposito ad patientiam in paupertate habentem propria dimittere quam retine-
564 2482 2330 2582 re, etiam si in vita solitaria deberet mendicare: eo quod nesciret artem neque potentiam haberet vllam ne-
575 2528 2339 2626 cessaria sibi lucrandi: dum tamen in tanta necessitate se non ponat, vt propter dimissionem propriorumeum
562 2597 2338 2692 mori necesse sit. In hoc enim casu nulli liceret propria dimittere: quia vitam suam quilibet tenetur quam
572 2640 2336 2746 tum poterit sustinere, & in necessariis sibi prouidere etiam de alienis. Nec etiam esset bonum pro-
567 2698 2333 2797 pter deum in tali casu propria dimittere, quia dimittens esset tamquam homicida sui, vel tentator dei, vi
562 2757 2336 2843 uendi discrimini se committens. secundum quod de dimittendo propria secundum istum casum vltimum sufficiem
565 2795 2334 2907 ter determinauimus alias in nostro quinto Quolibet, quaestione. xxx. DISposito vero ad impatientiam
562 2853 2326 2958 habendam in quocunque dictorum casuum, melius esset propria non dimittere quam dimittere. Sed est aduer
567 2913 2323 3013 tendum, quod licet secundum quod diuersi dimittendo propria in diuersis modis viuendi absque proprio diuer
567 2959 2331 3064 simode dispositi sunt ad patientiam, vel impatientiam habendam: secundum hoc est melius eis vel
566 3013 2324 3117 dimittere propria, vel non dimittere: regulariter tamen plures nati sunt habendo communia immobi-
559 3067 2330 3186 lia minus distrahi & per amorem circa illa, & per impatientiam ex carentia propriorum, quam per amo-
