2430 3751
171 269 1970 358 saria: quemadmodum conmunia primo modo sunt necessaria toti congregationi humani generis. Et ideo
169 340 1963 397 dico quod nullo modo possessio eorum pro toto tempore durationis eorum diminuit de ratione persectionis
155 393 1961 453 immo non possidere ea: multum derogaret perfectioni: & esset impeditiuum acquisitionis eius. SED
163 448 1961 504 distinguendum est de modo possidendi ea: quia aut congregatio sic communia possidet quo ad dominium
163 501 1957 564 & proprietatem: aut quo ad vsum facti tantum. Et dicunt aliqui quod possessio communium primo modo dimi-
170 555 1953 624 nuit de apice persectioni:, quae est de possessione communium secundo modo: quia illo modo possidendo non
163 610 1950 675 abrenunciatur omni ei quo non eget tanquam praeternecessario humana fragilitas. solum enim vt prae
165 670 1953 730 dictum est, & secundum Nicolaum Papam, simplici vsu facti eget tanquam necessario. Sed cum possessio
165 715 1957 782 simplex vsus facti haberi non potest nisi alio retinente dominium, & ipso concedente aliis vsum vel ad
168 769 1951 831 voluntatem suam vel simpliciter: & in omne tempus futurum: si ergo nullus vellet vsum talem con
174 821 1955 886 cedere, & merum dominium sibi reseruare, & congregatio plurium fratrum in magna multitudine fine
166 885 1949 945 tali possessione communium non posset simul persistere: non posset ergo apicem perfectionis attingere: & sic
168 929 1953 996 nullo modo talis persectio posset attingi nisi a paucis qui vagi esse vellent: qui tamen non possent esse si
166 985 1952 1049 ne possessione vestium necessariarum. Quare si attingi potest in congregatione magnae multitudinis fratrum
168 1038 1960 1099 simul conmorantium: etiam nullo volente obseruare dominium rerum quaruncumque & quantaruncumque: quarum vsu
166 1092 1956 1154 indigent: ne dicamus perfectionem ab alio quam a deo & nobis dependere siue pro praesenti siue pro fu-
170 1146 1956 1213 turo: accidit ergo apici persectionis abrenunciare dominio talium rerum conmunium: & sic per se & essen
165 1198 1955 1266 tialiter non diminuit de apice perfectionis possessio communium praedictorum quo ad dominium & proprie
166 1254 1949 1323 tatem: quemadmodum etiam non diminuit de perfectione praelatorum quod canonice commissa est eis bonorum com
166 1311 1949 1376 munium procuratio pro se & pro aliis: quam papa si vellet posset eis committere ad suam voluntatem ad vsum
167 1364 1948 1433 facti, retinendo sibi omnino dominium & possessionem. Quia tamen quando alius sibi seruat dominium: & congregationi concedi
161 1415 1955 1481 tur simplex vsus facti quae renunciauit omni dominio: plus elongatur illa congregatio a temporalium
167 1466 1952 1526 amore & occasione amandi ipsa: ideo quo ad hoc licet accidentaliter perfectius est secundum hunc modum abre-
156 1518 1948 1578 nunciare communibus quo ad omne dominium & esse contentum simplici vsu facti: ita quod quo ad hoc esset ad
163 1576 1958 1631 huc amplior perfectio: quanto paucioribus esset communitas illa quo ad vsum facti contenta. Si vero conmu-
157 1630 1958 1699 nia praedicto modo non sunt vsui diurno necessaria: sed superslua: & non nisi ad vsum crastini opportu
164 1683 1956 1739 na: aut ergo obtento eo vel per artem vel per mendicationem, quod vsui diurno est necessarium, continuo alia
155 1737 1949 1795 sollicitudo adhibetur ad obtinendum illud quod est supsluum & non opportunum nisi in crastinum: aut eadem
169 1787 1959 1857 sollicitudine qua obtinetur necessarium, obtinetur & superfluum. Si primo modo: dico quod illud cederet in per
165 1845 1948 1903 fectionis diminutionem: quia per se adhibet curam de crastino & plus debita cura onerat diem instantem.
167 1901 1953 1957 Si secundo modo: dico quod illa oblata sunt aut mobilia aut immobilia. Si immobilia: dico quod diminuunt de ra
160 1953 1959 2027 tione perfectionis propter nimiam sollicitudinem in affectione circa talia ad quam nata sunt allicere quantum
165 2010 1950 2073 est ex se inquantum sunt habita. Si vero sunt mobilia tantum: dico quod in nullo diminueret de ratione perfectio-
168 2064 1957 2113 nis ipsa reseruare in crastinum: sed potius diminueret ipsa non reseruare sed proiicere. Minori enim
166 2114 1958 2175 sollicitudine iam acquisita custodiuntur vsque in crastinum quam tunc de nouo acquirerentur. Propter quod contra Ma
166 2172 1947 2233 nicheos qui dicebant quod non liceret aliquid custodire in crastinum, dicit Augustinus in libro contra adimantium. ca. xxiiii.
159 2231 1949 2289 neque hoc intelligunt ad id pertinere vt temporalia non amemus neque timeamus ne nobis desint ne
164 2275 1945 2342 cessaria: & propter ipsa acquirenda vel deo vel hominibus seruiamus. Nam si hoc ideo dictum est vt non serue
173 2327 1949 2394 tur in crastinum panis: magis hoc implent vagi Romanorum quos passiuos appellant: qui a nona
166 2380 1943 2436 quotidiana satiato ventre: aut donant statim quod restat aut proiiciunt: quam vel domini discipuli &c. Sl autem
169 2435 1943 2504 secundo modo principali diu supradicto comparemus inter se duas dictas sollicitudines circa possess. scilicet &
164 2492 1949 2559 circa acquirenda: tunc possunt duo status: quorum vnus abdicat plura vel conmunia: alter autem pau
166 2544 1940 2600 ciora, & retinet aliqua: comparari inter se quadrupliciter. Simul enim in eodem statu sunt id est aut maior ab-
166 2597 1944 2659 dicatio & minor sollicitudo: aut econverso minor abdicatio & maior sollicitudo: aut maior abdica-
159 2653 1942 2720 tio, & maior sollicitudo: aut econtra minor abdicatio, & minor sollicitudo. Si igitur in statu aliqua sit ma
160 2704 1943 2767 ior abdicatio & minor in acquirendo necessaria sollicitudo: ille status omnino est perfectissimus. Talibus. nm mi
164 2756 1940 2814 nima cura est aut nulla de eis quae sunt mundi & summa de eis quae sunt dei, perfecti sunt illi quasi non indigentes de
160 2802 1950 2880 eis quae sunt mundi: nec sapiunt eis: secundum quod ad hoc hortatur fidelem animam Prosper libro i. de vita contemplati
164 2865 1949 2937 ua sparsim dicens. Sectator ad conditorem suum ipsum iugiter concupiscat: pro amore eius omnia quibus inde potest
158 2918 1943 2985 auerti fugiat, a strepitu negotiorum saecularium remotissimus: amet otium sanctum: in quo exerceat ani
158 2975 1951 3042 mae suae negotium: non metuat aliquid temporale: nec cupiat: ne aut metus amittendae rei temporalis aut cu
169 3039 1941 3104 piditas acquirendae intentionem mentis eius emolliat: nec gaudeat de temporalibus omnino: nec lugeat: nec pe
168 3096 1951 3152 ctoris eius stabilitatem firmitatemque quicquid promittit mundus aut minatur excutiat: sed idem semper ac fi
163 3142 1942 3222 bi similis perseuerans mundi huius damna aut lucra simul non sentiat. De quo etiam dicit Bernar.
