2458 3738
477 235 2277 328 absolute: vt habitum est supra. Propter quid abdicatis, propriis habere conmunia non ponit hominem extra
482 306 2270 388 ambitum perfectionis simpliciter. Sed quia minor abdicatio non potest esse quam abdicando propria tantum
480 358 2277 439 retentis communibus: & restant duae maiores: quarum vna cum, propriis abdicat communia immobilia, & reti
483 428 2264 486 net mobilia tantum: alia vero abdicat omnia, proprias. scilicet & communia, tam mobilia quam immobilia: idcirco habe
481 480 2256 543 re bona in conmuni diminuit de ratione perfectionis secundo mued scilicet impediendo secundum praedictum mo-
479 517 2263 590 dum, per distractionem & sollicitudiuem quam habet illorum possessio & custodia, ne attingi possit quo ad
480 573 2271 654 hoc apex & supremus gradus in statu perfectionis acquirendae: sed necessario sistit citra illum, in inferiori
477 643 2263 712 gradu perfectionis consistendo. habere, eni. in conmuni bona immobilia: ponit infimum gradum perfe-
490 681 2274 753 ctionis: quia illorum custodia requirit maiorem sollicitudinem. Vnde de abbate Isaac dicitur in iii.
488 746 2272 805 dialosti, quod cum crebro discipuli eius postularent: vt pro vsu monasterii possessiones quae offerebantur
489 785 2275 859 acciperet, ille sollicitus suae paupertatis custos, fortem smnimam tenebat dicens. Monachus qui in terra pos
489 841 2271 908 sessionem quaerit: monachus non est. Sicque metuebat paupertatis suae custodiam perdere. Habere vero
490 895 2274 972 in communi bona mobilia tantum, ponit medium gradum perfectionis: quia requirunt quo ad suam custodi-
490 952 2270 1021 am minorem soillcitudinem. Communia autem omnino abdicare cum propriis, ponit gradum perfectio-
492 1006 2276 1082 nis summum. Dico gradum persectionis generandae: quia omnino subtrahit sollicitudinem quae est circa ten-
492 1068 2276 1139 poralium custodiam, & curam de crastino. luxta illud quod dicitur collatione patrum. x. Quae maior
490 1124 2269 1194 aut sanctior potest esse paupertas, quam quae nihil praesidii, nihil virium habere cognoscens: de aliena lar
492 1165 2272 1238 gitate quotidianum poscit auxilium: & vitam suam atque substantiam singulis quibuscumque momen-
498 1223 2261 1290 tis in diuina ope intelligens sustentari: Poscit inquam auxilium, in hoc videlicet vt admittatur
494 1273 2269 1343 ad aliquod manuale officium in quo lucretur necessaria pro instante necessitate: vel vt ipsi liberaliter tam
498 1325 2266 1408 quam mendico tribuatur, quod maxime licitum est quando ad hoc necessitate aliqua vel circa seipsum vel
501 1379 2267 1448 circa proximum existente compellitur ne sibi valeat necessaria manuum labore acquirere. Quia si etiam
495 1444 2270 1513 licitum esset: & simpliciter apicem perfectionis constitueret: omnibus & propriis, & communibus abdicatis
491 1486 2270 1560 validos de mendicitate viuere: de quo nihil ad praesens: tamen tam in laborantibus manualiter quam in
492 1552 2274 1611 mendicantibus per acciden scilicet per sollicitudinem excedentem circa necessariorum acquisitionem, possent
495 1594 2272 1663 isti deprimi quo ad possibilitatem acquirendi perfectionem animi, infra quemlibet illorum: vt nihil omni
498 1653 2275 1716 no prosit illis esse in statu qui per se est perfectior: si tamen per accidens faciunt eum imperfectiorem
494 1703 2266 1781 immo multum eis obesset: quia tanto amplius in excedendo in sollicitudine peccant: & plus caete-
493 1756 2273 1821 ris a perfectione animi se elongant: & a possibilitate acquirendi eam: vt patet ex supra determina-
496 1808 2271 1874 tis. Et est modus iste diminuendi: quemadmodum si diceretur quod animal quod non habet omnes sensus
500 1864 2266 1939 diminueret de ratione animalis: quia deficit a gradu animalis habentis omnes sensus. Si vero loqua
501 1918 2270 1979 tur quaestio de perfectione pertinente ad animum: Dicendum quod de ratione talis persectionis nihil dimi
494 1977 2267 2048 nuit: nisi diminuendo de ratione perfectionis ipsius charitatis: quia in charitate & eius perfectione
497 2041 2274 2092 consistit perfectio mentis: inquantum. scilicet ipsa informatur charitate perfecta: vt patet ex praedeterminatis.
495 2076 2282 2141 De ratione autem charitatis potest intelligi aliquid dupliciter diminuere: vel in eius substantia: vel in eius
489 2130 2270 2203 feruore, seu radicatione, seu aliquo alio huiusmodi. Primo modo de charitatis persectione aliquid potest
490 2192 2279 2254 intelligi diminuere dupliciter. Vno modo quia impedit ne augeatur: & ita ne perficiatur. Alio modo
495 2239 2279 2317 quia subtrahit ei aliquid de sua substantia. Primo modo aliquid dupliciter de ratione perfectionis diminuit, per se scilicet vel
496 2299 2275 2370 per accomens. Per se de ratione perfectionis in charitate, & per hoc de ratione perfectionis animi diminuunt peccatam venialia:
494 2348 2267 2416 & cessatio a bonis operibus. Per accidens vero habere bona in comoni diminuit de ratione perfectionis religiosi:
497 2409 2276 2471 quia. scilicet sunt occasio distrahendi animum a diuino amore, secundum praedeterminata: etsi forte ab il-
496 2464 2275 2526 lo animum alicuius bene dispositi non distraherent in actum. Propter quod secundum praedicta expedit &
489 2508 2273 2581 melius est sic disposito: vt patienter possit esse fine illis omnino, tanquam abiicere illecebram delinquendi: vt
496 2562 2271 2636 non ita de facili peccet non habendo ea sicut habendo: secundum quod habitum est supra. Si vero intelligamus dimi
496 2628 2278 2689 nutionem fieri subtrahendo aliquid quid est de substantia, siue de essentia charitatis: sic dico quod habere bo
491 2670 2272 2739 na in communi non diminuit de perfectione charitatis: & ideo nec de persectione animi. Sicut nec
498 2727 2268 2794 eam diminuit, nec potest diminuere aliquid aliud: quia charitas in sua substantia non est nata diminui:
494 2785 2282 2850 sed solum corrumpi per peccatum mortale: vt alias determinauimus in quadam quaestione de Quolibet
490 2833 2277 2897 Et ideo secundum hunc modum sicut habere bona in conmuni non diminuit de ratione perfectio-
502 2892 2268 2952 nis: sic etiam nec habere bona proprietaria. PER iam dicta patet responsio ad obiecta. Primum enim argu
496 2948 2273 3010 mentum bene procedit: ostendendo quod per se diminuit possessio bonorum conmunium de ratione status
503 2999 2274 3065 perfectionis acquirendae quo ad apicem eius: non autem quin habendo communia abrenunciatis pro-
496 3044 2269 3116 priis maneat in aliquo gradu infra latitudinem perfectionis, quamuis etiam per accidens superior possit esse
492 3112 2262 3179 status in quo habentur communia: quam status ille in quo est omnium communium abdicatio: vt pa-
