2380 3688
170 259 1951 351 minationem quam facit forma circa id quod informat. Ex hoc enim solo quod forma informat aliquid, denominat
181 340 1955 402 totum compositum ex informante & informato. Impossibile est enim quod forma sit informans & non denominans:
174 402 1953 464 vt quod aliquid sit informatum albedine & non sit album. Cum ergo in Christo compositum ex vnione animae cum corpore
180 448 1955 510 informatum sit forma humana: impossibile est quod ex hoc non dicatur esse homo. licet ex hac vnione non
185 500 1948 558 habeat hoc compositum rationem suppositi: quia non subsistit in se, sed in illo a quo assumptum est: quod quidem
178 556 1944 623 assumens per ipsam naturam assumptam factum est suppositum hominis: quid tamen non denominatur homo propter ali
180 608 1948 674 quam informationem in se factam: sed propter illam quae facta est in assumpto. vt suppositum non dicatur homo nisi
190 661 1942 722 quia assumptum sit homo. Nec valet ratio pro illa opinione. licet enim secundum conmunem cursum rerum natu-
180 710 1943 768 ralium: species non denominat nisi suum suppositum: quia nuiius speciei natura assumpta est in alieno suppo
176 766 1942 824 sito nisi in Christo: nihilominus tamen vbi accidit naturam speciei quae in se nata est subsistere & habe-
179 815 1945 884 re rationem, proprii suppositi, assumi ab alieno supposito vt contingit in Christo: bene potest species illa il
179 871 1946 940 lam naturam denominare propter solam informationem. Vnde etsi Christus assumpsisset solum animam: quae tamen
184 922 1936 991 esset vnita corpori: compositum illud ex corpote & anima oporteret dici esse hominem: non tamen haberet ratio
180 979 1941 1044 nem, proprii suppositi: quia anima a qua est personalitas, propria hominis, est assumpta ab alieno supposito: nec haberet
178 1035 1945 1099 esse suum in se terminatum: nec etiam ambo corpus & anima vnita essent in vno communi supposito. Simpliciter
180 1088 1945 1144 ergo dicendum est quod Christus non dicitur homo ex vnione corporis & animae in diuino supposito: sed solum ex
181 1138 1942 1202 vnione ipsorum ad inuicem. AD argumentum in oppositum: quod tunc illa vnio animae cum corpore esset finita & ter
168 1202 1942 1259 minata ante illam quae est amborum in diuino supposito: Dicendum quod non oportet. Deus enim in Christo vt
177 1256 1936 1316 dicunt Damascenus & Augu. assumpsit corpus per animam & mediante anima. lta quod licet in eodem instanti facta sit
173 1303 1932 1362 vnio animae cum corpore & vtriusque cun diuinitate: tamen prioritate naturae prius erat vnio diuinitatis cum
175 1357 1932 1425 animae: & inde per animam simul vnio vtriusque cum corpore. Adhuc dato quod non assumpsisset corpus mediante anima:
168 1412 1925 1481 sed vtrumque aeque immediate: non tamen oportet quod prius fuisset terminata vnio animae cum corpore quam vtrumque
168 1464 1927 1532 cum deitate, quia simul in eodem instanti quo anima vniebatur corpori, potuit simul vtrumque cum deitate vniri. ita
174 1511 1929 1573 quod quocumque illorum modorum vnio illa intelligatur fuisse facta, numquam fuit ibi vnio animae cum corpore prius quin
174 1570 1933 1632 simul & duratione & natura fuit vnio compositi ab vtroque cum deitate. & sic humana natura in Chri
170 1632 1936 1693 sto nunquam fuit in se distincta & terminata in proprio supposito: sed semper in diuino supposito: & sic deus
178 1674 1408 1730 in Christo nunquam assumpsit hominis suppositum, sed solum naturam.
488 1723 1949 1783 Equitur quaestio vnica pertinens ad statum mortis humanitatis assumptae in Christo.
493 1782 1928 1839 Et est: vtrum corpus Christi in sepulcro habuit aliquam formam substantialem qua infor-
482 1845 1933 1908 mabatur anima eius ab ipso separata. Ex arguebatur quod sic. PRImo: quia non potest materia
494 1886 1931 1952 esse fine forma. Quod enim per se existit, in actu est: & materia non habet esse in actum nisi
479 1946 1930 2012 per formam: quia de se solum est ens in potentia secundum philosophum, quoniam ergo corpus Christi in
483 1994 1936 2066 sepulcro habuit in se materiam quae non informabat anima: oportuit ipsum ergo tunc ha
470 2034 1930 2111 buisse aliquam formam substantialem qua informabatur. SEcundo: quia generatio vnius
178 2106 1930 2168 est corruptio alterius. secundum philosophum: & econuerso, quia ergo Christo moriente in cruce in ipso fuit vera
175 2153 1933 2224 corruptio & naturalis vnius compositi naturalis, vt hominis: ergo fuit ibi alterius compositi naturalis gene
173 2213 1925 2269 ratio: sed hoc non nisi per nouae formae introductionem in materiam illam quae prius informabatur anima Christi. er
169 2268 1926 2334 go &c. TERtio: quia mortuum dicit priuationem formae a qua erat vita. Corpus Christi vere mortuum
164 2323 1925 2379 erat in sepulcro: ergo in Christo fuit priuatio formea a qua prius in eo erat vita: sed non est priuatio for-
166 2374 1918 2433 mae vnius nisi cum forma contraria existente in materia, vt vult philosophus in primo Physicorum. ergo &c. QVAR
161 2422 1918 2491 to: quia nihil est in genere substantiae nisi per suam formam substantialem. corpus ergo Christi in sepulcro aut ha-
159 2475 1920 2535 buit aliquam formam substantialem, autem non erat in genere substantiae: consequens est falsum, quia prius quando
161 2533 1924 2591 erat viuum erat in genere substantiae. Si vero mortuum non fuit in genere substantiae: non fuit idem corpus nume
169 2588 1926 2654 ro mortuum quid prius erat viuum, quia quae non sunt eadem genere non possunt esse eadem numero. illud autem fal
161 2640 1922 2695 sum est. falsum est ergo antecedens ex quo sequitur: scilicet quod corpus Christi in sepulcro mortuum non habuit
160 2688 1919 2762 formam substantialem. CONtra. Si corpus Christii sepulcro habuit formam substantialem, necessatio ha-
159 2739 1929 2813 buit aliquid esse specificum, quia omnis forma substantialis est constitutiua speciei: & sic corpus Christi in sepulcro
154 2799 1922 2872 fuisset lapis, aut vermis, aut aliquid huiusmodi. quid falsum est. quia tunc non fuisset vniuoce idem corpus quid
158 2847 1913 2919 prius. falsum est ergo & antecedens. DICENdum ad hoc: quod ponentes aliam formam substantialem in corpo
156 2913 1922 2979 re Christi succedere animae separatae, necesse habebant hoc ponere ex duobus fundamentis suis quae verissima
163 2957 1924 3029 esse supponebant: & non poterant illis suppositis aliter ponere. PRImum fundamentum eorum erat, quod materia
155 3017 1917 3079 non posset subsistere in actum sine aliqua forma substantiali qua informatur. SEcundum erat, quod vna est forma
150 3069 1918 3130 substantialis simplex in vna materia & non plutes, quae si separetur ab ea, tota separatur. & quantum in se est omnino
150 3122 1923 3212 denudat materiam a forma, ita quod maneat nuda & pura ab omni forma, nisi aliqua alia forma substantialis
