2482 3707
535 249 2307 337 nem qua sunt ab eo non in eo: & quod secundum rationem cognoscendi relatio eius non est ad ipsas secundum
529 316 2307 382 quod habent esse in singularibus: sed solum secundum quod sunt intellecta eius. Vnde subdit in eodem. Suum igitur intel
538 373 2294 435 ligere eius quid est post suam essentiam causatum, est eius quiod est ipsum intelligere suam essentiam, quamuis intellecta quae
538 430 2305 491 sunt post suam essentiam non sunt intellecta eius nisi secundum modum intellectorum intelligibilem: non autem secun
539 476 2305 545 dum anitatem. i. secundum eorum entitatem. Et non est respectus alicuius eorum ad ipsum, nisi secundum rationem princi
535 543 2326 607 pis scilicet.secundum quod ex eo est non in eo. Nec putet aliquis quod relatio intelligibilis ad ea sit relatio ad ea secundum quod
535 581 2304 647 inueniunm scilicet in re extra. Sed haec relatio eius ad illa est inquantum ipsa sunt in dispositione intellecta. Si
538 633 2302 705 autem hoc esset inquantum est esse eorum in singularibus, eueniret tunc quod ipse non intelligeret nisi quod inue
531 702 2309 760 niretur in vnaquamque hora: nec intelligeret de eis quod priuatum esset de eis in singularibus nisi postquam essent: &
531 742 2309 811 non intelligeret de seipso quod ipsum est principium essendi illius rei secundum ordinem suum nisi cum fieret principium.
540 795 2311 861 Et sic non intelligeret suam essentiam: quia natura suae essentiae est vt fluat ab eo quicquid est: & sua appre-
536 848 2309 921 hensio de ipsis est inquantum natura eorum est quod sunt sic. Vnde oportet etiam vt sit apprehendens alterum
528 905 2306 974 quamuis non sit. Igitur sciens diuinum erit comprehendens id quid iam est: & quod posse est esse: cuius relatio ad ipsa
538 968 2316 1028 erit inquantum sunt intellecta: non inquantum sunt in singularibus. lsta positio Auic. quae forte plurium
533 1016 2313 1087 philosophorum fuit, valde absurda est: quoniam ponit aliqua a nobis posse cognosci quae deus non posset co
535 1078 2312 1143 gnoscere. scilicet particularia signata. Sed diceret quod ista cognoscit: sed non particulariter: quia hoc esset in-
535 1120 2313 1182 dignum suae perfectioni: vt tangit dictum suum in praecedente quaestione. Verum est si modo eodem quo nos illa cognosceret
534 1172 2308 1241 cilicet acquirendo cognitionem ab eis. Praeterea cum ab eis singularitur causata sunt: singularitur debet ea cognosce
531 1241 2309 1299 re: & eius causas, proximas particulares. Praeterea cognitio vniuersalis imperfecta est respectu singularis.
529 1281 2300 1352 Illa ergo potius repugnat diuinae persectioni quam ista. Et quod arguit quod tunc non intelligeret rem nisi dum esset
534 1348 2305 1406 neque se esse principium eius nisi dum esset: Dicendum quod verum esset: si verum esset illud quod supponit: quod na-
538 1385 2305 1460 tura suae essentiae esset vt fluat ab ea quicquid est. Tunc enim aut ab aeterno & semper flueret, aut nunquam.
532 1442 2318 1506 Et sic secundum ipsum non esset essentia diuina. Vnde ponit quod generabilia & corruptibilia particularia
536 1496 2312 1557 non sunt ab ipso nisi in vniuersali in primis causatis a quibus habent causari in particulari. Ponendo er-
539 1545 2317 1625 go quod de libero arbitrio voluntatis suae est quod fluit a deo quicquid est, illud non sequitur. quid non posuit: quia vi
544 1606 2317 1678 dere non potuit quomodo voluntate antiquae & aeternae determinationis possit fieri effectus nouus: sed
528 1661 2315 1732 posuit quod si de nouo aliquid immediate fieret a deo: quod hoc esset noua & mutabili voluntate: quid alibi de
542 1727 2318 1783 claratum est esse falsum. Ponendo ergo quod deus est omnium in particulari causa productiua: non tantum me
544 1768 2319 1824 diata sed etiam immediata: & quod ideo omnia in esse particulari cognoscit: declarandum quomodo co-
546 1821 2317 1895 gnoscit omnia in esse particulari inquantum est principium ipsorum immediatum secundum substantiam & naturam
544 1885 2318 1941 rerum: & hoc immutabiliter, siue sint, siue non sint. Sentiendum est quod ideo vniformiter scit ea esse cum sunt
542 1936 2311 1996 & non esse cum non sunt: quia scit determinationem suae voluntatis. quia enim vt dictum est, simplici intuitu no-
553 1990 2315 2050 uit omnia temporis instantia & omnium rerum essentias in earum singularitate: per hoc quod in aliquo instanti singu-
546 2037 2317 2106 lari quod ipse facturus est mediante motu caeli determinauit se aliquid facturum puta Antichristum in instan
543 2089 2321 2146 ti b. in cognoscendo se esse causam illius per suam sustantiam secundum actum, siue in producendo, siue in conseruando
545 2143 2318 2207 cognoscit illam rem esse: in cognoscendo vero eam non esse causam eius eisdem modis secundum actum cognoscit
545 2198 2323 2264 illam non esse. & hoc vniformi scientia: sicut & vniformi essentia. Sicut enim ex parte suae essentiae siue
542 2248 2315 2319 substantiae omnino est vniformitas: absque omni variatione, siue sit causa secundum habitum, siue secundum actum, in pro-
547 2309 2316 2369 ducendo vel conseruando res: sic & ex parte scientiae: quia scit omnia talia sciendo inuariabilem essentiam & inuaria
542 2363 2315 2420 bilem voluntatis determinationem. Et per omnem eundem modum vniformi scientia scit res differentes penes esse prae
544 2412 2322 2479 sens, fuisse, & fore: non esse praesens non fuisse & non fore. Quia enim circa instantia temporis determinauit sin
551 2465 2324 2538 gulis in quibus ea esset facturus & conseruaturus: sciendo suam essentiam cum voluntatis suae determinatione
552 2538 2319 2587 inuariabili simul & aequali inuariabilitate scit futura esse futura cum sunt futura: & non esse futura
545 2585 2325 2643 cum non sunt futura: & esse praesentia cum sunt praesentia: & non esse praesentia cum non sunt praesentia: & esse praeterita
545 2630 2319 2689 siue fuisse cum fuerunt: & non fuisse cum non fuerunt. et hoc secundum omnes dispositiones quibus futura sunt vel non fu
547 2685 2309 2747 tura: praesentia vel non praesentia: praeterita vel non praeterita. Et per hunc modum contra illud quod dictum est supra,
545 2738 2318 2794 secundum Auic. relatio est dei ad res per determinationem suae voluntatis: & secundum rationem producentis: & secundum
553 2794 2326 2852 rationem cognoscentis: non solum secundum quod sunt in dispositione intellecta, sub ratione scilicet vniuersalis: sed etiam
547 2846 2313 2900 secundum quod inueniuntur extra in existentia singulari actuali: & etiam secundum quod sunt in dispositione intellecta
555 2898 2315 2967 sub ratione scilicet ingularis, & quo ad ipsam essentiam singularem: & quae ad eius esse fuisse & fore. Nec sequitur illud
555 2952 2306 3021 inconueniens quod inducit Auic. vt dictum est. Licet autem secundum vtrumque dictorum modorum sit relatio dei ad crea
553 3006 2317 3058 turas & econuerso: sciendum tamen quod ex parte dei potest esse vnica secundum rationem quantum est ex parte
552 3058 2312 3120 sua: cum tamen sit multiplex secundum rem ex parte creaturae: & hoc secundum illas dispositiones varias: quae sunt esse: non
550 3123 2313 3195 esse: fuisse & fore: quae solum notant varietatem circa res: non autem circa dei scientiam cum dicitur scire
