2438 3730
139 293 1930 384 dam sed potius opinabilia. Praemissis igitur inspectis: patet quod scientia dei non est nisi vniformis, qua
141 362 1920 420 litercumque circa res accidat variatio: quia neque ex parte dei scientis potest variari: quia non acquirit
138 415 1926 478 alicuius scientiam de nouo, neque augmentum neque diminutionem eius. Non enim potest scire plura vel
145 475 1913 540 pauciora vel alio modo vel alia, quam scit: & hoc maxime quo ad scientiam pure speculatiuam. Similiter
141 537 1918 598 quantum est ex parte sua quo ad eius scientiam quasi practicam qua nouit operanda determinata
142 584 1917 648 per eius voluntatem. ldem enim est iudicium quo ad hoc de scire particularia & vniversala: plura vel pauciora
139 640 1913 710 quia scientia dei secundum praedicta etsi non determinat facienda vel non facienda: perfecte tamen
149 692 1906 756 perscrutatur determinationem suae voluntatis quo ad facienda & non facienda. lta quod sicut deus ab
141 745 1917 807 aeterno potuit velle se esse facturum plura vel pauciora vel alia: ita ab aeterno potuit scire plura, vel pau
137 807 1918 863 ciora, vel alia se esse facturum: & scire se esse facturum quae non est facturus: & hoc sine omni mutatione:
146 858 1919 917 quia sine pluralitate mutationis contrariorum circa idem: quia non exit de habitu sciendi in actum:
144 907 1914 965 nec tamen hoc fuisset scire alia plura vel pauciora. Idem enim semper est scitum incomplexum siue scia
143 961 1917 1025 tur hoc facturus siue non facturus: sicut siue sciatur esse vel non esse: fuisse vel fore: & ideo eadem scien
139 1015 1914 1081 tia, vt dictum est. Et praeterea vnum est quod omnino prohibet variationem esse circa scientiam de scilicet quod omnis
148 1069 1922 1134 variationis modus circa res siue sub ratione incomplexi: siue sub ratione complexi simul comprhen
150 1124 1922 1180 dit ab aeterno: & hoc quantum est ex parte nunc aeternitatis suae. Si enim vna dictio esset imposita
140 1177 1923 1240 ad signandum nunc aeternitatis prout abstrahit ab omni differentia temporis: tunc quicquid si
141 1230 1913 1288 ue secundum rationem complexi siue secundum rationem incomplexi praedictatur de nostra scientia se-
134 1281 1908 1350 cundum diuersas dictiones consignantes diuersas differentias temporis: dicendo sciam vel scio vel sciui, prae
134 1345 1915 1398 dicabitur de scientia diuina secundum illam eandem dictionem signantem actum scientiae eius, nullam dif-
130 1385 1915 1460 ferentiam temporis consignantem: sed solum consignantem nunc aeternitatis. & si esset haec dictio scio:
139 1442 1913 1504 bene diceretur: deus scit Antichristum esse: sicut & secundum modum nostrum cum sciet sit futuri tempo
134 1499 1915 1558 ris: bene dicitur sciet Antichristum esse: quia futurum nostrum continetur in suo nunc praesente aeternitatis. Ita
138 1551 1910 1617 quod hoc posito non sequitur: Deus scit Antichristum esse: ergo Antichristus est: propter conmutationem
133 1608 1910 1671 durationis nunc aeternitatis in nunc temporis. Infertur enim conclusio ac si ly scit cum dicitur deus scit An
135 1664 1907 1726 tichristum esse. consignaret nunc temporis: modo autem non consignat in praemissa nisi nunc aeternita-
132 1718 1913 1782 tis. de illo enim bene sequitur, scit Antichristum: ergo Antichristus est: de isto autem nequaquam. Sed est aduertendum
130 1766 1916 1826 quod deus scit res alio & alio modo ex parte rerum cognitarum: quia cognitione pure speculatiua cogno-
128 1819 1909 1886 scit rerum essentias secundum quod essentiae sunt absolute quasi secundum lineam rectam ordinatas secundum gra
131 1874 1914 1938 dus essentiarum. de quo ordine iam inferius erit sermo in quarta quaestione. In cognitione vero pra
131 1927 1907 1991 ctica cognoscit essentias rerum vt quaedam operanda: & hoc quasi secundum ordinem lineae circularis
130 1983 1913 2043 secundum circulum temporis: in quo & eius partibus instantibus fortiuntur suam existentiam: sed aliter rerum essen
127 2043 1915 2103 tias considerando vt sunt essentiae ordinatae secundum gradus rerum: aliter vero vt operabilia sunt ordi-
133 2088 1909 2144 nata secundum circulum temporis: quia ad essentias se habet & ad lineam rectam earum sicut vni
123 2135 1913 2206 tas prima ad numerum: ad operabilia vero & ad circulum eorum sicut punctus centri videntis aequali
136 2196 1910 2254 ter vndique totam circunferentiam & quemlibet punctum eius & quicquid est in eis. VLterius au-
133 2248 1905 2315 tem est aduertendum: quod secundum quod deus videt res non solum vt factibiles simpliciter: sed vt va
121 2307 1911 2371 riabiles sua factione secundum esse & non esse: fore non fore: fuisse non fuisse, vt supra dictum est, se
129 2358 1915 2425 cundum hoc videt & cognoscit easdem res & eadem scibilia omnino secundum aliam & aliam ra
131 2410 1909 2472 tionem circuli. Quia operabilia primo modo cognoscit secundum rationem & ordinem circuli fi
119 2465 1902 2529 xi & stantis respectu suae scientiae quantuncumque & tempus & temporalia in seipsis fluant. Secundo au
128 2518 1904 2580 tem modo cognoscit ea secundum rationem & ordinem circuli fluentis cum variatione. sui fluxus
117 2575 1911 2635 nihil variantis circa essentiam scientiae dei: sed solummodo circa eius denominationem eandem rem
113 2625 1903 2687 scire. quandoque esse & quandoque non esse: quandoque futuram: quandoque non futuram: quondoque fuisse: quandoque non
118 2677 1903 2741 fuisse: quandoque scire: quandoque non scire: quanidoque sciuisse: & quandoque non sciuisse: quandoque sciturum esse:
116 2732 1901 2796 quandoque non sciturum esse: & hoc attribuendo ei scire consignans differentias nostri temporis. At
116 2796 1901 2851 tr. ibuendo vero ei scire quid consignaret solummodo nunc abstractum aeternitatis: tunc neque secundum sermo
117 2839 1901 2926 pis expressionem aliquam fieret ibi variatio, vt dictum est. AD argumentum in oppositum quod di
133 2897 1892 2963 uersitas scibilium non potest a rebus causari: sed a scientia dei vel ab aliquo in deo: Dicendum quod ve
132 2958 1893 3019 rum est: sed illa in deo est secundum rationem tantum: vel ex parte intellectus quo ad ideas respectu di-
130 3013 1896 3074 uersitatis essentiarum in rebus: vel ex parte voluntatis quo ad eius determinationes circa operan-
136 3054 1908 3129 da ab ipsa, vt dictum est. Nec requiritur tanta diuersitas in principiis quanta in principiatis. sed ta
136 3110 1695 3196 lis ratiouis diuersitas in deo nihil diuersificat eius scientiam: vt patet ex determinatis.
