2437 3708
851 253 2291 351 lrca tertium: quod non est possibile aliquem agere id quod impossibile est fieri: arguitur sic.
862 341 2298 406 Actiuum & passiuum sunt relatiua: quorum vnum ponit alterum: nec est vnum sine altero.
860 398 2293 464 si ergo non est alicuius potentia passiua vt fiat: nulla est respectu illius potentia
856 453 2294 529 actiua: quae illud esse faciat. CONtra. deus facit aliquid ex nihilo: in quo nulla
857 519 2299 578 omnino est potentia passiua. DIcendum ad hoc: quod aliquid dicitur impossibile fieri dupli
828 563 2288 631 citer. Vno modo obiectiue tanquam illud quod habet ab alio fieri. secundum quod dicitur
518 619 2294 690 posse generari id quod est terminus generationis. Hoc modo quod impossibile est fieri nullum agens potest facere. &
530 677 2288 748 sic nihil dicitur impossibile fieri nisi purum nihil: quod non est aliquid per essentiam: non solum per existentiam. tale impos
517 732 2287 801 sibile fieri nec deus potest facere: non propter defectum alicuius potentiae: sed quia ad tale non ordinatur aliqua
513 795 2294 844 actiua potentia. Alio autem mod dicitur aliquid impossibile fieri subiectiue: & hoc dupliciter. Vno mo
517 852 2289 919 do quia non est aliquod subiectum in potentia de qua possit aliquid fieri respectu cuiuscunque agen-
515 910 2291 977 tis. Alio modo quia non est aliquid subiectum in potentia vno modo respectu vnius agentis: est tamen in
523 959 2290 1030 potentia alio modo & respectu alterius agentis. Ponere impossibile primo modo simpliciter impli
527 1013 2285 1090 cat contradictionem: & repugnat factioni secundum omnem cursum & ordinem rerum. Repugnat est agenti simpli
525 1070 2286 1141 citer: vt si determinari ad situm siue locum secundum substantiam non sit nisi ratione quantitatis: & aliquid
524 1122 2292 1190 quid ex sua natura & substantia nullo modo in se habet aliquid pertinens ad quantitatem vt punctum aut li
517 1187 2292 1248 nea aut huiusmodi: ponatur secundum substantiam determinari ad situm vel locum: vel si distingui indiuiduali
521 1234 2282 1292 ter siue numeraliter aliqua duo sub eadem specie non sit nisi ratione quantitatis aut materiae: & aliquid quid in se
516 1285 2285 1361 nullo modo habet quantitatem aut materiam nec habere potest: ponatur modo dicto distingui aut posse distingui
523 1345 2280 1415 ab alio suae speciei. Impossibile vero secundo modo etsi esset impossibile fieri respectu alicuius agentis & secundum ali
519 1395 2296 1470 quem ordinem & cursum rerum: non tamen secundum omnem: vt cum aliquid dicitur fieri ex nihilo quid solum possibile est facere
522 1455 2283 1530 agentem supernaturaliter. Impossibile modo tertio est vbi est aliqua potentia in subiecto reducibilis ad
517 1514 2294 1592 actum per agens supernaturale: non autem per agens naturale: vt quod naturaliter caecus fiat videns: aut quod mortuus.
517 1565 2282 1637 resurgat. Isto autem secundo & tertio modo ipossibile fieri non dicitur impossibile fieri simpliciter: sed solum impossi
515 1621 2291 1695 bile primo modo Non ei est ipossibile simpliciter nisi quid est ipossibile simpliciter potenti: non autem quod est ipossibile ali
514 1687 2290 1747 cui non simpliciter potenti. quemadmodum non est simpliciter dulce aut amarum nisi quod est dulce aut amarum respectu
521 1733 2293 1811 gustus simpliciter bene dispositi. Et illud est solummo impossibile primo modo: ita quod nihil sit impossibi
510 1790 2287 1872 le deum agere: quin illud sit impossibile fieri: & econuerso nihil est impossibile fieri quin sit impossibi
507 1847 2290 1916 le deum agere illud. & sic nihil potest deus agere quod est impossibile fieri. lta quod magnum incon-
517 1902 2291 1971 ueniens est dicere deum posse aliquid agere secundum quemcunque cursum & ordinem rerum, quod
517 1957 2287 2015 secundum se simpliciter impossibile est fieri. Est etiam magnum inconueniens dicere de tali impossibi
507 2016 2277 2078 li puta quod contradictoria sunt simul in eodem: quod non est ipossibile quia deus non potest facere hoc: sed quia
514 2067 2280 2125 hoc non potest fieri: quasi restet non ex parte dei quin in ipso sit potentia actiua ad hoc faciendum
515 2120 2291 2177 sed ex parte facti: quia non est in ipso potentia ad hoc fieri. immo nec in eo est potentia ad hoc facere: sicut non est
517 2177 2292 2253 in eo potentia ad peccare: quia illud esset omnem ordinem rerum confundere: quid posse non esset potentiae sedi
512 2238 2284 2302 potentiae: nec est propter impotentiam aut defectum potentiae: sed propter potentiae abundantiam: vt de
514 2294 2295 2359 talibus bene dicatur quod deus potenter non possit ea facere. Vnde in eis quae potest facere ipsum facere est vo
515 2340 2282 2405 luntas facientis: nec ab alio dependet ipsum fieri. lta quod non est verum dicere de impossibili simpli-
520 2402 2294 2469 citer quod deus non potest illud facere quia non potest fieri: sed potius non potest fieri quia deus non potest facere
516 2452 2290 2526 sicut & in affirmatiua non dicitur deum possibile aliquid facere quia illud possibile est fieri: sed econversoquia
517 2507 2297 2561 deus potest illud facere, ideo possibile est fieri: aut obiectiue aut subiectiue. Vnde de correspondentia po
515 2558 2300 2619 tentiae actiuae & passiuae dicit Commentator super primum cae. & mundi. Notum est per se quod illud quod est possibile ab extri
507 2613 2290 2685 seco est possibile per se. concessum est enim quod omne impossibile in se est impossibile secundum extrinsecum: & impossi
509 2669 2290 2751 bile est imaginari aliquid esse possibile in respectu patientis: & impossibile in respectu agentis: & possibi
518 2725 2321 2818 le non est possibile nisi in respectu agentis & patientis. AD primum in oppositum: quia non est potentia actiua cuinum puo
513 2778 2290 2844 respondet potentia passiua: dicendum quod verum est vel obiectiue vel subiectiue. vtroque modo respectu agentis
505 2837 2295 2900 naturalis quod nihil agit nisi ex subiecta materia. obiectiue solum respectu agentis supernatural quod agiton-
503 2893 2286 2960 nullo subiecto. Non agit tamen nisi quid est natura & essentia aliqua potens esse obiectum & terminus factionis in
510 2950 2284 3025 diuinae: in cuius essentia est ista potentia essentialiter: inquantum essentia cuiuslibet creaturae inquantum
512 3002 1161 3054 est de se, est possibile esse & non esse.
844 3046 2277 3127 Irca quartum arguitur quod effectus contingens possit immediate fieria deo: quia potest ab
840 3101 2285 3176 ipso fieri mediante creatura, potest enim fieri immediate a creatura: & quicquid
841 3158 2279 3216 sit immediate a creatura, sit mediante creatura a deo. quicquid autem a deo po
842 3221 2282 3288 test fieri mediate, potest fieri & ab ipso immediate. CONtra. effectus contin-
843 3269 2280 3363 gens non habet immediate nisi causam contingentem. deus autem nullius potest
