2460 3737
522 168 2284 272 respectu dei, si non sit primum, nec aliquod aliorum: secundum philosophum in secundo Metaphysicae de sta
525 250 2281 322 tu causarum. sed in essentialiter ordinatis semper praecedens est primum respectu sequentium: & essentia-
527 300 2285 390 lem ordinem habet ad omnia sequentia: qualem primum simpliciter respectu omnium. ergo in sic
521 360 2277 437 ordinatis ad vnum primum omnium si non sit proximum post illud quod est primum respectu omnium aliorum
512 421 2276 481 nec aliquod aliorum. ergo a contrario si sint alia posteriora essentialiter ordinata ad primum omnium, ne
517 470 2277 538 cessario est aliquod primum respectu illorum, quod est secundum respectu primi, & proximum illi. lta quod sicut
521 529 2274 597 primo simpliciter nihil potest esse prius: sic sub isto non potest aliquid esse prius respectu aliorum. hoc autem nonest
505 579 2282 645 nisi ponere statum in perfectionibus creaturarum. ergo &c. Contra. deus est infinitae perfectionis. se-
508 632 2273 705 cundum autem rationes perfectionis est imitabilis a creaturis. ergo secundum rationes infinitas est imitabi
507 681 2278 764 lis a creaturis. hoc autem non est nisi quia creatura sm aequales modos imitatur: quia non est imitabilitas pas
506 745 2271 831 siua sine imitante actiua, sicut velite non potest esse passiuum sine correspondente actiuo, nec econuerso. ergo
512 806 2268 878 creatura secundum infinitos gradus perfectionis potest esse imitatiua dei. hoc autem non contingeret si status & nu-
507 854 2262 942 merus esset in perfectionibus creaturarum. ergo &c. HIC in principio sciendum secundum praedicta in prima quae
507 904 2266 999 stione praecedente: quod creaturae ad deum dupliciter habent comparationem. Vno modo secundum suas essentias
508 973 2272 1049 vt secundum rationes ideales speculatiuas sunt quaedam exemplata ipsius. Alio modo secundum suas existentias, vt sm
505 1027 2267 1102 rationes ideales practicas sint quaedam operata siue operanda ab ipso. Et isto secundo modo creaturae nuilum
504 1082 2267 1163 ordinem essentialem habent ad deum, quo necesse est ipsum per ordinem producere creaturas in esse: vt primo vnam
513 1135 2270 1211 primam: & deinde alias per ordinem mediante prima: & semper posteriorem mediante priori, siue non, sed singu
510 1190 2258 1257 lam immediate a deo, licet aliquem talium ordinum posuit Auius in productione rerum a deo, vt alibi expo
508 1237 2255 1320 suimus. Primo autem modo creaturae omnes ordinem essentialem secundum gradus perfectionum in diuersitate essentiae habent
500 1294 2253 1380 inter se, & ad primum: quemadmodum in diuinis, vbi in identitate essentiae habent esse plures ab vno pri
501 1362 2261 1440 mo, necessario habent ordinem essentialem siue naturalem inter se & ad primum, secundum rationes productionum.
505 1403 2257 1491 Nunc autem ita est quod in essentialiter siue naturaliter ordinatis secundum actus producendi inter se & ad vnum pri
502 1466 2266 1535 mum, est aliquid secundum respectu primi & omnium aliorum, quod producitur a solo primo: & tertium quid non a solo
504 1519 2268 1583 primo: sed simul a primo & secundo. et si ordo procederet vlterius, quartum non produceretur a solo primo
503 1583 2261 1657 nec a solo primo & secundo: sed simul a primo secundo & tertio: & sic deinceps, ita quod nuilum sequentium produ
494 1635 2263 1714 ci posset a primo, aut aliquo aliorum, nisi simul ab omnibus intermediis, vt alibi plane declaraui-
502 1694 2260 1760 mus, loquendo de emanationibus diuinarum personarum. Quare si sit ordo essentialis in essentiis rerum
504 1751 2260 1820 potius quam in existentiis: erit consimiliter in essentialiter ordinatis secundum actum essendi scilicet essentialiter
494 1804 2254 1864 secundum formas & essentias suas producibiles in esse a deo secundum actum existendi: ita quod est aliquid
496 1850 2259 1934 secundum respectu primi & omnium aliorum: quid solum immediatum est ad primum: & post primum
503 1911 2250 1991 & secundum tertium, quid solum immediatum est post illos: & sic deinceps vsque ad infimam crea-
492 1964 2254 2024 turam. ita quod nuilum sequentium haberet quod essentia & natura quaedam esset a deo producibilis
498 2021 2251 2099 ordinem essentialem habendo ad ipsum: nisi haberet similiter ordinem essentialem ad omnia intermedia
501 2076 2259 2153 & illa similiter ad primum, ita quod quocunque posteriorum dato in tali ordine impossibile est ponere
490 2125 2254 2193 infinita media inter illud & primum. Hoc enim esset ordinem essentialem omnino interimere. Si-
490 2189 2252 2256 cut enim in tali ordine si non est primum simpliciter non est aliquod posteriorum: sic similiter si non est
498 2233 2251 2320 secundum proximum post primum: nec etiam est aliquod posteriorum, quia illud secundum primum est
496 2299 2242 2358 respectu posteriorum: & sic deinceps. Et declaratur ordo essentialis in sic ordinatis in hoc: quod modo
495 2353 2244 2410 numerorum in eis est aliquod vnum primum simplicissimum in fine simplicitatis & virtutis infinitae
497 2402 2246 2466 quia summe vnitae: & post illud est aliquod vnum quod per aliquam compositionem sed minimam quae
492 2467 2241 2533 potest reperiri in creaturis, recedit a simplicitate illius primi: quemadmodum binarius per aliquam
485 2514 2249 2582 compositionem recedit a simplicitate vnitatis: sed minimam quae potest inueniri in numeris. Vnde
491 2577 2253 2645 est post illud primum omnino infinitum magis infinitum virtute caeteris & magis vnite. & sic dein
490 2628 2247 2681 ceps vsque ad infimam creaturam minimae virtutis. Vt secundum hoc intelligatur illud quod dicit
483 2676 2245 2738 Augustinus libro confes. Duo fecisti domine: vnum prope te: scilicet aliquam creaturam angeli
485 2738 2251 2793 cam: alterum prope nihi scilicet primam materiam. Vnde si multiplicatio essentiarum creaturae intelli
489 2794 2251 2863 gatur multiplicari siue plurificari, hoc non debet imaginari ponendo principium in prima materia
484 2846 2243 2901 & accedendo ad primum omnium a minus nobili ad magis nobile sic vt non ponatur finis perfectionum in
483 2894 2250 2971 creaturis in ascendendo. Istud enim contrarium est ordini naturae: quem natura nunquam inchoaret cum
484 2946 2244 3024 eum perficere non posset. esset etiam contrarium reductioni creaturarum ad deum: quia nulla perfecte reduceretur ad ips
476 3007 2254 3077 quia non reducuntur posteriora ad primum nisi per medium. nec esset in reducendo ordo non modo essentialis: sed nec
478 3066 2245 3137 aliquis ordo omnino: quia in infinitis non est ordo. Quia autem aliqui assignant pro cauam: quod si ponatur quaecumque crea
467 3109 2244 3200 tura perfectissima, sm aliquam perfectionem imitabilitatis in deo imitatur ipsum: quae est super persectionem imitabilitatis
