2424 3724
142 201 1723 296 nisi ponendo cum diuersis respectibus diuersas rationes persectionis eis subtractas.
502 275 1961 339 Irca secundum arguitur: quod aliqua creatura vt substantia incorporalis separata
508 331 1954 393 seipsa sit formaliter necesse esse. Primo sic, quid habet causam intrinsecam formalem
508 379 1954 444 sui esse sibi semper praesentem, ex se est formaliter necesse esse. substantiae separatae sunt
504 434 1950 511 huiusmodoi. ergo &c. Probatio maioris est, quia ablatis causis extrinsecis res manet in esse
514 491 1945 555 secundum suas causas intrinsecas. Probatio minoris est, quia illae substantiae simplices sunt
507 540 1947 624 formae quibus habent esse, quae propter simplicitatem sibi abesse non praesent. Secundo sic. quid
506 601 1954 658 non pont relinquere causam formalem sui esse, ex se formaliter est necesse esse. sub
175 649 1951 720 stantiae praedictae sunt huiusmodi, quia secundum Proclum propositione. xlv. nuilum simplex relinquit seipsum
179 713 1951 775 substantiae illae formae simplices sunt, vt non possint relinquere suam formam nisi relinquendo se. Prae
184 773 1956 832 terea philosophous dicit punctum esse indiuisibilem: quia non habet vltimum. Non habere ergo vltimum
178 824 1947 890 est ratio eius quod est esse indiuisibilem. Quare cum illae substantiae sint indiuisibiles, non habent vltimum. nihil
177 872 1940 936 autem potest se relinquere nisi habeat vltimum: quia relinquere necessario ponit duos terminos. IN con-
175 925 1943 999 trarium est Auicen. qui probat quod non est nisi vnum necesse esse, vt deus. HIC primo est aduertendum
183 987 1953 1056 diuersos esse modos essendi: quorum aliqui sunt possibiles: aliqui impossibiles: & sunt vndecim. Quorum
183 1046 1953 1109 primus est eius quod ex se formaliter est ens: & a nullo principiatiue. Hoc modo habet esse solus deus pater
180 1095 1946 1163 in diuinis: & est necesse esse ex se formaliter, ita quod a nullo principiatiue. Secundus modus est eius quid
182 1143 1954 1211 est ex se formaliter ens: sed cum hoc habet suum esse ab alio. Quod potest poni tripliciter. Vno modo principia
186 1202 1950 1266 tiue. secundo modo causatiue. tertio modo dependenter. Primo istorum modorum ex se esse formaliter
176 1261 1955 1322 & ab alio principiatiue conuenit filio & spiritui sancto in diuinis, & hoc m identitatem substantiae
185 1307 1946 1372 eius qui est ab alio: & eius a quo est: & ambo habent esse ex se formaliter, licet ab alio principiatiue. Secundo
182 1361 1961 1420 modo aliqui imponunt philosopho quod posuerit substantias ingenerabiles & incorruptibiles alias a primo ex se
175 1418 1956 1486 formaliter esse necesse esse, sed ab alio vt a deo causatiue, quia in aliena substantia. Tertio modo creditur ve
183 1467 1953 1539 rius philosophum posuisse mundum & ingenerabilia & incorruptibilia habere ex se esse formaliter, sed
179 1524 1955 1585 solum dependenter ad primum, vt iam dicetur. Et vterque istorum modorum est ipossibilis, quia in vtro-
177 1575 1952 1638 quod ponitur creaturae conuenire quod ex se formaliter sit necesse esse, quod est ipossibile, vt iam declarabitur.
189 1629 1957 1700 Quintus modus est eius quod est ex se possibile esse: sed non possibile non esse, sed ab alio causatiue est
179 1685 1958 1745 necesse esse, quid implicat contradictoria, vt videbitur. Sextus est eius quod est ex se possibile esse: sed ab alio cau
188 1737 1958 1794 satiue necessario habet esse. & est positio Auic. quae similiter implicat contradictoria, vt videbitur.
182 1790 1961 1858 Septimus est eius quod est ex se possibile esse: & similiter ab alio causatiue possibile esse. Et hoc dupliciter
188 1855 1962 1917 vel ab aeterno. secundum quod aliqui moderni ponunt potuisse creaturam fieri a deo ab aeterno, licet non sit
188 1902 1963 1968 facta: quid similiter includit contradictoria. vel ex tempore: & hoc dupliciter. vel quod habent esse cum toto tempore: sic mundus & omnis cre
185 1953 1954 2015 atura incorruptibiul & ex se & ab alio est possibile esse. vel in parte temporis: sic sunt generabilia & corruptibilia, de
186 2007 1952 2066 quorum esse nihil ad praesens. Vndecimus modus est eius quod nec ex se nec ab alio est possibile esse: quae
191 2059 1952 2124 le est res a reor reris dicta: quae est ens solum secundum imaginationem: nec est naturae aut essentiae alicuius
191 2105 1963 2176 vnde nec est factibile omnino. De quibus dicit philosophus. i. cae. & mun, quod sunt non entia semper tempore infi
184 2166 1962 2223 nito, vt iam dicetur. De modis essendi primo & secundo nihil ad praesens: quia solum pertinent
193 2224 1956 2293 ad ens increatum. Similiter nec de octauo nec nono modo, quia non ponunt circa creaturam ne-
197 2280 1963 2340 cesse esse. Sed de quinque intermediis oportet hic considerare. Quantum ergo ad tertium modum
187 2324 1964 2394 dicunt aliqui quod philosophus posuit essentias omnium incorruptibilium post primum ens existentes ordine naturae
193 2377 1965 2441 determinatas esse ad esse: ita quod nullo modo sint possibiles ad non esse: ita quod ex se non sunt etiam possibi-
188 2435 1958 2504 le esse, sed tantum ex se formaliter necesse esse: quid tamen causatiue habent ab alio: quod quidem aliud cum
193 2488 1963 2557 hoc quod ex se formaliter est necesse esse, hoc a nullo est causatiue, quid posuit esse deum, & omne aliud
196 2540 1964 2602 creaturam. Et secundum hoc aliqua creatura ex se formaliter est necesse esse: & hoc quemadmodum
195 2594 1967 2656 secundum fidem catholicam in diuinis personae filii & spiritus sancti conuenit quod ex se formaliter
198 2644 1959 2710 sint necesse esse: principiatiue tamen hoc habent a patre: qui solus ex se formaliter est necesse esse,
197 2701 1962 2771 ita quod a nullo principiatiue. secundum quod hoc de personis diuinis alibi exposuimus. lta quod secundum hoc
197 2749 1967 2827 non refert ponere aliquid esse ex se formaliter necesse esse & ab alio productum, siue ponatur eius
198 2815 1963 2875 dem substantiae cum producente, siue diuersae: nisi quod in diuinis de substantia eius quid ex se forma-
198 2859 1975 2933 liter est necesse esse & a nullo principiatiue, producuntur illi qui ex se sunt necesse esse & ab illo pri
197 2925 1967 2984 cipiatiue. In creaturis vero quod secundum dictum modum ex se formaliter est necesse esse, & principia-
197 2966 1974 3040 tiue ab alio, de nulla substantia habet produci, neque producentis, neque alterius, vt iam amplius declarabitur
195 3025 1972 3093 Quomodo autem necessarium sit in diuinis ponere necesse esse aliquibus conuenire ex se formaliter, ab
191 3079 1974 3154 alio tamen principiatiue: sed in identitate substantiae producentis & producti: alibi declarauimus.
