2414 3656
176 194 1910 273 quia non habet contrarium. Est igitur remanens per se & per suam substantiam. Motus autem impossibile
176 261 1910 315 est vt sit remanens per suam substantiam: cum habeat contrariu. scilicet quietem. ldeoque in caelo non est possi-
176 310 1916 381 bilitas nisi vt quiescat. corruptio enim non est in eo sicut quies. Et ideo non est verum dicere aliquid pos
172 372 1910 434 sibile esse ex se: aeternum autem & necessarium ex alio: nisi in motu caeli tantum. Vt autem aliquid sit possibile in
176 418 1906 487 substantia sua: & per aliud sit necesse in esse, est impossibile: nisi esset possibile vt eius natura trans
168 478 1906 540 mutaretur. Intelligo vt de natura possibili esse, fieret natura necesse esse: vt non esset amplius ex se
172 527 1902 591 possibilis esse: sed ex se necesse esse formaliter: sed ab alio principiatiue. Et est ille modus tertius quem
168 579 1898 642 habemus prae manibus: quem vt dixi aliqui ponunt philosophum posuisse. Sed quia haec positio mani-
170 632 1891 688 feste contradictionem implicat vt declaratum est: non videtur aliis philosopum aliquid tam absurdum po-
171 684 1902 747 suisse. Vnde Commentator assignat rationem quare motus potest esse necessarius ab alio non a substantia: di-
175 737 1900 790 cens. Permanentia motus est ex alio: substantiae autem ex se. ldeo impossibile est inueniri substantiam possibi-
170 789 1893 844 lem ex se necessariam ex alio: quod possibile est in motu. Cum ergo philosophus posuit quod substantiae incorrupti-
169 843 1899 908 biles sint ex se formaliter necesse esse: nullo modo cum hoc posuit quod sunt causatiuae ab alio. Propter
176 900 1901 963 quod verius est dicere quod philosophus non ponit alia a primo esse ab ipso effectiue siue causatiue, non continuatione
174 947 1901 1014 motus. Sic enim omne aliud a deo ex se esset possibile esse & non esse vt dictum est: & non haberet esse nisi
175 999 1905 1057 sibi acquisitum causatiue a deo: quod est positio Auicen. Posuit ergo omnia quae sunt, praeter generabilia
174 1053 1908 1113 & corruptibilia esse ex se formaliter sicut deum: sic & omnia alia ab ipsqu incorruptibilia secundum
167 1106 1914 1172 naturas specierum. Et solummodo quo ad hoc differentiam posuit inter alia a deo: quod quaedam species
169 1159 1907 1216 stant in esse ex se formaliter in vnico indiuiduo: vt omnia incorruptibilia secundum ipsum: quaedam
176 1214 1903 1279 vero non nisi in pluribus: vt species generabilium & corruptibilium: quae per se vt species sunt, sunt incorru-
168 1266 1900 1326 ptibiles. Sed per accidens corrumpuntur in indiuiduis suis. Quemadmodum etiam elementa secundum speciem &
169 1319 1909 1384 secundum tota posuit incorruptibilia: secundum partes vero corruptibilia. Si ergo philosophus ponit alia esse a deo: hoc est
173 1366 1901 1430 solum dependenter secundum quartum modum essendi praetactum: vt ponat omne aliud ens a deo in suo esse depen-
171 1421 1898 1488 dere: sicut minus perfectum in esse a magis perfecto: & per eundem modum a secundo post deum omnia posteriora:
171 1483 1898 1541 pro tante. scilicet quod propter essentialem ordinem quem habent inter se, si non esset primum: non esset aliquid posterio-
172 1525 1897 1587 rum: ita quod primum posset poni in esse fine posteriori: quia non dependet ab illis: nuilum autem aliorum
169 1579 1903 1642 sine primo quantuncumque ponantur fore necesse esse ex se formaliter. Posuit enim quod sic essent omnia neces-
175 1634 1896 1690 saria in suo necesse esse ex se formaliter: quod sibi abesse non possent. lta etiam quod si ponatur aliquod po-
171 1686 1900 1744 steriorum esse & primum non esse, includantur contradictoria simul in eodem: quod scilicet esset: quia est necesse
175 1738 1898 1796 esse fine possibilitate ad non esse: & quod non esset: quia illud per positionem non est a quo essentialiter depen
173 1794 1891 1860 det in esse. secundum quod versus finem quaestionis declarabimus. Sed ista positio quae putatur fuisse philosophi, etsi
177 1843 1909 1910 non implicet contradictoria: supponit tamen vnum falsum scilicet quod aliquid in suo esse essentialiter dependet ab eo
172 1898 1899 1955 a quo non habet esse. Nauta enim per suam absentiam numquam esset causa periclitationis nauis nisi per suam prae-
171 1951 1900 2011 sentiam aliquo modo esset causa esse salutis nauis. Vnde secundum superius dicta quantuncumque sit essentia-
177 2003 1902 2059 lis ordo creaturarum inter se: quia tamen esse non habent nisi a primo in suis speciebus: a nullo dependent in
178 2055 1912 2120 suo esse nisi a primo. Vt vn. scilicet illarum sicut nec secundum productionem in esse dependet ab alia, sic neque se
178 2104 1905 2167 cundum permanentiam suam in esse. Vnde & indiuidua generabilia & corruptibilia si in nullo a corpo-
181 2158 1904 2227 ribus caelestibus & motibus eorum dependerent secundum productionem suam in esse: neque secundum eorum permanem
175 2214 1906 2279 tiam in esse. Vnde & sicut deus in suis primis indiuiduis produxit ea fine illis: vt cuncta terraenascem
185 2273 1906 2329 tia tertia die, ante creationem solis & lunae & stellarum quarta die, ne vt dicit Ambrosius in Hexame.
178 2328 1906 2389 putarentur fuisse mediante sole luna & stellis, si post quartam dien fuissent producta: sic & deus sine il
175 2375 1898 2433 lis potest etiam ea conseruare in esse. vt contra sententiam philosophorum illud quod est possibile esse & non esse ex
182 2426 1894 2480 se, possit perpetuari in esse de futuro: etsi non semper fuit in praeterito: sed recepit esse post non esse. &
182 2478 1899 2543 hoc quia esse habet ab alio. Vnde eadem de causa qua Commentator dicit de motu: quod possibile est
183 2530 1897 2601 vt sit necessarius ex alio: & possibilis ex se, scilicet quia esse habet ab alio: scilicet a motore: & ideo
185 2586 1893 2652 aeternus: quia est a motore aeterno: vt ideo esse & permanentia eius possit esse ab alio ab aeterno: potuisset di-
176 2643 1899 2707 xisse de substantia. Vnde quod philosophus in substantiis posuit impossibile substantiam inueniri possibilem ex se, necessa
178 2693 1897 2749 riam autem ex alio, huius causa non est nisi quia posuit permanentiam substantiae aeternam non esse nisi ex
180 2738 1901 2803 se: ita quod nullo modo ex alio causatiue: sicut in substantia generabili & corruptibili posuit quod ex se ne
187 2801 1897 2864 cesse habet quandoque non esse: licet ab alio habet esse. vt habere esse ab alio: quod est possibile ex se, non sit
186 2850 1904 2917 tota ratio quare possit ab alio perpetuari in esse. Sed cum hoc concurrunt alia duo: Quorum primum
183 2902 1904 2963 est quod esse suum habet immediate ab eo quod vniformiter se habet ad ipsum, & ad mobile, vt est anima caeli
188 2958 1906 3017 siue motor eius coniunctus: & similiter esse suum mediate ab eo quod semper vniformiter se habet in se
190 3004 1917 3092 & respectu aliorum: vt a motore primo: quia est immotus semper & per se essentialiter & accidentaliter, &
