2503 3727
533 184 2324 268 hoc propter particularia generabilia & corruptibilia: quae esse suum immediate habent a caelestibus cor-
533 280 2318 340 poribus: quae propter motum quo sunt causae eorum, semper difformiter se habent ad illa. Secundum vero: quia nec per-
540 326 2320 393 manentiam suam habet ex se: & hoc propter substantias alias a generabilibus & coriuptibilibus: quarum natu
544 377 2322 437 ram posuit philosophus esse talem, quod non esset in ea potentia omnino: nisi quod in solo corpore caelesti esset potentia ad vbi:
547 428 2320 498 & quod in substantia sua ex se & natura sua essent necesse esse: & quod alia ex substantia & natura sua non sunt
546 492 2313 552 necesse esse: sed corruptibile: ita quod si aliquid sit semper existens hoc facit natura sua qua est necesse esse, vt
546 538 2313 603 nihil possit esse semper existens nisi ex se sit necesse esse praeter motum: et similiter si aliquid sit non semper existens,
544 590 2320 657 hoc facit natura sua quae non est necesse esse: vt secundum ipsum substantia quia ex se non semper est, non possit hatbene ab
551 645 2315 703 alio semper esse nisi eius natura transmutetur: vt ille alius pro vna natura daret sibi aliam naturam: et similiter dans de
550 700 2319 760 vna natura transmutaretur in aliam. Et hoc est quod dicit in primo cae. & mun. Impossibile est vt non gene
549 753 2313 822 rabile in aliquo tempore cadat sub corruptione. Impossibile est enim vt aliquid non generabile & corru
542 809 2324 871 ptibile fiat sine factore. Facta enim sine factore rara sunt: & cum fuerint destruuntur. Permanens autem in aeter
550 870 2328 926 num, & in tempore infinito non sit sine factore omnino: & cum ita sit, natura est faciens omnia aeterna
543 918 2322 980 necessario, & ipsa facit vt idem sit ens, & vt sit non ens in tempore, & tempore: & vt quaedam sint semper entia
549 970 2322 1030 & quaedam non entia semper in tempore infinita. & causa illius est fortitudo illius naturae. Quod exponens
551 1026 2317 1089 Commentator dicit sic. Abbreuiatio huius sermonis est: quod si aliquid est non generabile siue ponatur si
556 1074 2318 1142 ue non, & aliquid fuerit corruptibile, siue generatum siue non: manifestum est quod impossibile est quod sit casu
556 1131 2316 1188 nam sicut quod sit casu raro fit: ita etiam parum existit. Et cum ita sit: illud quod semper est, non est semper nisi ex
558 1188 2314 1252 natura ad hoc: & est natura eius per quam est quid est. Naturae igitur rerum dant eis aut vt sint semper, aut
556 1232 2318 1301 vt non sint semper: aut vt aliquando sint, & aliquando non sint. Si igitur inuenitur aliquid generabile
555 1291 2310 1352 aeternum, aut aeternum corruptum, esset possibile vt natura possibilis transmutaretur in necessariam, & ne-
565 1345 2323 1407 cessaria in possibilem in agente natura & recipiente: quod est impossibile. Et dixit. Impossibile est enim vt
558 1396 2325 1459 aliquid generabile &c. i. impossibile est vt aliquid sit non generabile aut non corruptibile casu: sed ne-
560 1451 2319 1511 cessarium est vt hoc sit natura faciente: quoniam omnia existentia casu non permanent nisi parum: sicut non fiunt
554 1505 2322 1563 nisi raro. Deinde dixit. Permanens autem & aeternum &c id e. non fit nisi quia substantia & essentia eius dat
558 1561 2326 1621 ei permanentiam. Deinde dixit: Et cum ita natura sit &c. i. et cum causa esse rerum naturalium sit ex natura:
553 1617 2324 1674 naturalia sunt tribus modis: aut quorum natura dat eis vt semper sint, aut vt semper non sint, aut vt
563 1671 2323 1730 sint in duabus dispositionibus. et nulla natura dat vt sit semper et non sit, nisi necessarium transmutetur
558 1724 2323 1784 in possibile. Deinde dixit. Et causa illius est &c. i. & causa diuersitatis entium in istis dispositionibus
559 1779 2323 1843 est causa diuersitatis naturae in sua substantia. Est ergo positio philosophi: quod res inferiores deo non possunt esse
556 1830 2327 1899 in alia dispositione quam habent ex natura sua: et quod aliquorum natura est vt semper sint: & aliorum vt semper
561 1886 2332 1950 non sint: & aliorum vt neque semper sint, neque semper non sint: sed quod aliquando sint & aliquando non. & quod necessarium ita
557 1938 2326 1993 esse, & se habere & in se & respectu dei. Quia sicut secundum ipsum est natura aliarum rerum sic se habere vt se
567 1992 2327 2050 habent: similiter est natura dei sic se habere vt se habet & in se & respectu aliorum: vt non posset omnino
559 2051 2323 2113 res facere aliter se habere quam habent: nisi ipse sicut & alia transmutaretur ab vna natura in aliam: quid omnino est
566 2097 2326 2156 impossibile vt dictum est: aut sequaretur quod contrariae naturae simul essent in eodem. Et hoc est quid philosophus continue
563 2153 2325 2215 subiungit dicens. Non est igitur possibile vt aliquid semper sit non generabile: et semper corruptibile. quod si fue-
567 2207 2327 2267 rit, possibile est tunc contraria esse in actum necessario: quid est ipossibile. Quod exponens Commententor dicit. Deinde
563 2268 2323 2329 dixit. Non est igitur possibile &c. i. non est possibile vt eadem natura det ei esse semper et non esse semper. Hoc autem
570 2315 2323 2377 conuenit dicenti aliquid esse ingeneratum et post generatum: et aliquid non corruptibile et post corruptum. scilicet quod necesse
561 2372 2316 2437 est ei ponere aliquid cuius natura dat ei vt sit semper et vt semper non sit. Deinde confirmauit hoc per demon
563 2423 2328 2492 strationem supe quam sustentatus est in his demonstrationibus: et dixit: Quia si fuerit, possibile &c. i. si aliquis po-
559 2474 2328 2545 suerit quod possibile est vt in aliquo aeterno sit potentia ad corruptionem absque eo quod corrumpatur: conuenit ei
565 2528 2329 2598 quod illae sint duae potentiae contrariae existente scilicet potentia ad esse & potentia ad non esse in actum. Si ergo actio
566 2587 2326 2653 vnius potentiae fuerit in actum: necessario erit altera in potentia: cum impossibile sit vt actio duarum potentiarum
553 2637 2329 2710 sint insimu scilicet non esse in actum, et esse in actum: nisi idem sit et non sit in actum: quid est ipossibile. Et si vna illarum
560 2692 2333 2751 fuerit in potentia, erit positio suae actionis quod sit in actum, falsa non possibilis. sed est falsa impossibilis: quia in
559 2749 2323 2816 ducit ad esse actuum duarum potentiarum simul in actu. Ergo illud quod positum fuit scilicet potentiam esse ad contrarium
552 2798 2332 2857 non esse in aeterno, falsum est et nihil: quoniam impossibile contrarium est possibili: et ex quo sequitur impossibile est
555 2854 2311 2918 impossibile. Ex quibus patet quod praeter generabile et corruptibile non ponit philosophus aliquid aliquando non esse nisi semper
559 2915 2314 2981 naturaliter sit non ens in praeterito et futuro: neque esse aliquando nisi semper naturaliter sit ens in praeterito et fu
558 2963 2320 3031 turo: et quod nihil sit possibile esse quandoque ens, et quandoque non ens: nisi habens contrarium in materia ex qua generatur
560 3020 2316 3079 quandoque et est: et in quam corrumpitur quandoque et non est. secundum quod manifeste dicit in sequentibus. Et possumus perscru
558 3069 2325 3155 tari de hoc sermone &c. vbi dicit Commen. Omne igitur generabile habet contrarium, et omne corruptibile simi-
