2402 3662
158 253 1922 327 liter. Et cum coniungitur huic quod omne generabile habet contrarium: & omne habens contrarium est corrupti
158 316 1911 388 bile: convenit quod omne generab:le est corruptibile. & similiter si coniungitur huic quod omne corruptibile habet simile:
154 379 1916 441 conuenit quod omne corruptibile est generabile. habens enim contrarium impossibile est vt remaneat per tempus infini
158 425 1911 482 tum: neque in praeterito neque in futuro. Si ergo mundus fuit primo non ens, deinde generatus fuit post non
165 477 1903 540 esse: necesse erit huic contrarium: ex quo fuit non ens antequam generabatur: & cum est ei contrarium: necessario
172 533 1907 598 corrumpitur post generationem &c. Ex quo plane patet quod ponit impossibile aliquid a deo fieri ex nihilo: aut fa-
170 584 1907 642 ctum tale perpetuo conseruari in esse: sed deum nihil agere omnino circa res nisi quod ex ordine quodam secundum quod
166 644 1894 703 dictum est, ex dependentia quadam ad ipsum per ipsum conseruantur in esse. & quod posuit omne quid semper est, ex se for
170 693 1901 749 maliter esse necesse esse: & quod semper non est, ex se esse impossibile esse: & quod aliquando est aliquando non est, ex se esse
174 742 1905 803 possibile. lta primum numquam possibile est non esse. Secundum vero numquam possibile est esse. Tertium necesse est quuamque
170 797 1905 858 esse: & quandoque non esse, non ita quod semper fuerit in esse de praeterito: & non erit semper vel aliquando pro futuro: nec ita
173 843 1898 908 quod semper fuerit non ens pro praeterito: sed erit semper aut aliquando pro futuro: sed ita quod non semper fuerit pro prae-
174 900 1903 961 terito: & quod non semper erit pro futuro: sed aliquando sit: ita quod nec primum idem numero habuerit esse: nec poste
169 952 1903 1002 rius habebit. Propter quod dixit multum ante praedicta. Illud quod semper est ens, neque est generabile neque cor
170 1007 1906 1070 ruptibile &c. Super quo dicit Commen. Vt cum aliquid dicitur semper ens, convenit vt sit in toto tempore: & illud in
172 1061 1901 1117 cuius natura est receptio aeternitatis, non recipit aeternitatem in praeterito absque futuro: neque in futuro
170 1106 1915 1171 absque praeterito. Vbi voluit plane quod illud quod est semper non ens in praeterito: non est possibile vt sit in futuro:
166 1165 1908 1226 nec econuerso quod est semper non ens in futuro, fuerit ens in praeterito. HAEC sunt reuera quae philosophus suppo
176 1215 1903 1282 nit tamquam fundamenta sua: vbicumque loquitur de hac materia, siue in primo cae. & mun. siue in. viii. physi. siue
162 1269 1895 1328 alibi. Ex quo patet quod falsa sunt maxime secundum fidem catholicam: quam ponit aliquid fieri ex nihilo: immo quic-
173 1322 1893 1383 quid est praeter deum, & totum mundum aliquando factum ex nihilo. Ponit est ex his plurima diuina virtute in toto
171 1375 1893 1436 futuro conseruari in esse: & quod deus agit causatiue aliquid circa res: & quod omne quid est praeter ipsum, quantum est ex se
177 1426 1906 1495 esse non habet nec habuit nisi a deo: ex se autem non nisi non esse & tantum possibile esse & caeta contraria praedictis
175 1478 1900 1539 Quibus negatis & rationabiliter negatis patet inspicienti dicta sua: quod nulla rationum suarum procedit. Et sic
170 1534 1895 1591 appellando creaturam quicquid est aliud a deo, philosophus posuit plurimas creaturas esse ex se formaliter necesse
168 1585 1893 1639 esse: quid omnino falsum est: immo omnis creatura & omne aliud a deo, ex se est possibile esse & non esse: vt po
167 1629 1896 1696 suit Auicen. cuius opinio in hoc multo verior fuit & propinquior veritati catholicae: quod scilicet. ecundum sextum
164 1689 1897 1750 modum essendi supra positum, omnis creatura ex se est possibile esse: ita quod praeter primum nullum aliorum sit ne-
170 1746 1893 1798 cesse esse: secundum quod probat efficacissime vt alibi declarauimus. Vnde dicit. viii. Metaph. Caetera alia
169 1791 1896 1858 extra necesse esse habent quiditates quae sunt per se possibiles esse: quibus non accidit esse nisi extrinsecus.
203 1846 1897 1901 Ponit autem Auicen. in positione sua duo: quae alibis saepius declarauimus. Vnum, quod deus caeteris creatu-
168 1896 1897 1957 ris mundi a generabilibus & corruptibilibus dat esse ex necessitate suae essentiae: et ita semper in omni
164 1955 1900 2022 praeterito, ita quod ab aeterno: & in omni futuro, ita quod inaeternum conseruabit illud esse quod dedit. Aliud, quod
172 2008 1903 2076 licet creatura talis a deo semper esse habet, & ab aeterno esse: ita quod numquam fuit in non esse: quia tamen ita ex se
172 2062 1896 2128 est possibile esse & non esse quod semper est in non esse, nisi ab alio habeat esse: natura ipsa habet esse post non
166 2112 1902 2172 esse: licet non duratione. secundum quod dicit in. vi. eiusdem. Quid per essentiam suam causa est alterius rei, profecto
162 2160 1897 2231 semper erit ei causa: eo quod absolute prohibet rem non esse. Et haec est intentio quae apud sapientes vocatur crea-
172 2220 1899 2284 tio: quod est dare rei esse post non esse absolute. Causatum enim quantum est in se, est vt non sit: quantum vero
167 2265 1903 2339 ad suam causam est ei vt sit. Quid autem est ei ex seipsa: apud intellectum prius est per essentiam non tempore eo
172 2330 1897 2389 quid est ei ex alio. ergo esse causatum est post non ens posterioritate essentiae. Et secundum hoc large sumen-
170 2386 1903 2447 do incipere esse, verum est dicere quod omne creatum incepit esse: quamquam ab aeterno habuit ab alio esse. Vnde
170 2432 1906 2499 continuo subdit. Si autem laxaueris nomen inceptionis circa omne esse quod habet esse post non esse: quamuis non
163 2470 1898 2535 sit haec posterioritas tempore: tunc esse causatum erit incipiens. Si tamen proprie sumatur incipere, solum genera-
165 2531 1903 2601 bilis res ex tempore determinato dicitur incipere esse. Vnde continuo subdit. Si vero non laxaueris: sed
161 2588 1897 2649 fuerit conditio incipientis vt habeat esse quo tempus sit prius: & sic non omne causatum est incipiens. Sic autem
161 2637 1890 2699 nec Auicen. nec fides catholica ponunt creaturam incepisse post tempus praecedens: immo Auicen. & Plato,
162 2695 1899 2747 et fides catholica ponunt quod tempus incepit cum mundo. Sed Plato & fides catholica quod non incepit ab
166 2749 1898 2812 aeterno: Auicen. vero quod ab aeterno est a parte ante. Omnes vero concedunt quod aeternus est ex parte post in futu-
160 2796 1891 2864 rum. & sic ponunt quod in aeterno sit potentia vt corrumpatur: licet nunquam continget ipsum corrumpi. Et sic
164 2853 1898 2918 possibile est vt aliquid incipiat esse & remaneat post imperpetuum: ita etiam secundum fidem catholicam, vt
158 2908 1894 2974 licet semper fuisset in perpetuo prius, possibile taman esset eum corrumpi in futuro: vt licet possibili-
163 2960 1895 3020 tas ad corruptionem sit ei ex se: incorruptio tamen ab alio: non autem ex eius natura propria. Vt hoc modo non
154 3013 1902 3070 sit inconueniens quod aliquid sit ens per tempus infinitum: & possibile ad non esse semper: & sic duae potentiae
153 3068 1910 3138 quoquo modo contrariae sint in eodem: vna secundum cursum naturae institutae: alia secundum cursum volum-
