2466 3726
521 226 2267 305 tatis diuinae. cuius contraria principia sumpsit philosophus: vt patet ex dictis. Ex quibus sicut ex falsis sup-
512 293 2271 367 positis seruata bona forma arguendi efficacissime concludit contrarium huiusmodi: vt patet inspicien
517 356 2267 413 ti primum cae. & mun. & hoc rationibus quibus non est facile respondere: nisi interimendo funda-
514 402 2273 470 menta supposita in dictis suppositionibus: quae postquam veritati fidei sunt contraria, rationabiliter pos
510 457 2271 524 sunt negari & interimi. Nec desunt rationes pure naturales efficaciores & euidentiores intellectui
518 513 2272 578 per quas possunt & debent interimi, quam sint illae per quas probantur, quae vt dicit Augustinus, quan-
514 568 2272 636 tuncumque sint apparentes, solubiles sunt: quia veri similitudine decipiunt: nec verae rationes esse pos-
515 622 2274 680 sunt: sed verisimiles tantum sunt. Vnde cum fundamenta illa sint impossibilia: & opposita eorum ne-
513 679 2270 738 cessaria: impossibile est quod necessariis desint necessariae rationes & magis euidentes quam induci pos-
504 736 2272 807 sint pro ipsis fundamentis impossibilibus: licet rationes illae non omnibus perspicuae esse possint.
511 788 2281 859 Vnde & eisdem qui primo ponunt huiusmodi fundamenta falsa ex rationibus verisimilibus: con-
504 844 2272 913 tingit quod postmodum contradicant eisdem ex rationibus veris: sicut contigit Auerroes qui fundamen-
508 902 2272 970 ta praedicta philosophi quae asseruit, & de opinione philosophi esse dixit exponendo primum cae. & mun.
511 957 2265 1024 postmodum eadem negauit in libello de substantia orbis: & dixit contraria eorum de opinione
508 1014 2274 1083 philosophi fuisse: vt iam infra patebit. Hinc etiam contingit quod ea quae quibusdam rationibus in pluri
511 1068 2272 1133 bus locis asserit, per alia eius dicta alibi efficacissime impugnari possunt: vt patet ex eis quae alibi
507 1123 2266 1191 declarauimus in quaestione de bona fortuna. lsta opinio Auicen. deficit in duobus. In vno quod ponit
510 1184 2263 1245 creaturam habere esse a deo necessitate naturae eius: & quod tamen est ex se possibile esse. In alio: quod ponit
506 1232 2252 1299 ipsam habere esse a deo ab aeterno: licet natura post non esse. AD destructionem autem primi, sciendum
511 1285 2257 1345 secundum determinationem philosophi veridicam in primo cae. & mun. quod falsum est duobus modis: im-
512 1343 2255 1415 possibil scilicet & non impossibile. & quod falsum quod non est impossibile est illud quod est possibile vt sit: quan
517 1406 2267 1465 do ponitur ens in actum antequam sit. Verbi gratia: si posuerimus Sortem qui est surgens esse sedentem
518 1453 2268 1517 est falsum possibile & non impossibile: cum possit sedere. Qui autem dixerit surgentem & sedentem simul: fal
506 1508 2263 1568 sum dicit & impossibile. In talibus autem oppositis ita est quod in tempore in quo res habet vnum opposito-
515 1561 2265 1629 rum, non habet nisi potentiam ad secundum: non autem ad oppositum habitum in actum. Si ergo secundum positionem
517 1625 2275 1686 Auicen. aliquid ex se vt creatura mundi est in potentia ad non esse & corruptionem: & ex deo semper
507 1680 2266 1736 necesse est ipsam esse: si ponatur non existere in actum: positio ista falsa est possibilis. Sed si ita fuerit: &
516 1736 2264 1796 cum hoc necessario habet esse ab alio: contingit vt sit ens & non ens simul: quod est falsum impossibile
514 1789 2273 1854 Cum ergo hoc sit possibile: quod creatura possibilis est non esse: & ideo absolute poni eam non esse, falsum
515 1843 2269 1906 est: sed non impossibile: sed poni cum alio, quid ponit Auice. scilicet quod a deo habet esse de necessitate: est falsum
515 1896 2271 1959 & impossibile: quare cum sequitur ex illis duobus: & falsum impossibile non sequitur nisi ex falso impossi-
514 1947 2268 2019 bili: illud ergo est falsum & impossibile, quod illud quod est ex se possibile esse & non esse, de necessitate a deo
517 2005 2265 2073 habeat esse: aut econverso si habeat esse a deo necessitate, vt deus non possit ipsi non dare esse: sicut non
519 2065 2266 2132 potest non esse deus: nullo modo est ex se possibile esse & non esse: aut ipse deus posset non esse deus: aut
522 2110 2263 2175 non esse necesse esse. Immo si hoc est impossibile, creatura mundi ex se non habet potentiam ad substantiam:
517 2178 2271 2231 siue ad esse aut non esse in substantia: siue ad esse aut non esse secundum substantiam: sicut neque caelum aut alia
514 2229 2262 2291 incorruptibilia secundum philosopum. Vnde ex hoc quod creata sunt ex se possibile esse: & deus sit necesse esse:
520 2276 2270 2338 summe verebatur Auicen. ponere quod per necessariam concomitantiam ad esse dei necessario simul ab aeterno
519 2331 2263 2399 sequaretur esse creaturae. Sic enim dicit in. viii. Metaph. Si vero posuerit ea sequentia suam essentiam: se. scilicet quod
522 2383 2265 2458 creaturae de necessitate simul sint cum eius essentia: accidet suae essentiae quod ex parte eorum non sit necesse
519 2436 2267 2509 esse propter applicationem suam ad posse esse. Reuera non esset ex se perfecte necesse esse: quia nihil necessi
518 2495 2268 2563 tate naturae agit in aliena substantia ad producendum aliud esse: nisi ab eo aliquo modo dependeat perfe-
515 2550 2269 2616 ctio in suo esse: vt per hoc relationem realem habeat deus ad creaturam: & esset mutabilis secundum ipsam: nisi
514 2615 2268 2678 creatura incommutabiliter fieret ab isto: ita quod non esset possibilis ad non esse: quod est impossibile secundum
509 2667 2259 2736 praedicta. Vnde durum fuit Auicen. hoc ponere: quia ponit quod in deo aliquid persectionis acquiritur per
511 2724 2264 2781 creatum. Sed durius videbatur ei ponere quod de nouo creaturam produceret: quia vt dicit in libro vi. necessa-
515 2760 2272 2834 rio praecederet in esse suo motus. Sed huic difficultati respondet subdens. Nec cures si eius essentia acci
507 2823 2259 2896 piatur cum aliqua relatione ad posse esse: sed non inquantum est sua essentia. Vbi intelligendum quod accipe-
512 2879 2266 2943 re essentiam suam cum relatione ad posse esse non inquantum est sua essentia: non potest intelligi nisi aut in
515 2935 2261 3000 quantum est sua scientia aut inquantum est sua voluntas: quia non est principium producendi res nisi aut per scien
504 2981 2250 3054 tiam suam, aut per suam voluntatem. & proculdubio ipse posuit quod inquantum est sua scientia. Vnde subdit post
512 3031 2254 3110 modicum. Et scias quod ipse intelligit suam essentiam esse principium omnis fluxus intellecti inquantum est intel
505 3091 2261 3158 lectum creatum. Primus igitur intelligit suam essentiam & ordinationem bonitatis quae est in omni, & quomodo
507 3141 2264 3235 est. lgitur illa ordinatio ob hoc quod intelligit eam, fiuit & fit & est: & sciuit sieri & modum fiendi. Sed hoc
