2522 3704
560 239 2356 320 deficere quam proficere. ergo &c. AD hoc dicendum: quod siquis non distinguat inter actum voluntatis natura
563 312 2341 380 lem & deliberatiuum: non aspiciendo ad actum alium quam deliberatiuum: potest dicere quod creatura intellectualis po
554 365 2341 423 test habere primum actum malum. Cum enim deliberauerit eligendo, siue bonum fuerit, siue malum, propter liberi
552 419 2330 498 arbitrii facultatem potest eligere malum: licet non nisi vt bonum sibi & sub specie boni: vt iam dicetur. Vnde dicentes
565 474 2335 542 quod deliberatio naturae intellectualis possit fieri subito: quia intelligit fine discursu: possunt ponere quod in
561 531 2344 597 primo instanti actio prima possit esse mala. Sed quia eius deliberatio non potest esse in instanti: ideo non potuit
563 595 2339 656 in primo instanti habere actum malum. Vnde & secundum ponentes quod homines & angeli erant creati in gra: & quod bo
556 635 2332 704 ni angeli meruerunt in primo instanti creationis suae, meritum illud siquid erat processit ex gera in actu volum
560 689 2331 756 tatis naturali non deliberatiuo. Si igitur distinguamus actus voluntatis in naturalem & deliberatiuum: & quaeramus
561 741 2333 811 generaliter de actu primo: vtrum possit esse malus, siue sit naturalis, siue deliberatiuus: Dicendum est quod cum actus
567 798 2339 865 voluntatis naturalis praecedit deliberatiuum: vt iam declarabitur: & naturalis actus volendi non potest esse malus: si
559 856 2344 919 cut nec ipsa natura potest esse mala: quod enim vult naturali actum, vult vt bonum naturae: quaere non potest esse nisi
563 902 2335 966 bonum: quia a deo est inditum naturae: idcirco simpliciter dicendum est: quod nullo modo actus primus voluntatis potest esse ma
563 954 2341 1016 sus. Sed hunc actum naturalem a deo esse inditum naturae, ponunt sic esse inditum, quod impetu quodam voluntatem du
573 1007 2342 1073 cit ad primum actum volendi: sine quo non potest vt dicunt exire in alios. Vnde dicunt quod primus actus malus esse non
568 1067 2341 1131 pont: quia non potest fieri nisi a deo agente vt merito ascriberetur deo, quaere cum malum deo ex actione sua ascribi
565 1117 2341 1190 non potest: primus actus malus esse non potest. Quid dicunt sensisse Ansel. de casu diaboli. De angelo enim in ca.
562 1170 2338 1232 xi. quaerit sic. Putas ne ipse angelus per se possit aliquid velle: Et exponit quid appellat per se: subdens. Per se di-
570 1224 2342 1288 co per hoc quod iam habet: vt qui habet pedes qui sufficiunt ad ambulandum, per se potest ambulare: qui autem ha
565 1278 2323 1344 bet pedes & non habet incolumitatem pedum: non potest ambulare per se. Hoc itaque modo quaero: an angelus qui
572 1331 2342 1389 iam aptus est ad volendum & nondum quicquam vult, per se possit aliquid velle: habende. scilicet voluntatis potentiam qua
567 1386 2334 1448 seipso possit & velit seipsum mouere de non velle ad velle: Et determinat quod non: subdens in ca. xii. Quicquid
570 1440 2342 1506 se mouet ad volendum, prius vult ita se mouere: quicquid ergo nihil vult: nullo modo potest se moue-
572 1494 2339 1560 re ad actum volendi. Restat igitur vt ille angelus qui iam aptus natus est ad habendum voluntatem: sed tamen nihil
573 1550 2335 1614 vult: non potest habere voluntatem primam a se. Quia sic necesse sit ponere: vt scilicet ponere quod super naturalem vo
575 1601 2333 1670 luntatem quae est naturalis potentia animae, oporteat a deo fieri aliquem impetum in huiusmodi voluntatem ad eliciendum
573 1657 2345 1718 primum actum voluntatis antequam ex se possit exire in actum ad aliquem alium: non video. Si enim angelus ex dono
571 1708 2343 1766 dei in naturalibus suis habet voluntatem quao potestas naturalis est, & facultatem incolumen ante omnem eius
575 1763 2344 1819 actum: non video quind per se possit aliquid velle: vt scilicet seipsam moueat & velit & possit mouere in actum volendi:
576 1817 2345 1884 cum prius nihil omnino voluerit: aut nullum actum volendi omnino habuerit. Vnde non video quind bene respondeat ei disci-
570 1877 2349 1937 pulus cum dicit in caae. xii. Si iam aptus est ad voluntatem. i. ad actum volendi vt nihil aliquae illi desit scilicet de intrisecis natu
574 1924 2339 1993 ralibus necessariis ad actum volendi: vt nihil ei restet vel desit quam velle: non video cur per se non possit. Vt tamen
579 1977 2335 2031 mutem simile & exemplum quod ibi continue subiungit: & dicam sic: quicumque enim aptus est ad videndum: & aprtis ocu-
569 2024 2345 2097 lis in tenebris positus nihil videt: qua. scilicet deest lux mouens: & ipsa solummodo potest videre per se lumine
577 2084 2348 2152 subito fulgente in praesentia oculorum: quaere ergo qui aptus est ad volendum: & voluntati nullo volibili proposito per co
577 2135 2342 2203 gnitionem intellectus nihil vult: qua. scilicet deest praesentia volibilis in cognitione: & propter hoc solummodo non potest
578 2197 2344 2261 velle per se: volibili subito praesente in cognitione intellectus: quare ergo non volens similiter non velit per se sicut non
579 2236 2355 2316 videns potest per se videre: reuera non video. Nec valet hic responsio Anseinus qua respondet ad exemplum quod ibi
575 2301 2347 2365 proponit discipulus de illo qui clausis oculis in luce positus nihil videt: & tamen potest per se videre: non autem
572 2353 2344 2414 non volens potest per se velle. Et respondet Anselus dicens quod hoc contingit quia ille non videns habet visum & volunta
573 2406 2345 2477 tem iam actu volentem qua potest mouere visum ad videndum aperiendo oculos. In proposito autem loquimur respectu
576 2463 2334 2530 actus volendi de illo qui iam habet nullum actum volendi. Et ita reuera quae ad hoc non est simile. Sed sic in nio exemplo
572 2510 2348 2574 responderi non potest: quia si in tenebris sint oculi apti: & voluntatem nihil impediat per hoc quod sit alibi nimis inten
574 2568 2346 2621 ta: nec alio modo cum lux splendet in praesentia oculorum absque omni actione voluntatis praecedente qua mouet vi
570 2616 2331 2688 sum ad actum videndi: potest per se videre: & quaeratur quare ergo in proposito si voluntas non sit impedita: & postquam
572 2672 2341 2743 prius nullum volitum praesens erat in cognitione: & ideo nihil vult: cum statim in cognitione praesentatur volibile
575 2731 2345 2804 absque omni actione voluntatis praecedente qua mouet se ad actum volendi: non potest per se velle. Non enim potest
576 2783 2348 2841 dici quod ille habet actum voluntatis ante actum videndi: quo potest mouere visum ad actum videndi: iste ve
578 2835 2339 2906 ro non: quia ibi actus voluntatis praecedens nihil operatur ad actum videndi vt dictum est. Vnde nec requiritur
579 2890 2340 2944 appetere videre ad illum primum actum videndi. Vnde sicut in primum actum videndi, aut cognoscendi, aut in
576 2942 2339 2996 telligendi non oportet ducere visum vel intellectum in actum videndi vel intelligendi per alium actum videm
571 2999 2349 3075 di, cognoscendi, vel intelligendi praecedentem: sed sine illo potest per se exire in actum aliis necessariis ad ipsum concur-
574 3053 2339 3108 rentibus: sic in primum actum volendi non oportet ducere voluntatem in actum volendi per alium
565 3093 2344 3193 actum volendi praecedentem: sed fine illo potest exire in ipsum aliis necessariis ad ipsum concurrentibus. Cum
