2460 3726
501 214 2272 300 idcirco esset iusta voluntas: quando sic accepisset vt non posset aliter velle. Si vero incessus cum hoc: quod
508 280 2283 350 esset naturalis ex parte tibiae: ex parte incedentis esset deliberatiuus: & ex electione procedens: etiam
508 340 2274 411 imputaretur vitio incedentis. Sic & in proposito habens a deo voluntatem obliquam si cum hoc ea vellet per deli
508 396 2276 458 berationem actum obliquum, malitia actus imputari deberet & deo & volenti. Sed si procederet malus ex
514 452 2276 509 voluntate obliqua non naturaliter: sed ex deliberatione: hoc solum esset malitiae volentis. quemadmo
510 504 2278 577 dum si in primo instanti fieri posset deliberatio: & primus actus esset malus: esset a bona natura &
500 560 2282 633 a mala voluntate. Est autem in actibus intellectualis maximi angeli de quo praecipue est sermo, quo ad
495 620 2277 688 statum innocentiae: sciendum quod primo per intellectum ex habitu concreato comprehendit vniuersales rerum
497 675 2281 737 essentias: & simul statim complacet naturaliter voluntati suae in illis absque deliberatione. In qua con
500 730 2281 794 placentia quae necessario est primus actus eius: quia non est circa particularia: non potest esse malum
504 788 2277 848 aut bonum moris. in comprehensione autem particularium sub vniuersali, cum simul plura non possit compre
501 841 2276 903 hendere sed solum per discursum vnum post alterum: sed non vnum ex altero: sic vt angelus superior
510 894 2278 962 in naturalibus prius suam essentiam particularem comprehendat quia sibi magis praesens est, siue ali-
501 948 2280 1023 cuius alterius sub alia specie, siue pluribus ad comprehensionem per intellectum cuiusque singularis simul
501 1012 2274 1067 duratione: licet quodam ordine naturae concomitatur complacentia naturalis in illo: & sic in quolibet
502 1059 2279 1140 successiue: secundum quod ab intellectum comprehenditur vnum post alterum. Nec in aliquo actu huiusmodi
502 1124 2275 1192 voluntatis potest esse malum aut bonum moris: sed solummodo bonum naturae. Vlterius autem cum
498 1175 2280 1240 intellectus angeli primi essentiam suam propriam comprehendit sub comparatione ad essentias inferio
492 1229 2274 1286 rum: & comprehendit quod essentia sua superior est & dignior ordine & gradu naturae: & quantum est ex
504 1288 2259 1355 naturalibus nata praeesse & principari aliis: & vlterius cum hoc quod istud esset bonum quoddam & ordi
501 1340 2261 1403 natum: & sibi atque aliis bonum: in hoc verum dicit intellectus absque omni fallacia & crrore: cumque talem in-
507 1398 2267 1460 tellectum sequitur complacentia voluntatis, illa adhuc pure naturalis est & absque omni deliberatione.
515 1451 2275 1516 Vnde & sistendo in ea adhuc omnis actus voluntatis hucusque qui necessario plures sunt, boni sunt: & in
506 1508 2275 1566 deum bonitas illorum retorquenda est: & nullus eorum malus, quod si esset: malitia eius in deum retorquen-
505 1563 2280 1622 da est. Et hoc cursu procedit actio voluntatis hucusque quod non potest esse nisi bona bonitate naturae:
503 1620 2282 1692 neque bona autem neque mala bonitate & malitia moris: & hoc siue omnis creatura intellectualis fuerit crea
508 1674 2279 1737 ta in gratia siue non: quia gratia non variat aut mutat naturam: quia nec cursum aut ordinem natu-
509 1727 2278 1805 rae. lta quod sicut actus voluntatis praedicti necessario sunt absque omni delibe ratione: & praecedunt omnem
510 1782 2279 1855 actum deliberatiuum sine genra: ita & cum gratia. Vnde quod aliqui dicunt quod fuerunt creati in gratia gratum
509 1840 2274 1899 faciente: & quod omnes in primo instanti suae creationis meruerunt: non video: quo ad hoc videlicet: quod tunc
508 1899 2281 1970 potuerunt meruisse: cum quantum est ex natura sua nondum de aliquo potuerint deliberasse: sed necesse
516 1955 2274 2022 est omnem deliberationem praedictos actus complacentiae naturalis precessisse. An autem gratia iustificans fue
503 2006 2276 2074 rit eis collata a deo in creatione cum suis naturalibus, de hoc nihil iudico: nisi quod sic fuisse factum po
511 2066 2275 2132 tuit: sed an fuerit factum: quia a mera dei voluntate hoc dependet: scio quod nulla naturali ratione
509 2117 2273 2184 deprehendi potest certitudinaliter. Modus autem aliquis quo congruentius fieri potuisse apparet
508 2169 2276 2231 conuinci potest. Quare cum semper praesumendum est deum fecisse quod rationabilius & congruentius faciendum
510 2224 2274 2282 erat: & sic congruentius & rationabilius fieri decuit: secundum enim quod dicit Augustinus de libero arbi-
506 2279 2283 2354 trio: si recta ratione deprehendi potest quia caelum decimum esse congruat: putandum est deum illud
511 2334 2279 2394 fecisse: secundum modum ergo magis decentem & congruum credendum est deum gratiam contulis-
502 2394 2277 2460 se. Vnde quia gratia non ordinatur nisi ad meritum congrui quo ad gratis datam: aut digni quo
503 2443 2276 2518 ad gratum facientem: vt habitum est ex supra determinatis: & vsque ad horam qua deliberare potuit
502 2495 2277 2562 intellectualis creatura: cum secundum dicta actus voluntatis non potuit esse nisi pure naturalis: quo
509 2557 2275 2627 nec de congruo: nec de digno habetur aliquod meritum: quia vt dictum est in genere moris neque bonus
506 2601 2283 2681 neque malus esse potest: frustra ergo & in vanum ante horam qua deliberare potuit aliqua gratia ei
509 2669 2277 2738 collata fuisset. Et propterea mihi apparet rationabilius esse ponendum quod vsque ad illam horam fuisset
510 2719 2276 2785 in puris naturalibus in quibus & creatus erat: & secundum hoc angelos in claritate naturalium fuisse creatos
500 2780 2273 2844 & omnes per spatium temporis in tali brintudine perstiterunt: vsue scilicet ad horam qua deliberare potuerunt. Vt secundum hoc
507 2826 2273 2888 intelligamus illud dictum Augustinus xi. de ciui. c. xi. Nullo modo secundum spatium aliquid temporis prius erant spiritus
508 2882 2272 2943 illi tenebrae: quos angelos dicimus: sed simul vt facti sunt lux facti sunt &c. Prius non erant tenebrae: quia
500 2940 2271 3002 natura non fuit mala creata sicut dicebant Manichei. Quorum opinionem per hoc consequenter repellit ibi-
509 2988 2273 3057 dem. Sed in quali & quanta luce scilicet an naturae tantum, an gratiae, certitudinaliter definiri non potest. Augus.
510 3042 2274 3113 dicente continuo. Quatenus autem antequam peccassent illius sapientiae fuerint participes definire quis po-
501 3095 2274 3163 test: Vnde si angeli mali ponendi sunt, nunquam gratiam iustificantem habuisse putandum. Congruentius
509 3148 2277 3230 videtur deum eam omnibus tribuisse antequam aliqui eorum peccauerunt. Sed cum ad instans perue-
