2446 3735
167 265 1961 368 gumenta non deesse: quamuis illa interim contingat nostram industriam latere. & infra. Videtur autem im
162 358 1954 426 possibile esse necessaria esse & necessaria ratione carere: sed non est cuiuslibet dicere huiusmodi rationes &
167 412 1961 463 de profundo & latebroso naturae sinu elicere &c. Sed intelligendum quod secundum philosophum in octauo
167 456 1961 523 Topi. duplex est disputatio: quaedam ad rem de qua aliquid quaeritur absolute: quaedam vero ad positionem quan
165 516 1959 578 do quaeritur aliquid aliquo supposito: & secundum eius suppositionem arguitur ad quaesitum: & secundum
165 565 1948 625 hoc etiam diuersimode docet respondentem simpliciter ad quaesita & positionem sustinere & respondere. Si
172 618 1944 689 primo modo quaestio proponatur de articulis fidei: nullunm scilicet credendorum supponendo: sed veritatem omni
166 677 1949 737 no incognitam disputando quaerendo: sic non solum impossibile est probare aliquem articulorum fidei demon
173 723 1942 785 stratiue: sed nec absolute: sed dono gratiae credere: quia sunt de illis quae in tantum facultatem naturalis ratio
173 777 1949 846 nis excedunt quod contraria eorum per illa quae videt in naturalibus probabiliora sunt ei quam ipsa: vt patet
165 831 1950 900 inducendo in singulis. Propter quod ad intelligendum aliquid eorum quae sunt fidei gradus nobis debet esse
168 896 1951 950 auctoritas: cui primo credamus in eis quae sunt fidei: & ex quibusdam creditis & suppositis tanquam ve
174 938 1952 1003 ris & necessariis & aliis naturali ratione cognitis coassumptis, demum per haec ad alia credita intel-
165 991 1946 1066 ligenda potest homo ascendere: ita etiam quod illa credita quae sunt principia intelligendi alia, quibusdam
171 1043 1947 1111 adiunctis possint esse conclusiones cognitae & intellectae ex aliis creditis, quibusdam aliis eis adiunctis.
166 1109 1946 1162 vt sic nuilum maneat credibile quin possit esse intelligibile. Propter quid dicitur Esa. vi. Nisi credideri-
177 1153 1951 1221 tis non intelligetis. Quod exponens dicit Richar. in principio de Trini. In his verbis diligenter attendem
176 1212 1950 1277 dum videtur quod horum intelligentia hac nobis auctoritate non generaliter sed conditionaliter nobis
169 1270 1954 1321 neganda proponitur cum dicitur. Nisi credideritis non intelligetis. Non ergo debent exercitatos sensus ha
172 1314 1948 1377 bentes de talium intelligentia comparanda desperare: dum tamen se sentiant firmos in fide: & per omnia pro
167 1368 1946 1437 batae constantiae in fidei assertione. Vnde quid supra dictum est secundum Richar, quod in eis quae sunt fidei
164 1424 1954 1485 non desunt necessariae rationes: intelligendum est quod aliqua sunt fidei quae aeterna sunt & absolute neces-
162 1469 1950 1543 saria: & impossibilia aliter se habere vel habuisse: vt sunt omnia credenda circa trinitatem: & quae pertinent
170 1529 1951 1594 ad interiora deitatis. & de talibus dicit Richar. quod impossibile est ea necessaria ratione carere. quod
165 1582 1957 1653 bene verum est: sed soli deo cognita: & nullli pura naturali ratione inuestiganda absque fidei suppositione. Alia
170 1634 1953 1700 vero sunt fidei quae aeterna sunt & necessaria: non simpliciter & absolute: sed solummo supposita di-
175 1699 1955 1757 uinae voluntatis determinatione: vt sunt omnia quae pertinent ad sacramenta, & humanam redemptionem per
170 1741 1960 1807 Christum: quam omnia aliter possibile fuit se habere si deo placuisset. Et ad ista non sunt necessaria argumen
175 1802 1954 1860 ta etiam credibilibus suppositis: sed sunt probabilia ex congruentiis & decentiis ex parte modi reden-
181 1850 1946 1922 potionis, & nostrae iustificationis accepta. Ad cuius intellectum vlteriorem sciendum quod differunt circa idem
166 1905 1947 1969 credere, intelligere, & videre. Videre enim est oculo ad oculum mente conspicere spiritualiter: sicut com
169 1960 1952 2026 spicimus solem corporaliter. & sic beati vident omnia in diuina essentia. Non sic videri potest aliquid per
178 2009 1957 2073 intellectum extra visionem gloriosam in diuina essentia quacumque alia cognitione siue naturali, siue
183 2057 1962 2135 supernaturali. Intelligere autem est verum aliquid cognoscere perspicue per medium certius ex sensus
173 2127 1958 2188 cognitione in primis certificatum, quemadmodum conclusiones intelligimus intellecto medio proprio no-
180 2183 1954 2242 tiori complexo & applicato. Medium autem proprium complexum cognoscimus, & intelligimus per aliud me-
180 2223 1956 2287 dium notius: & sic deinceps: quousque deueniamus ad primum: quod inter praedicatum & subiectum nullum
179 2284 1951 2344 habet medium, quod intelligimus intelligendo terminorum definitiones per differentias illorum: quo
166 2330 1949 2390 usque deueniatur ad prima incomplexa: quorum cognitio non habetur nisi adminiculo sensus. Cre-
176 2394 1952 2453 dere autem est veritati alicuius complexi propter auctoritatem propositis signis & prodigiis caeterisque
184 2439 1956 2501 huiusmodi confirmatam voluntarie per intellectum adhaerere. Vnde de articulis fidei dicit Richar. primo
176 2498 1957 2563 de Trini. cap. ii. Nihil certius: nihil constantius tenemus quam quid fide apprehendimus. Sunt namque pluribus
182 2544 1953 2618 & caelitus reuelata: & tam multis, & tam magnis, tam miris signis & prodigiis diuinitus confirma
186 2604 1953 2669 ta: vt genus videatur esse dementiae in iis, vel aliquantulum dubitare. Innumera itaque miracula,
179 2660 1946 2716 & alia quae non nisi diuinitus possunt fieri in huiusmodi nobis fidem faciunt: & dubitare non sinunt.
188 2706 1958 2772 Vtimur itaque in eorum attestatione siue etiam confirmatione signis pro argumentis, prodigiis pro
186 2764 1954 2825 experimentis. Verum est ad persuadendum voluntati vt velit credere: non autem ad declarandum
185 2815 1959 2878 ratione veritatem eorum quae credenda sunt: vt propter eorum declarationem & perspicuam ve-
190 2868 1955 2932 ritatem credat, fide scilicet praeueniendo. Aliter enim meritum fidei euacuaretur: quia secundum Gretg. Fides non ha-
188 2919 1960 2988 bet meritum: cui humana ratio praebet experimentum. vt sic secundum Augustinus non ex ratione credam. scilicet quantum
181 2983 1961 3041 est ex parte intellectus: sed tamen nec sine ratione credam scilicet quantum est ex parte voluntatis. Et sic credere repu
191 3037 1963 3101 gnat omni apto intellectui veritatis: quia semper debet secum habere annexam obscuritatem: ne omnino clarescat
183 3090 1961 3152 veritas perspicua. Et sic repugnat & aprtae visioni & intellectui: sed aliter & aliter. visioni enim repugnat
179 3137 1960 3221 sic vt simul omnino esse non possint fides & visio, videre & credere: quia implicarent contradictoria
