2460 3714
537 222 2341 290 Bernardus dicit de praecepto & dispen. Quod pro charitate institutum est: contra charitatem militas-
538 283 2334 352 re non debet. pro charitate instituta est obedientia. Charitas autem dictat maius bonum praeferen
540 336 2332 405 dum esse minori. ergo obedientia non debet esse contra hoc quod magis bonum. Esset autem contra, si
539 391 2324 447 debitum esset illud dimittere propter minus praeceptum a superiore. ergo &c. ltem nihil minus
542 447 2323 514 obligat iuramentum quam votum: sed non est licitum iuramentum de dimittendo magis bonum pro
546 501 2325 567 pter minus: quare nec votum aut obedientia. CONtra, non minus obligat votum quam matri-
542 556 2309 621 monium consummatum. sed propter matrimonium consummatum oportet mulierem maius bonum dimittere
541 613 2320 681 propter minus de praecepto viri. ergo &c. DIcendum est quod praeceptum superioris si certum esset
547 666 2311 742 quod esset contra deum: omnino contemnendum esset. Licet enim quis voueat aut iuret generali-
547 723 2304 784 ter obedire de omnibus: non tamen intelligitur nisi de licitis iustis & honestis, vt. xi. quo. iii. Non sem
538 778 2311 842 per. vbi dicitur. Non semper malum est non obedire praecepto. Cum enim iubet quae deo contraria
540 836 2296 891 sunt, non est ei obediendum. Sed in dubio an sit contra deum praecepto praelati standum est. Quodet
544 889 2300 957 si sit contra deum: propter bonum obedientiae non peccat subditus: vbi tamen peccat praelatus. xxiii. qudi.
549 945 2299 999 Quid culpatur. in fine. Multo ergo magis si bonum sit quod praecipit oportet obedire: & proprium pro-
552 1000 2295 1067 positum de agendo magis bonum dimittere: & supponere quod causa rationabilis sit quare sic praeci-
551 1057 2308 1122 pit. & sic propter bonum obedientiae recompensatur ei in minore bono quod amittit in maiore. Pro-
542 1111 2298 1172 ter quid dicit Augustinus. Melior est vna obedientia quam omnes virtutes. hoc est quaecunque opera vir-
546 1159 2305 1227 tutum facta contra obedientiam: quae ex hoc vitia fiunt etsi alias de genere virtutum essent. Et sicut
555 1220 2295 1293 est de vno, sic est de omni eo ad quod homo per votum obligatus est: quod ei non debet praeponi aliud
554 1277 2292 1335 voluntarium: etiam licet in se magis bonum videatur. Vt siquis vouit aliquid se facturum quod bonum
549 1334 2299 1401 est & licitum & expediens: postmodum tamen licet bona conscientia rationabiliter deliberata dicatur
551 1386 2293 1448 ei quod melius esset aliquid aliud facere, & illud quod vouit omittere: melius tamen est & fructuosius
559 1442 2303 1501 votum explere: quia sine periculo peccati mortalis non posset illud omittere. Et ideo hoc omitten-
537 1496 2314 1563 do quodcunque aliud ad frugem vitae aeternae nihil posset ei valere. AD primum in oppositum di l
549 1555 2308 1615 cendum: quod facere minus bonum ex praecepto nunquam militat contra charitatem subdito, etsi forte
542 1605 2306 1677 praelato. Licet enim charitas dictet quod absolute maius bonum praeferendum est minori ab illo in
555 1672 2296 1732 cuius potestate est vtrunque: tamen etiam dictat quod subditus propter obedientiam minus bonum prae-
555 1725 2303 1785 ceptum a superiori debet praeferre maiori bono a se proposito. AD secundum dicendum quod bene ve-
544 1780 2303 1843 rum est quod non esset licitum votum sicut nec iuramentum de dimittendo maius bonum propter
544 1830 2303 1897 minus. est tamen licitum immo necessarium propter iuramentum vel votum factum superiori ad praeceptum
554 1894 2306 1954 eius dimittere maius bonum propter minus. Debet enim praesumere quod ei melius est quod praecipit praelatus: li-
551 1945 1800 2010 cet non videatur sibi: & ideo quid praecipitur facere tamquam magis bonum.
879 1993 2315 2076 Irca Secundum nihil arguebatur: sed proponebatur sine argumentis. Et est dia a
876 2067 2305 2129 cendum quod vita religionis eo quod contemplatiua est, per se ordinatur ad augmen-
880 2095 2305 2165 tum gloriae. & hoc non nisi ex merito propriae deuotionis et charitate inbonis
879 2151 2306 2217 operibus quae exercentur in religione. Negotium autem crucis tanquam poenale actiuum
883 2212 2315 2276 per se ordinatur ad poenae debitae diminutionem, aut remissionem. & hoc non tam
891 2277 2316 2337 ex deuotione propriae charitatis in huiusmodi negotium exequendo: quam ex deuotione
894 2322 2315 2385 & merito Christi in sua passione: inquantum opus siue negotium istud indul-
560 2381 2312 2454 gentiale est. Vnde quia tenet ecclesia quod summus pontifex habet potestatem pro tali negotio iam
558 2436 2317 2503 assumpto cum proposito exequendi ipsum secundum consilium ecclesiae indulgere totampoenam
556 2490 2314 2548 debitam omnibus peccatis quotcunque & qualiacumque commisit: dum tamen vere poenitens fuerit &
554 2546 2328 2613 confessus: de quo nuilus potest habere securitatem quantuncumque ad plurimos annos laboraueritur in
554 2597 2310 2668 religione: idcirco absolute & simpliciter tenendum quod prosequi negotium crucis secundum consilium
554 2666 2321 2729 ecclesiae multo magis est proficuum ad remissionem poenae obtinendam & securitatem habendam de
557 2703 2327 2794 statim euolando: quam vita cuiuscunque religionis. licet illa magis possit esse proficua ad augmentum
552 2769 713 2835 gloriae.
890 2776 2333 2887 lrca tertium arguitur: quod opera aequalia facta in charitate maiore & minore non
884 2881 2340 2944 aequaliter diminuunt de poena taxata: quae sufficit pro tota poena peccatis debita in
893 2925 2342 2999 purgatorio: de quibus confessus est, & pro quibus iniungitur. Quia substantia cha-
888 2988 2335 3057 ritatis ex qua sit opus, per se respicit praemium gloriae. Poena vero quae consistit in
883 3040 2336 3109 opere, per se respicit diminutionem poenae debitae. Quamuis ergo sit maior charitas: vt
845 3087 2350 3161 ex ipsa plus mereatur de gloria in aequali opere: quam ex charitate minore: non tamen
566 3141 2345 3223 plus diminuitur de poena. CONtra. diminutio poenae non est nisi ex ratione merendi: quare cum
