2455 3708
536 200 2301 275 & magis consulitur innocentiae ne laedatur: & obuiatur malitiae ne foueatur, hoc autem sit si cum
540 264 2294 334 hoc quod lex publica non assumit sibi huius facti correctionem propter publicam pacem: dimittat
537 324 2295 379 tamen eius correctionem legi superiori scilicet diuinae, dimittendo scilicet conscientiae detento-
544 378 2300 453 tis, vt si habeat conscientiam quod mala fides fuit in praescribendo, aut ab initio detentionis reia pri
535 435 2285 501 mo detentore: quod restituat detentum sicut alienum. Sinautem, quod reseruet si velit. Per hoc enim quod
535 490 2293 556 sic conscientiae suae relinquitur, non minus consulitur paci reipublicae quam si assecuretur in conscien
537 545 2298 609 tia. Sed minus consulitur innocentiae: & minus resistitur malitiae. Propter quod est aliorum opinio, quod res
532 597 2298 656 secundum omnes conditiones praescribendi legitime praescripta hoc solo deficiente quod aliquando in praescribem
530 656 2298 720 do, vel ab initio in detinendo, vel ipse qui nunc rem detinet, vel aliquis praedecessorum eius fuerit malae fidei pos
537 711 2291 769 sessor, non est iure praescriptionis sic facta praescribentis, aut tenentis eam quod desinat esse illius contra quempr
534 767 2293 835 scribitur: sed quod de caetero coram iudice super illius rei repetitione non est audiendus, quia vt dici
541 828 2284 889 tur de praescrip. cap. Ad aures. Quadragennalis praescriptio omnem prorsus actionem excludit. Et sic lex
538 879 2292 945 permittit conscientiae suae restituere, vel non restituere: et similiter correctionem si contra conscien
540 940 2293 1004 tiam non reddat, legi diuinae, & iudicio dei. lta quod si habeatur conscientia quod ab initio ipse vel aliquis
543 991 2288 1053 praedecessorum suorum in illa re fuit malae fidei possessor, confidendo in iure praescriptionis non debet
534 1045 2293 1109 super hoc conscientiam deponere qua putat se male detinere: immo debet eam sibi informare,. quia in
540 1099 2283 1168 rei veritate eam male detinet. Hanc opinionem puto esse veriorem: & credo quod magis concordat iuri ca-
535 1156 2285 1220 nonico: etsi forte alia magis concordet iuri ciuili, quod in hoc debet imitari ius canonicum, vt extra
539 1207 2287 1268 de praescript. cap. vlti. vnde argumentum secundum assumptum est: vbi dicitur. Quoniam omne quid non est ex fide, pec
543 1264 2271 1324 catum est, synodali iudicio definimus, vt nulla valeat absque bona fide praescriptiotam canonica quam ci-
541 1322 2280 1386 uilis, cum generaliter sit omni constitutioni atque consuetudini derogandum quae absque mortali peccato non
543 1378 2278 1448 potest obseruari. Vnde oportet vt qui praescribit in nulla temporis parte rei habeat conscientiam alienae. Quod
537 1437 2291 1496 non est ex fide. glos. i. ex conscientia. Tam canonica quam ciuilis. Glos. Videtur quod papa voluit praeiudica
531 1482 2287 1547 re praescriptioni laicorum: quae locum habet, vbi etiam habuit malam fidem in praescriptione. Dicebat loannem.
540 1541 2286 1610 quod ratione peccati hoc statuit papa de praescriptionibus laicorum, quia omnis causa ratione peccati saltem indi
531 1597 2289 1661 recte pertinet ad ecclesiam, supra de iudiciis. Nouit. & secundum hoc omnia iura ciuilia quae tractant de prae-
538 1647 2288 1718 scriptionibus non tenent hodie. Sed hoc non credo: sed quo ad ius diuinum verum est illud, quia si
537 1708 2289 1770 ne mortali peccato laicus praescribens talem rem retinere non potest: & ille qui praescribit, bonam fidem debet habe
539 1760 2289 1829 & lex aliud considerauit quam canon. Lex enim considerauit negligentiam non petentis rem suam. supra eodem. Vigi
539 1814 2297 1877 lanti. sed canon considerauit peccatum praescribentis mala fide: quid non excusat negligentiam non petentis rem suam
534 1869 2284 1935 & ideo dicit hic quod nulla valet praescriptio canonica vel ciuilis quae fine peccato mortali obseruari non potest
549 1925 2289 1987 Vnde potius standum est canoniquam legi in hoc casu: quia praescribens non excusatur per rationemlegis: & ideo
540 1983 2288 2047 concilium voluit propter periculum animarum leges in hoc corrigere. Ecce plane quod concilium per hanc
537 2032 2278 2109 literam voluit praeiudicare praescriptioni legum quae malam fidem habuit in praescriptione, vel in detentione rei
536 2093 2292 2157 alienae ab initio: non quo ad hoc quod in nullo tenerent hodie: immo tenent quo ad hoc quod contra malae fi
542 2150 2288 2209 dei praescribentem post praescriptionem nemo auditur: etiam licet aliquis velit probare malam fidem: sedsm cano
537 2194 2290 2269 nes debet audiri, vt dictum est iam. & quo ad hoc iura canonica corrigunt leges non reuocant. Ii-
533 2262 2288 2322 cet enim sic seruetur in iudicio saeculari: vt sequitur in glos. praedicta, tamen secundum iura diuina quae cano
540 2306 2296 2382 nes imitantur, non permittitur, sed vindicatur illud quod leges permittunt de praescriptionibus: & in hoc non te
536 2361 2282 2433 net secundum legem diuinam, quod tenet secundum legen ciuilem. Non tamen in hoc illae leges vituperandae
543 2416 2284 2482 sunt, vt dictum est supra sm Augustinus vbi subdit dicens. Laudo & prbo istam quamuis inchoatam minusque perfectam.
547 2462 2330 2539 Videtur enim lex ista quae regendis ciuitatibus fertur, multa concedere atque impunita relinquere: quae per E
539 2532 2294 2596 diuinam tamen prouidentiam vindicantur, & recte. Neque enim quia non omnia facit: ideo quae fa
536 2579 2284 2648 cit improbanda sunt. Vnde quia leges de praescriptione permittunt impunes mala fide praescri-
532 2640 2291 2706 bentes, non ideo malae sunt, nec sic reuocatae vt non teneant in bene dictis suis, quemadmodum ma
536 2698 2288 2756 lae sunt leges permittentes vsuras, & per canones hodie non tenent, sed reuocatae sunt omnino:
540 2740 2288 2815 quia in nullo habent bene dicta. vt notatur de vsuris. capitulo. Quia in omnibus. Et hoc ideo quia
540 2802 2294 2873 edicto publico permittere quod omnino malum est, iniquum est: licet quandoque de facto possit
531 2849 2290 2924 dissimulari. Si vero leges ciuiles intellexissent, sicut dixit praecedens opinio: quod praescriptio praeseriben
531 2908 2292 2979 tes in mala fide assecuraret & excusaret ne deberent post praescriptionem rem restituere, haec iniquitas
532 2955 2278 3035 fuisset. & quo ad hoc propter periculum animarum nequis praescribens putaret se excusari: ca-
529 3018 2290 3091 non dictus corrigit leges. Vnde si per legem praescriptionis debeat aliquis excusari detinendo
539 3062 2283 3130 rem alienam, oportet quod in praescribendo in nulla parte temporis ab initio quo incipit praescribe
538 3118 2290 3210 re vsque in finem habeat conscientiam rei alienae: quod si contingat, tunc post praescriptionemnonte
