2461 3745
501 240 1970 313 Irca secundum arguitur quod species in medio non accipit numerum ab obiecto: quia non
507 312 1969 378 est in ipso. Quia etiam non a subiecto: quia duae species lucis sunt in eodem: vt in perspe-
505 361 1949 425 ctiua probatur per diuersas vmbras. ALIqui adhaerentes experientiae tactae in secun-
505 417 1960 476 do argumento dicunt quod species in medio non numeratur a subiecto: sed ab obiecto: &
500 473 1960 540 hoc quia debile esse habet non fixum & stans in subiecto: sed transiens quantum est ex
485 522 1958 584 natura subiecti: ita quod non conseruatur in esse nisi ad praesentiam ipsius obiecti. ab illo
479 584 1949 644 autem res numeratur a quo habet esse & conseruari. Quid omnino stare non potest: quia quantum
177 634 1943 698 cumque debile esse habet: tamen non est nihil: sed aliquid in natura & essentia. Quod cum ad praesentiam obiecti ab ips
177 686 1950 751 so tanquam ab agente habet fieri & esse de nouo in medio: hoc non potest intelligi nisi vno ex tribus mo-
187 736 1949 802 dis. Aut per migrationem: vt videlicet species illa primo fuerit in obiecto: & ab obiecto migret in me-
175 791 1957 859 dium: quid est impossibile: quia accidens est. & accidentia secundum Boetium perimi possunt: alterarie. scilicet per mi
178 858 1951 923 grationem,) non possunt. Aut per productionem de nihilo, quid est similiter impossibile: quia hoc esset creare
185 901 1953 972 quid est supra potestatem creaturae. Quia autem illud esset creare, patet per Commen. qui super. xii. Meta. di-
177 952 1959 1011 cit contra datores formarum. Si forma fieret a generante in materia non ex materia, generatio esset crea
179 1010 1956 1077 tio. Aut per veram generationem: & hoc non nisi de potentia materiae & medii ex se dispositi, sicut ma
179 1073 1952 1133 teria quae est necessitas. Quia si sic: cum ea quae sunt eiusdem naturae specificae de eadem potentia materiae ge
179 1115 1950 1182 nerantur in diuersis temporibus intercedente corruptione: vt de potentia eiusdem subiecti numero diuer
180 1169 1951 1235 sae albedines: sicut ea quae sunt diuersarum specierum de diuersis potentiis eiusdem subiecti: vt de alia potentia
169 1221 1946 1296 materiae album: & de alia nigrum: si tamen uigrum sit color positiuus. Quaecumque autem de eadem potentia materiae ge
182 1280 1951 1342 nerantur diuersa: quia secundum eundem modum & rationem habent esse in subiecto: simul eidem inesem non possunt: sed
176 1328 1954 1400 quaecunque sese compatiuntur in eodem subiecto debent produci de diuersis potentiis materiae: & per hoc
181 1384 1954 1456 alio & alio modo habere esse in subiecto: quia cum diuersae species lucis non differunt plus quam numero: si
180 1440 1955 1509 cut nec diuersae luces: similiter nec diuersae species albedinum: sicut nec diuersae albedines, quod enim dicuntur di-
179 1484 1955 1552 uersae species, idem est ac si dicerentur diuersae rei intentiones: non quia differentia specifica differunt: sed
184 1539 1955 1607 quia non sunt verae res: sed tantum idolum rei & quo ad hoc species. Diuersae igitur species lucis aut albedinis
182 1595 1942 1665 siue cuiuscumque sensibilis vnius secundum speciem nullo modo possunt esse simul in eadem parte medii: immo
176 1651 1949 1711 quotquot ponantur vel appareant esse simul in eadem parte medii, sunt vna secundum numerum: licet a
184 1701 1951 1768 diuersis obiectis secundum numerum, quemadmodum in eodem non est nisi vna lux secundum numerum: sed cum sint
177 1765 1952 1823 diuersa lumina obiecta medio: in quo lumen generatur: omnia illa in generatione illius concurrunt qua
180 1811 1955 1877 si essent vnum numero: ita quod quodlibet illorum secundum modum & proportionem intensionis suae & virtu-
179 1869 1948 1936 tis agat in illius luminis intensione: sed diuersimode si simul apponantur: & aeque primo agunt in me-
183 1912 1950 1980 dium: etsi successiue vnum post alterum. quoniam si simul: tunc in illo puncto medii vniuntur virtutes omni
187 1970 1956 2032 um: & fiunt vna virtus quae generat speciem quae lumen est in puncto illo sub intensione proportionali illi-
183 2027 1949 2090 us virtutis, sub qua generasset ipsum vnicum agens luminosum aequalis virtutis & intensionis illis
181 2078 1954 2147 pluribus. Si vero successiue vnum luminosum adueniat post alterum: tunc prius adueniens generat ibi lu
184 2145 1963 2200 men intensum secundum proportionem virtutis suae: & secundum nihil facit nisi augmentare intensionem lu-
181 2196 1959 2254 minis iam generati: & hoc secundum proportionem virtutis suae: & sic de caeteris quotquot successiue appo
185 2242 1947 2306 nuntur. Et si plura apponantur simul post primam illius generationem in virtute vna augmentant secundum pro
189 2301 1953 2363 portionem virtutis vtriusque: sicut dictum est de eius generatione a pluribus simul. Et sicut hoc contingit in
187 2344 1958 2409 vno puncto medii: etiam sic contingit in quolibet puncto eius, & in toto medio se habente ad diuersas lu
178 2400 1949 2466 ces, siue corpora diuersa lucida ad rectam oppositionem. Sed dices: ergo eadem ratione in visu a medio fit vni
182 2456 1957 2522 us speciei luminis generatio in oculo a diuersis corporibus luminosis: quare cum secundum speciem acceptam
183 2508 1954 2566 de re iudicat visus: plura ergo luminosa visa non iudicaret nisi vnum: sicut est species vnica quae iudicat
180 2558 1962 2623 Sed non est ita: nec hoc sequitur ex posito: quoniam bene verum est quod non est a diuersis corporibus luminosis nisi vni
184 2620 1957 2680 ca species luminis generata in oculo: secundum tamen quod habet in sua substantia intensionem proportionalem singulis
187 2667 1949 2733 luminosis vt dictum est: secundum hoc nullum corporum luminosorum se habentium secundum rectam oppositionem ad
184 2718 1961 2788 oculum mouet ipsum generando, vel intendendo speciem luminis in ipso secundum maiorem luminis intensionem: quantum
179 2774 1950 2835 ab ipso si esset per se solum natum esset generare in oculo. & propterea illa species non immutat oculum ad videndum
186 2833 1959 2899 aliquid luminosum nisi secundum illam proportionem quae ab ipso est generatum aut intensum, siue sit aequalis, siue in
191 2889 1955 2947 aequalis proportioni secundum quam est generatum ab altero luminoso. Propter quod licet illud lumen sit vnum in sub-
186 2941 1963 2999 stantia: per ipsum tamen videntur diuersa corpora luminosa, & vt diuersa & distincta. Cuius declaratio est: quia vt
189 2996 1955 3064 probatur in perspectiua, omne quid videtur sub angulo pyramidis videtur: cuius basis est in extremitatibus rei visae: &
193 3040 1967 3106 conus in puncto interiori nerui optici: in quo concurrunt nerui duorum oculorum: & in quo viget virtus sen
181 3099 1965 3164 sitiua visiua de visis iudicatiua, de visibili iudicans secundum quod tota superficies eius contenta inter bases
187 3148 1964 3233 pyramidis offertur virtuti visiuae in angulo coni sub illo puncto & in illo. Aliter enim res visa duo
