2391 3656
199 214 1946 278 vis qua pati potest ab igne corporali: & hoc naturaliter vt est existens in corpore & mediante corpore
201 276 1941 337 in quo ipsa per se dolorem verum ab igne patitur: non autem corpus nisi pro eo quod est animatum. dicente Aug. xxi.
193 333 1935 396 de ciui. dei. c. iii. Dolor corporis magis ad animam pertinet: animae enim est dolere: non corporis. Sed etiam ei quam
188 385 1933 447 do causa dolendi existit in corpore: cum in eo loco laeditur vbi laeditur corpus &c. Quare cum virtute diui
193 439 1926 497 na quid potest agere in eam mediate, potest & immediate: quia in omni actione potest causas medias ab-
191 492 1931 557 soluere: eadem ergo vi qua patitur pure naturaliter in corpore ab igne: potest pati ab eodem extra corpus
198 546 1925 610 quodammodo supernaturaliter. Quod non potest stare: quoniam in corpore pati non potest nisi secundum vim sensiti
191 599 1920 666 uam actu extensam per organum corporeum: quam separata omnino habere non potest. ldeo alii addunt & di
192 648 1921 705 cunt tertio modo: quod licet in anima separata non sit vis sensitiua secundum actum: quia non habet organum cor-
190 705 1923 768 poreum in quo extendatur: est tamen in ipsa virtute: & quasi in radice & potentia. Nunc autem non est mirum si
190 754 1919 818 diuina virtute operante potest pati per illam potentiam: vt est in radice & virtute in anima separa-
188 815 1926 876 ta vt est separata: per quam patitur pure naturaliter: vt est per organum extensa. Sed etsi sic posset dici ex
194 865 1923 928 parte animae: hoc non valet ex parte angeli: in quo nec in virtute & vt in radice est aliqua vis sensiti
191 916 1927 982 ua. ldeo quaerto modo dicunt aliqui alii iuxta praedicta in auctoritate Grego, quod spiritus separatus ab igne
187 971 1927 1034 corporeo sic quasi includitur & ei alligatur quod nullo modo ab eo potest separari: per quid impeditur ab agen-
193 1022 1924 1086 do quae agere cupit: & in hoc summe affligitur. vt hoc intelligat Grego. per hoc quid dicit: dum ex igne
183 1081 1920 1140 visibili ardor inuisibilis trahitur. Sed hoc modo non pateretur ab igne inferente passionem nisi occasio
184 1130 1924 1193 naliter: sed ipse in se huiusmodi dolorem excitaret: sicut homo in se excitat passionem iracundiae ad praesentiam
177 1184 1915 1238 contrarii repugnantis. ldeo dicitur quinto modo quod patitur ab igne: non vt est natura naturaliter af-
177 1237 1924 1304 flictiua: sed vt est instrumentum diuinae iustitiae, infligendo modum alicuius passionis ad quam spiritus est in
183 1291 1915 1354 potentia: vt est diuinae iustitiae instrumentum: quam ex natura propria ei nullo modo infligeret. Sed sic non
174 1342 1921 1404 potius pateretur ab igne inquantum calidus, quam ab aere: immo posset aer esse instrumentum diuinae iusti
179 1397 1919 1460 tiae in affligendo spiritum sicut & ignis, nec ignis vllo modo diceretur affligere in eo quod est calidus. cui
183 1445 1906 1503 videntur discordare dicta sanctorum. ldeo oportet dicere sexto modo quod ignis affligit spiritum inquantum
178 1501 1910 1555 calidus: & eodem genere afflictionis quo affligeret sensum corporis. Sed cum non est actiuum sine passiuo
176 1550 1905 1607 sibi correspondente: non potest ignis agere sua naturali actione in spiritum ipsum affligendo, nisi spiri-
166 1606 1900 1669 tus possit pati ab ipso passionem veram qualem sensus reciperet ab igne: potentia autem propria
171 1658 1902 1714 in recipiendo huiusmodi passionem non est nisi sensus: & actus actiuorum non sunt nisi in patiente & disposito
172 1710 1908 1772 diabolus autem vim sensitiuam non habet: restat ergo difficultas ex parte spiritus quomodo passionem
172 1767 1908 1831 ab igne corporali in se possit recipere. Nec potest dici quod est in eo naturaliter: quia tunc indifferenter pateretur
175 1822 1909 1880 existens in igne infernali spiritus peccator & non peccator & magis peccator & minus peccator: cum peccatum non
173 1867 1911 1928 sit dispositio ad poenam nisi meritorie. Illud autem falsum est dicente Grego. iiii. Diali. c. xliii. Vnus gehem
167 1925 1903 1981 nae ignis non eodem modo cruciat peccatores. Vnusquisque enim quantum exigit culpa tantum illic sentit
167 1976 1910 2042 de poena. Nec potest dici quod deus in hoc naturam spiritus mutet: quia tunc non sustineret poenam qui
168 2036 1901 2101 commisit culpam. Restat igitur vt videtur quod deus naturae spiritus angelici & humani conmunem vim qua pa-
169 2086 1903 2142 ti possit ab igne corporali, imprimit supernaturaliter. Vel sic vtrique naturaliter inest: licet nobis latet.
173 2138 1900 2196 & sic illam temperat vt peccatis poenam correspondentem per illam sustineat: vt secundum quod dicit Grego. ix.
166 2183 1900 2250 Morai, quamuis angelorum atque hominum sit natura dissimilis: vna tamen poena implicat quos vnus in
174 2237 554 2303 crimine reatus ligat.
505 2287 1889 2361 Irca secundum nullum proponebatur argumentum. AD quid dicendum quod vis diaboli naturali-
511 2352 1888 2419 ter omnem corpoream creaturam excedit: nec est aliqua vis in lapidibus aut haerbis
509 2403 1889 2464 quae ipsum cogere potest vel fugare vllo modo: licet fingere possit se cogi per
503 2451 1893 2516 haerbas aut lapides aut carmina. Hoc ex se nullum horum facere posset nisi deus su
504 2503 1886 2565 pernaturaliter eis virtutem huiusmodi indidisset: quemadmodum indidit eam sacramentis
487 2560 1887 2629 & verbis sacramentalibus. Vnde nec ex verbis euangelicis nisi meritorie fugari
168 2615 1893 2684 posset: quia nec sunt ad hoc ordinata: sicut nec ad sanandos languores corporales ad quos Sortiariae
165 2661 992 2723 mulieres frequenter eis vtuntur, quod non licet.
488 2712 1878 2774 lrca tertium arguitur quod ex solis speciebus sacramenti non possit generari vermis: quia
485 2768 1882 2831 ex non substantia secundum philosophum non sit substantia. species illae sunt non substantia: &
481 2822 1880 2883 vermis est substantia. ergo &c. Praeterea nihil per generationem naturalem fit in actu
477 2873 1878 2931 nisi de potentia materiae producatur: aliter enim esset formarum latitantia aut datio &
476 2931 1879 2991 ita non generatio. sed in illis speciebus non est materia subiecta: quia sunt sine ma-
469 2977 1879 3047 teria secundum fidem. ergo &c. CONtra. non est generatio vnius sine corruptione al-
462 3033 1891 3117 terius: cum ergo videmus species illas vetustate naturaliter corrumpi: ergo oportet
