2467 3753
148 312 1943 383 do. DIcendum est ad hoc: quod generatio naturalis si proprie accipitur, inquantum consistit in formae sub
155 381 1939 433 stantialis vnius productione ad compositum constituendum: & alterius corruptione ad alterum compo
152 433 1938 491 situm destruendum: non est nisi in termino alterationis: quae necessario praecedit generationem per altera
159 487 1936 545 tionem omnium accidentium congruentium formae corrumpendae: vt incongruentia fiant ei, & congruentia
159 544 1936 615 formae generandae: ita quod in instanti in quo omnino facta sunt incongruentia vni formae & congruentia al
164 594 1930 657 teri: forma praecedens corrumpitur: & forma succedens generatur: ita quod per totum tempus alteratio
160 648 1932 719 nis materia est actu sub forma corrumpenda: quae in dicto instanti vltimo corrumpitur: & simul alia ge
158 703 1935 761 neratur: quod est medium instans inter esse materiae sub forma priori & posteriori. lta quod in esse prioris
162 758 1942 827 formae non sit dare vltimum instans sed posterioris tantum. secundum determinationem philosophi in. viii.
154 810 1938 867 Physi. Huiusmodi alterationem in dimensionibus bene exponit Auer. cum dicit in primo ca: de substantia or
159 861 1935 923 bis. Forma caliditatis aeris quando agit in aquam: incipit aqua augeri & crescere in dimensionibus & vicinari
163 919 1931 981 dimensionibus aeris. Cum ergo peruenerit ad magnam quantitatem aquae: tunc subiectum denudatur a
155 971 1936 1038 forma aquae, & a qualitate & quantitate dimensionum aquae: & propriam formam recipit aeris, & quantita
164 1022 1939 1089 tem etiam dimensionum propriarum formae aeris. Et similiter facit forma frigiditatis in aere. scilicet quod omnes
166 1086 1932 1144 dimensiones aeris non cessant diminui donec expellatur materia a sua forma & recipiat formam aquae:
155 1131 1930 1198 Et sicut est de alteratione secundum dimensiones quantitatis: sic est & de alteratione secundum disposi
153 1188 1935 1255 tiones qualitatis quod scilicet forma caliditatis aeris quando agit in aquam incipit aqua calefieri & exinde au
155 1243 1933 1313 geri & crescere in caliditate, & vicinari caliditati aeris. Cum ergo peruenerit caliditas ad magnam
161 1294 1932 1364 quantitatem intensionis in aqua: tunc subiectum denudatur a forma aquae, & a caliditate & intensione cali
153 1346 1932 1411 ditatis aquae: & propriam formam recipit aeris: & intensionem etiam caliditatis propriam formae aeris. Et si-
156 1410 1924 1466 militer facit econtra frigiditas aquae in aere. scilicet quod intensio caliditatis aeris non cessat remitti donec ex-
160 1456 1929 1526 pellatur a materia forma aeris: & recipiat formam aquae. Et secundum Auer. ibidem, materia nunquam denu-
154 1510 1931 1575 datur a dimensionibus non terminatis: nec dimensiones simplices denudantur a prima materia: sicut
151 1562 1932 1631 nec alia accidentia communia corporibus contrariis. Propter quod dicit philosophus in secundo de genera
156 1618 1936 1681 tione, quod accidentia symbola quae erant in corrupto manent in generato. Sed singula accidentia vt sunt de-
154 1670 1929 1739 terminata cuique formae cum ipsa corrupta corrumpuntur: & cum ipsa generata generantur: ita quod om-
156 1720 1934 1796 nia accidentia formae generandae citra talem intensionem qua propria sunt formae generandae, non con
150 1775 1939 1844 trariantur: nec penitus repugnant formae corrumpendae: immo simul sunt cum ipsa in materia: & in con
152 1832 1931 1908 posito ex materia & forma sunt accidentia & in ipso existentia. Et sicut haec contingunt in generatio
155 1879 1937 1953 ne aeris ex aqua & econuerso: sic & vniuersaliter in omni naturali generatione & corruptione vt ibi
158 1941 1938 2007 dem determinat: licet de aqua & aere solummodo exemplificat. Quemadmodum ergo praedictum est in ge
150 2000 1930 2058 neratione aeris ex aqua: & econuerso: sic oportet contingere in generatione ignis ex aqua & econuer-
155 2042 1937 2113 so: quod forma caliditatis ignis quando agit in aquam, incipit aqua calefieri & exinde augeri & crescere
158 2101 1931 2165 in caliditate pertranseunte per caliditatem quasi propriam aeris & congruentem eidem: & vicinari calidita
155 2156 1930 2218 ti ignis. Cum ergo peruenerit caliditas existens in aqua ad magnam quantitatem intensionis: tunc pri-
155 2205 1932 2274 mo subiectum denudatur a forma aquae & a caliditate & intensione caliditatis aquae: & propriam formam re
155 2260 1936 2322 cipit ignis: & intensionem etiam caliditatis, propriam formae ignis. Et similiter facit econuerso frigiditas aquae
155 2316 1937 2385 in igne scilicet quod intensio caliditatis ignis non cessat remirti donec expellatur a materia forma ignis & recipiat
153 2380 1930 2440 formam aquae. Et secundum haec dicendum est ad quaestionem: quod ignis manens in forma ignis infrigidari potest natura
157 2434 1930 2491 liter: citra tamen intensionem frigiditatis propriam formae aquae aut terrae naturali: aut etiam formae ae-
159 2479 1934 2548 ris accidentali. Cum enim de igne sit aqua: & hoc per alterationem praecedentem, agente frigido aquae in
162 2533 1937 2598 calidum ignis naturaliter, & assimilante sibi passum: quia passum licet in principio sit contrarium in
159 2587 1925 2651 fine est simile: vt dicitur secundo de anima: & omne agens physicum in agendo patitur: necessarium est quod
166 2647 1930 2713 quantuncumque ignis sit actiuus per calorem, quod patiatur a frigido aquae intantum quod quo ad aliquid intensio
163 2700 1929 2760 caloris in igne remittatur. aliter enim in nullo pateretur a frigido aquae: neque frigidum aquae in aliquo
161 2746 1936 2817 sibi assimilaret materiam sub forma ignis existentem. Et pro quanto remittitur caliditas ignis: pro tan
163 2805 1931 2871 to mouetur motu infrigidationis et infrigidatur et tendit ad medium: vt attingat extremum. Non est enim
164 2862 1941 2920 motus ab vno extremo in medium nisi per conmixtionem alicuius quid est alterius extremi. Est enim medium
158 2913 1935 2975 secundum philosophum. v. Physi. vtrumque extremorum respectu vtriusque: ita quod motus ab extremo in medium
160 2971 1928 3039 et econuerso reducatur ad motum ab extremo in extremum. Propter tamen violentam reactionemi
170 3022 1938 3087 calidi ignis in quodcumque frigidum corruptiuum eius, et determinationem formae substantialis ignis ad
161 3073 1943 3140 intensionem caloris: minimam latitudinem in remissione caloris secum compatitur: aliquam tamen. Cum
166 3136 1932 3194 tamen alia elementa minus sunt actiua, latitudinem magnam compatiuntur in remissione qualita-
168 3176 1941 3261 tis sibi propriae. lta etiam quod vltra medium in quo consistunt, extrema per aequalitatem compatiuntur
