2481 3758
505 302 2318 403 secum qualitatem sui contrarii. Propter quod etsi alia elementa possint esse actu sub dispositione qualita
524 390 2302 445 tis sibi contrariae: vt aer frigidus & aqua calida: ignis tamen nequaquam frigidus actu esse potest: sed
519 443 2295 506 nec tepidus ab agente naturali. immo citra teporem in aliquo gradu calidi ignis existens non patitur
523 498 2295 567 forma eius ipsum magis infrigidari: sed fit materia improportionalis formae ignis si amplius infrigi
519 549 2294 606 detur: & proportionalis formae aquae: vt simul perfecta frigiditas cum forma aquae introducatur. di-
522 603 2305 663 cente Augustinus iii. super Gen. in principio. Cum possint feruere caetera elementa: ignis frigescere non potest.
519 654 2304 713 Intelligo intantum vt frigidus fiat secundum actum procedente infrigidatione vltra tepidum medium
523 712 2306 769 inter calidum & frigidum. Vnde continue exponendo se secundum hoc subdit. Facilius quippe extin
519 770 2293 832 guitur vt ignis non sit quam frigidus maneat: aut sit alicuius frigidi contactu tepidior. Etsi enim neces-
520 818 2299 885 sario aliquantulum remittitur in calore contactu frigidi: & hoc necessitate naturalis actionis qua vt di-
524 874 2303 950 ctum est necessario omne agens naturale quantumcunque excellens in agendo patitur: non tamen vsque
523 926 2292 996 ad gradum illum in quo possit dici tepidus: vt licet possit per actionem frigidi corrumpentis dici fa-
525 984 2290 1038 ctus aliquantulum minus calidus, ex hoc non dicitur factus tepidior: quia nec nunc nec prius om-
525 1036 2299 1103 nino tepidus fuit. Prius enim quam sic remittatur in calore vt non mereatur dici calidus sed tepidus
523 1092 2298 1144 corrumpitur. iuxta quid dicit versus finem secundi Solilo. Ignis si calore careat, nec ignis quidem erit.
527 1140 2295 1210 Et philosophus dicit in praedicamen, quod contraria nata sunt fieri circa idem: nisi alterum naturaliter insit
522 1194 2292 1255 vt igni calidum. Et cum quatuor sunt qualitates elementorum: calidum, frigidum, humidum, siccum:
521 1247 2295 1316 ita quod quodlibet elementorum habet vnam sibi propriam & aliam communem cum alio elemento: Est enim
529 1301 2292 1371 ignis calidus per se & principaliter: siccum autem habet commune cum terra: Terra autem sicca
525 1357 2298 1429 per se: sed frigidum habet commune cum aqua: quae principaliter frigida est: & habet humidum
525 1411 2310 1488 commune cum aere, qui principaliter humidus est: & calidum habet commune cum igne: Dicunt
525 1464 2298 1531 aliqui quod quodlibet elementum secundum suam propriam qualitatem non potest alterari vt sit sub
526 1519 2296 1584 contraria dispositione. Et secundum hoc dicit Auicen. quod aqua pura non calefit: sed partes terrae
525 1570 2295 1641 cum ipsa admixtae. Alii etiam dicunt quod aqua non calefit: sed ignis generatus est cum ea ex mate-
512 1624 2296 1685 ria pro quanto habet de calore. Sed hoc vltimum apertum est impossibile: quia aqua non tantum est
521 1682 2300 1743 extinctiua ignis ratione frigiditatis: sed humiditatis. Propter quod impossibile est in eodem esse calidum
516 1731 2299 1790 ignis cum humido & frigido naturali aquae. Secundum qualitatem autem conmunem potest alterari vt fiat
519 1785 2296 1854 sub contraria dispositione: quemadmodum ponit terram posse calefieri: & aerem frigefieri. Et secundum
520 1839 2294 1914 hoc licet ignis non posset infrigidari: posset tamen humectari: & verum est quod potius pateretur hu
513 1894 2290 1949 mectationem quam infrigidationem. Quia tamen calidum naturaliter sibi associat siccum: & siccum se-
524 1949 2296 2015 cundum philosophum est lima caloris: idcirco licet quantum est ex parte formae substantialis: ignis se-
520 2000 2294 2061 cundum se posset potius humectari quam frigidari: propter tamen associationem caloris summe intensi
522 2051 2292 2112 humectari non potest vltra congruum gradum caloris cum quo saluatur forma ignis: & vlterius ne-
539 2120 2294 2182 quaquam. PER dicta patet quomodo bene procedit primum argumentum ostendendo quod infrigidari possit
524 2161 2299 2224 ignis quo ad hoc quod aliquantulum in suo calore remittatur: non tamen quo ad hoc vt aliquantulum
526 2218 2302 2280 frigidus fiat excedendo medium quod est in tepore: & hoc per agens naturale: nec etiam per agens su
522 2269 2297 2329 pernaturale: si tamen forma ignis substantialis sic tenet ligatam potentiam ad frigiditatem quod impossibi-
524 2329 2292 2393 le est eam ire in actum sub forma ignis. tunc enim posito quod ignis esset frigidus secundum actum: con
521 2381 2300 2439 tradictoria concurrerent in eodenem scilicet quod frigidus esset: & quod impossibile esset ipsum esse frigidum. Alias
522 2437 2292 2493 autem ab agente supernaturali sine omni inconueniente posset poni esse frigidus. Quod mihi videtur
526 2484 2291 2554 verius. potest enim agens supernaturale tenere formam substantialem in materia: & dare dispositionem
524 2544 2292 2601 aliquam supernaturalem vt teneatur in ea sub illa improportionalitate qua necesse esset eam corrumpi aut
514 2599 2295 2660 separari ab agente naturali si non esset in illa dispositione: quemadmodum corpora damnatorum tan-
521 2652 2294 2724 to calore calefient quantum non posset sustinere anima manens in corpore. Ad secundum in contra
517 2702 2296 2768 rium: quod ignis est calidus in summo: verum est: sed illud summum non est ita proprium ei quin forma
516 2761 2293 2820 ignis compatitur secum eius remissionem aliquam: vt patet ex iam dictis. & hoc aliquo in ipso natu
522 2815 2298 2888 raliter agente ad corruptionem ignis & contrarii generationem: ita etiam quod omnino infrigidari
520 2872 1105 2939 posset per agens supernaturale.
825 2994 1770 3105 Finis Disputationis de Quolibet Octauo Magistri
819 3082 1228 3163 Henrici a Gandauo.
