2396 3650
172 261 1924 333 non dominaretur nisi & iste sempiterne famularetur. Et distat multum ista relatio noua ex tempore, qua
185 329 1911 397 deus vt dominus refertur ad creaturam quia creatura refertur ad ipsum vt serua: & illa qua columna vt
175 384 1911 433 dextra refertur ad animal quia animal refertur ad ipsam vt sinistrum. In columna enim nulla omnino
175 433 1907 502 praefuit ex se relatio ad animal: qua per hoc quod animal sibi factum est sinistrum, noua appellatione dica
179 490 1903 550 tur dextra: nec similiter aliquid super quod ex natura rei relatio qua appellatur dextra fundetur: propter
173 544 1901 613 quod cum noua appellatione sibi aduenit noua relatio: sed secundum rationem & intellectus operationem:
178 597 1906 649 & ideo praeter colunmnae omnimodam mutationem. In deo autem praefuit relatio ad creaturam secundum
185 648 1904 706 iam dictum modum: quae per hoc quod creatura de nouo facta est sibi serua, noua appellatione dicitur
176 701 1917 768 dominium, quae prius dicta est in deo dominatiuum & dominaturum: sicut & in essentia creaturae erat rela
176 758 1915 821 tio qua ab aeterno dici potuit seruitiua siue seruilis aut seruitura. & hoc quemadmodum iustus: qui
180 807 1908 872 cum in aeterna dei praedestinatione potuit dici amicabilis siue amicaturus deo: & ex tempore de nouo
176 861 1915 915 dicitur amicus dei quando de nouo incipit amare deum: & sic per suam mutationem. Deus autem ab
181 914 1907 983 aeterno potuit dici amicatiuus siue amicabilis, aut amicaturus creaturae, propter aeternum amorem quem
180 967 1916 1025 habuit ad ipsam: & ex tempore de nouo dicitur amicus non propter aliquem nouum amorem ad ipsam
176 1021 1906 1077 in deo: sed propter nouum amorem in creatura. Et ideo est in deo illa noua denominatio absque sui mu
171 1076 1914 1140 tatione: quia nulla adueniente noua relatione, sicut aduenit colunnae: licet secundum rationem: vt dictum
182 1128 1910 1190 est. Propter quod multo minus sine sua mutatione recipit appellationem nouam secundum relationem
178 1182 1915 1248 quam columna. Et licet relatio qua columna dicitur dextra possit aliquo modo dici accidere & mutabiliter con
172 1240 1918 1304 uenire columnae secundum rationem: quia temporaliter ei aduenit: nullo tamen modo relatio huiusmodi dei
175 1287 1911 1352 ad creaturam potuit dici accidere deo, aut mutabiliter convenire eidem secundum rationem: quia aeter
173 1344 1907 1411 naliter ei conuenit. Per quid soluit Augustinus quaestionem quomodo deus ex tempore de nouo potest dici
172 1397 1908 1461 amicus & dominus: cum tamen haec non accidant ei sicut accidunt creaturae: dicens in. v de trinitate c. vlt. Quo
179 1447 1913 1501 modo obtinebimus non secundum accidens dici dominum: nisi quia ipsius naturae nihil accidit quo mu
172 1499 1905 1562 tetur: Vt ea sint accidentia relatiua quae cum aliqua mutatione rerum de quibus dicuntur, accidunt: si
169 1552 1901 1615 cut amicus relatiue dicitur. supple homo: & hoc accidentaliter. vnde sequitur continuo. Neque enim esse in
169 1604 1907 1656 cipite scilicet amicus) nisi cum amare coeperit. Fit ergo aliqua mutatio voluntatis vt amicus dicatur. Et infra
183 1658 1898 1724 Quia ergo temporaliter dici incipit deus: quod ante non dicebatur: manifestum est relatiue dici: non tamen secun
168 1711 1896 1778 dum accidens dei quod ei accidit: sed plane secundum accidens eius ad quid dici aliquid deus incipit rela-
173 1767 1896 1836 tiue. Et quod amicus dei iustus esse incipit, ipse mutatur: Deus autem absit vt aliquem temporaliter diligat
180 1820 1899 1885 quasi noua dilectione quae in ipso deo non erat: apud quem nec praeterita transeunt: & futura iam fa-
176 1870 1900 1941 cta sunt. lta quod omnes sanctos suos ante mundi constitutionem dilexit: sicut praedestinauit: sed cum com
165 1926 1908 1980 uertuntur & inueniunt illum: tunc incipere ab eo diligi dicuntur: vt eo modo dicatur quo potest ab
170 1977 1911 2046 humano affectu capi quod dicitur. Quia igitur actus amandi absolutus idem est & immutabilis quo deus
172 2031 1913 2087 amat se & creaturas & antequam erant & cum sunt, tam cum ipsum non amant quam cum ipsum amant seu ama
170 2083 1913 2146 re incipiunt: actus autem quo dicta est creatura amatura deum antequam esset, & deum amare cum est
169 2137 1910 2193 in eius amore existens, licet sit idem: tamen mutatur creatura secundum eum cum incipit amare deum:
175 2188 1905 2248 ideo relatio quae est dei ad creaturas secundum rationem voluntatis suae qua dicitur amicatiuus, aut
176 2241 1908 2298 amicaturus, aut amicus, fundata in actu amationis eius quo amat creaturas, omnino est eadem im
175 2295 1903 2354 mutabiliter ei conueniens. Relatio vero quae est creaturae ad deum secundum rem qua dicitur amicatiua
174 2348 1902 2413 aut amicatura(ut sic liceat fingere nomina) aut amica, fundata in actu amationis eius quo amat deum:
172 2399 1902 2453 licet omnino sit eadem re: differens sola ratione: tamen mutabiliter convenit ei secundum omnes ratio-
164 2453 1902 2508 nes. eadem enim mutatione qua nunc creatur, prius erat creanda: & postmodum est creata. Et si-
168 2503 1903 2566 mile est de amare: amaturum esse: & amauisse ex parte creaturae: & similiter de amari amandam esse
169 2556 1897 2619 & amatam: quantum est ex parte sua, quia cum ex tempore incipit amare, sicut commutabiliter incipit
172 2608 1900 2662 amare cum prius non amauit: sic mutabiliter incipit esse amica cum prius non fuit: & mutabiliter
174 2663 1904 2728 desinit dici amatiua aut amatura cum prius talis dicebatur. Et sicut est de ista relatione qua dici-
170 2713 1896 2771 tur creatura amicabilis & amica: sic est de illis quibus dicitur creabilis creanda & creata: & vni
183 2773 1898 2835 uersaliter de omnibus quibus realiter refertur ad deum. & simile est de omnibus quibus secundum
177 2817 1909 2883 rationem voluntatis suae deus refertur ad creaturas. Et est vna relatio secundum rem quae est ex par-
171 2877 1897 2942 te creaturae, diuersa secundum rationem respectu dei qualitercumque diuersimode nominetur: & simimiliter
182 2926 1899 2989 ex parte dei respectu creaturae est vna secundum rationem quantum est ex parte dei. Vnde & quia deus
176 2983 1911 3035 vnica actione rem creat dando ei esse: & in esse dato conseruat: vna est relatio qua respectu creaturae
173 3030 1916 3094 dicitur creator & conseruator: et sicut vnicum esse est quod habet mutabiliter per creationem & in quo conseruatur
178 3086 1919 3170 eadem relatione secundum rem, differente solummodo secundum rationem, refertur ad deum vt creata in esse
