2379 3656
200 233 1933 326 libus compositis: secundum quod dicit Simplicius in fine super capitulum de relatione. In materia-
202 321 1940 397 libus quidem propter distentionem: & propter materialem diuersitatem habitudo subsistit. In his au
198 378 1933 441 tem quae sunt fine distentione & immaterialia & impartibiliter coniuncta: quomodo vtique erit habitudo: Ni
191 442 1929 503 si forte (quod quidam dicebant) sicut & distinctio ibi dicitur, ita & diuersitas. Quare etiam in deo & in immate
189 489 1933 545 rialibus non posuerunt relationes reales ad extra: & hoc propter accidentalitatem quam important, & transmu
195 541 1931 610 tabilitatem quam in subiecto supponunt: sicut in tertia quaestione sequente declarabitur. secundum quod de primo dicit
184 596 1926 645 ibidem Simplicius. Nulla est ibi habitudo neque intelligitur. In quibus enim non est alterum in altero vt habitudo
189 645 1927 715 insubstantia: hoc quidem aliud: illud autem aliud: vt adinuicem aliquo modo se habeant: quomodo possi
191 698 1922 759 bile est in istis ipsum ad aliquid considerari nisi secundum aliquam analogiam: sicut & causas dicimus ibi
189 755 1929 815 & causata: De secundo vero dicit in fine. Adhuc autem si superuentitiam naturam habere dicuntur ipsa ad ali
194 806 1927 871 quid & adnascentiae assimilari: & essentiam a transmutatione extrinsecorum dependentem habent: qumo
187 854 1926 909 in illis considerari ista possibile est: quasi dicat nullo modo. Idcirco philosophi omnino in deo & sub-
187 910 1929 978 stantiis immaterialibus quas deos posuerunt, nullo modo ponebant relationes reales ad deum. Sicut autem
192 973 1923 1031 ordinem naturae necessario praecedit dependentia: vt relatio dicatur ordo dependentiae, secundum quod dictum est: sic
187 1021 1933 1082 dependentiam necessario praecedit mutabilitas. nihil enim ad aliud dependet nisi per illud sibi aliquid habeat
183 1077 1930 1142 acquirere: & hoc per mutationem. Et quia non est aliquid natum acquirere quicquam per mutationem nisi pro-
194 1128 1920 1191 pter suam imperfectionem: idcirco mutabilitas necessario praesupponit imperfectionem: qua res non habet
189 1184 1928 1244 perfectum esse naturae suae. & hoc propter ipsius limitationem: quae est prima radix omnium: limitatio enim
181 1237 1918 1298 est causa imperfectionis: & per consequens omnium aliorum. Quia enim creatura limitata est: ideo imperfecta est:
191 1289 1922 1344 & quia imperfecta, ideo est mutabilis: & quia mutabilis, ideo est dependens: & quia dependens, ideo ordinem
189 1337 1920 1396 habet naturalem ad id a quo dependet: vt quoquo modo perficiatur per illud. Quia in relationibus proportiona
185 1391 1913 1452 lium id super quod fundantur, puta album, in altero similium non habet totaliter in se rationem albedinis: sed solum
176 1440 1920 1504 participationem eius. ideo dependet ad aliud album: quia perfectius secundum rationem speciei habetur in duo-
188 1498 1919 1563 bus quam in altero illorum. In actiuis etiam necessitate naturae: quia aut non habet nisi formam producendam
182 1551 1922 1605 in passiuo participatam vt calefactionem: aut non nisi virtute: vt sol formam vermis. ideo etiam dependet ad
180 1603 1933 1660 suam perfectionem habendam ab ipso passiuo: & multo fortius econuerso. In mensuris etiam planum est quod men
184 1655 1919 1709 suratum respectu mensurae quid imperfectum est: & habet suam perfectionem a mensura: licet econuerso ne-
190 1710 1912 1772 quaquam. Ad secundum quod relatio in deum & creaturas est relatio commensurationis in qua non refertur deus ad
183 1765 1911 1828 creaturam nisi quia creatura refertur ad ipsum: Dicendum quod deus non solum refertur ad creaturas secundum con
177 1816 1921 1872 mensurationis rationis: sed etiam secundum rationem proportionis & secundum rationem actionis. Ad cuius in
178 1870 1920 1928 tellectum sciendum: quod secundum philosopum. v metaphysicae caitulo de relatione, tres sunt modi relationum secundum triplex
183 1925 1920 1987 genus causae formalis, efficientis, & finalis. ad quos omnes relationes habent reduci: & illae quae sunt secundum
179 1976 1916 2030 rem: & illae quae sunt secundum rationem. Sed philosophus, proponit eos in relationibus realibus: & est primus eorum in pro-
187 2029 1925 2093 portionibus. Proportionalia enim relationem habent inter se secundum rationem vnius & multi. Propter quid
187 2085 1918 2145 philosophus vocat eum ibidem modo numeri. Vnum enim vt dicitur. x. metaphysicae habet idem & simile & aequale: & mul-
177 2142 1919 2203 tum habet diuersum & dissimile & inaequale. & vt dicit in. v aequale & simile & idem dicuntur secundum
176 2184 1918 2243 vnum modum: quia referuntur ad vnum. hoc est secundum Conmen. quod proportio in eis est eadem in vtroque extre-
184 2238 1915 2301 mo. Per quod intelligit quod in eorum contrariis inaequale dissimile & diuersum dicuntur secundum eundem modum
177 2298 1921 2360 etiam quia referuntur ad multum: eo quod proportio in eis est diuersa in vtroque extremorum ab altero tantum. Et est in
178 2343 1916 2402 omnibus istis relatio secundum genus causae formalis: quia non est nisi eorum quae conveniunt in forma generis
184 2397 1913 2461 aut speciei. Sunt enim aequale & inaequale in quantitate, idem & diuersum in substantia, simile & dissi-
180 2451 1920 2505 mile in qualitate: sed dissimile inter diuersa specie secundum qualitatem: simile vero proprie inter eadem spe
173 2501 1913 2558 cie. Et dicuntur inaequale, dissimile, & diuersum in conmunicando eadem forma difformiter: aequale simi
180 2548 1920 2618 le & idem in conmunicando eadem forma conformiter. Secundus autem modus est in actionibus. actiua autem &
177 2611 1916 2677 passiua sunt relatiua per potentiam actiuam & passiuam in eis. Dispositionem enim relationis vnum eorum
184 2659 1921 2722 non acquirit nisi respectu alterius: vt calefaciens respectu eius quod calefit, vt habetur. v metaphysicae. Et est iste
179 2714 1910 2775 modus secundum genus causae efficientis manifeste. Et in istis duobus modis est relatio secundum rem in
179 2767 1912 2832 vtroque extremorum. dicente philosopho in. v metaphysicae. Omnia quae dicuntur modo numeri & potentiae, sunt relatiua
184 2820 1913 2875 quia essentia eorum dicitur ad aliud: & non quia illud aliud dicitur ad illa. Commenta. id est non
191 2870 1918 2931 quia alterum eorum intrat in relatione per se: sed supple vtrumque. Tertius vero modus est in commensura-
183 2926 1918 2982 tionibus: secundum quem mensuratum dicitur ad mensuram. Et est secundum istum modum relatio secundum
178 2975 1917 3033 rem in mensurato: secundum rationem vero in mensura. dicente philosopho ibidem. Intellectum & scitum dicitur rela
185 3031 1920 3088 tiuum quia ad illud dicitur aliquid aliud. vbi dicit Commen. Relatio est duobus modis: aut in substantia
183 3085 1919 3169 vtriusque relatiui: aut in substantia alterius tantum: & in altero propter istud. Et est iste modus secundum
