2460 3772
486 303 2280 381 aliquid ad se. Et haec est perfectissima scientia & modus perfectissimus sciendi alia a se. a scia enim tali ip
490 367 2282 433 sa scita alia habent esse id quod sunt. Primo enim ab huiusmodi scia habent esse id quod sunt per essentiam in
497 421 2275 479 cognitione interiori: vt a causa exemplari: & deinde per voluntatem per efficientiam: vt a causa er
496 468 2273 539 ficiente in existentia exteriori, secundum formam & modum quo habent esse in scientia interiori. se
501 525 2275 588 cundum quod dixit Boetius tertio de consolatione. Tu cuncta superno Ducis ab exemplo, pulchrum
499 580 2286 647 pulcherrimus ipse Mundum mente gerens, similique imagine formans. Et Ber. Syluester. Sua prior re
496 629 2290 700 rum natiuitas diuina celebratur in mente: Secunda est quae sequitur actione. & infra. Ad aeternas inspici
499 686 2291 753 ens notiones germana proximante similitudine rerum species reformauit. & infra. In qua vitae viuem
501 740 2284 807 tis imagines, notiones aeternae, mundus intelligibilis, rerum cognitio praefinita. Erat igitur videre
507 790 2285 855 velut in speculo certiori quicquid generationi, quicquid operi dei secretior destinauit affectus: illic in genere in specie in in
500 847 2283 905 diuidua singularitate conscripta quicquid hyle: quicquid mundus: quicquid parturiunt elementa illic
500 896 2278 977 exarata supni digito depictoris: textus temporis: fatalis series: dispositio saeculorum: illic lachrymae
500 952 2274 1022 pauperum: fortunaeque regum: illic potentia militaris: illic philosophorum felicior disciplina: illic quicquid angelus:
503 1006 2280 1073 quicquid ratio comprehendit humana: illic quicquid caelum sua complectitur curuatura. Et Seneca: ad
500 1058 2272 1127 Lucilium epistola. lxviii. Plato exemplar ideam vocat: hoc est enim ad quod aspiciens artifex id quid desti
499 1115 2273 1194 nauit effecit. Haec exemplaria rerum omnium deus intra se habet: numerosque vniuersorum quae agen
500 1171 2267 1234 da sunt & modos mente complexus est: plenus his figuris quas Plato ideas appellat immortales, in
500 1227 2260 1288 numerabiles, infatigabiles. ltaque homines pereunt: ipsa autem humanitas ad quam homo effingitur, per
499 1274 2264 1342 manet. Quibus concordat Augustinum xxxiii, quod quid xlvi. sic inquiens. ldeas. primo Plato appellasse phi-
500 1329 2262 1386 betur: non tamen si hoc nomen antequam ipse institueret non erat, ideo vel ipsae res non erant quas ideas
504 1386 2262 1447 vocat: vel a nullo erant intellectae: sed alio atque alio nomine ab aliis atque aliis nuncupatae quaecumque res
499 1437 2261 1502 sunt. Rem videamus quae maxime consideranda atque noscenda est. ldeas igitur latine possumus formas vel
500 1488 2262 1551 species dicere. Sunt nanque ideae principales quaedam formae vel rationes rerum stabiles atque immu-
497 1543 2266 1610 tabiles: quae ipsae formatae non sunt: atque per hoc aeternae, ac semper eodem modo se habentes: quae diui
492 1599 2257 1663 na intelligentia continentur: & cum ipsae nec oriantur nec intereant: secundum eas tamen formari di-
492 1651 2313 1714 citur omne quod oriri & interire potest. & infra. Quod si recte dici & credi potest, restat vt omnia ratio C
492 1700 2264 1772 ne sunt condita: nec eadem ratione homo qua equus. hoc enim absurdum est aestimare. Singula igitur
493 1758 2258 1828 propriis sunt condita rationibus. Et ne aliquis peruerse exponeret dicendo quod verum est ex parte conditi: vt alia
497 1810 2262 1879 ratione quae est in homine conditus sit homo: & alia quae est in equo conditus sit equus: quia secundum alium
496 1868 2263 1936 gradum naturae subsistunt illae & istae: ideo continuo subdit. Has autem rationes vbi arbitrandum est
493 1925 2258 1981 esse nisi in ipsa mente creatoris: Non enim extra se quicquam intuebatur vt secundum id constitueret
493 1972 2262 2038 quod constituebat. Cui etiam concordat Plato, cuius sententiam praedicti defendunt. Dicit enim in priu
496 2026 2263 2088 cipio secundi Timaei. Mens cuius visus contemplatioque intellectus est, genera idearum contempla-
502 2080 2262 2135 tur intelligibili mundo. Sed vtrum Plato cum sequacibus suis ideas appellabat respectus quosdam
498 2134 2263 2189 imitabilitatis in diuina essentia, vel ipsas rerum essentias in diuina cognitione existentes, non satis
501 2189 2268 2254 clarum est ex dictis suis. Quia tamen ideam ignis ignem appellat, & sic de caeteris: secundum quod dicit
498 2241 2273 2311 versus finem Timaei, mouendo dubitationem de positione idearum sic inquiens: Est ne aliquis ignis
492 2291 2275 2352 seorsum positus: iterum caeterae species quas concipientes mente dicimus separatas a coetu corporea
491 2350 2263 2415 rum specierum fore archetypa exemplaria rei sensibilis: an haec sola sunt quae videntur: quamque corporis in
497 2398 2262 2468 tentione sentimus: nec praeter haec vlla sunt vspiam: sed frustra praesumitur esse intelligibiles spe
489 2460 2263 2523 cies quarum sunt imagines sensibiles: easque nihil aliud esse quam verba: & respondet post aliqua inter-
496 2506 2268 2569 posita: Fatendum est esse huiusmodi speciem semotam a sensibilibus & caetera: magis apparet quod posuit
497 2563 2267 2624 ideas ipsas rerum essentias in diuina notitia, quam ipsas rationes in diuina essentia. Quid maxime patet
495 2622 2269 2682 ex hoc quod dicit Augustinus in dicta quaestione. ldeas latine possumus vel formas vel species dicere:
498 2668 2268 2738 vt verbum e verbo transferri videatur. Si autem rationes eas vocamus, ab interpretandi proprieta-
493 2725 2276 2784 te discedimus. rationes enim graece logoi appellantur non ideae: & constat quod essentiae rerum in diuina
493 2778 2278 2833 notitia, proprie dicuntur formae aut species: non autem rationes. secundum etiam quod Augustinus vt iam
492 2832 2262 2887 habitum est, eas vocat res dicens. Tnde quisquis hoc vocabulo ratio vti voluerit: a re ipsa non abhorret.
498 2883 2267 2945 sunt nanque ideae &c. vt supra iam. Sunt enim essentiae rerum vt sunt in diuina cognitione exempla
488 2940 2265 3003 ria suiipsius vt habent fieri in existentia quodammodo: quemadmodum diuina essentia secundum ra-
495 2990 2264 3057 tiones ideales est forma exemplaris qua essentiae creaturarum sunt id quod sunt vt quaedam exempla-
490 3040 2261 3110 ta. Modus tamen theologorum magis consuetus est appellare ideas ipsas rationes imitabilitatis: secun-
486 3097 2267 3164 dum quod expositum est. Sed positionem idearum secundum quod essentiae rerum appellantur ideae, quo
492 3153 2268 3245 ad naturas essentiarum secundum quod essentiae sunt: optime exponit Auicen. in sua metaphysicae secundum
