<?xml version="1.0" encoding="UTF-8" standalone="yes"?>
<PcGts xmlns="http://schema.primaresearch.org/PAGE/gts/pagecontent/2013-07-15" xmlns:xsi="http://www.w3.org/2001/XMLSchema-instance" xsi:schemaLocation="http://schema.primaresearch.org/PAGE/gts/pagecontent/2013-07-15 http://schema.primaresearch.org/PAGE/gts/pagecontent/2013-07-15/pagecontent.xsd">
    <Metadata>
        <Creator>prov=University of Rostock/Institute of Mathematics/CITlab|PLANET AI GmbH/Gundram Leifert/gundram.leifert@planet-ai.de:name=Badius1518-m5(htr_id=23184)::::v=2.6.6
prov=University of Rostock/Institute of Mathematics/CITlab|PLANET AI GmbH/Tobias Gruening/tobias.gruening@planet-ai.de:name=de.uros.citlab.module.baseline2polygon.B2PSeamMultiOriented:v=2.6.6
prov=University of Rostock/Institute of Mathematics/CITlab|PLANET AI GmbH/Tobias Gruening/tobias.gruening@planet-ai.de:name=/net_tf/LA73_249_0mod360.pb:de.uros.citlab.segmentation.CITlab_LA_ML:v=2.6.0
Transkribus</Creator>
        <Created>2019-12-09T23:48:25.352+01:00</Created>
        <LastChange>2020-04-22T20:18:39.445+02:00</LastChange>
        <TranskribusMetadata docId="291873" pageId="11635432" pageNr="735" tsid="28164754" status="IN_PROGRESS" userId="25065" imgUrl="https://files.transkribus.eu/Get?id=DMTZQUCOEIBFQQWWNENGXNOJ&amp;fileType=view" xmlUrl="https://files.transkribus.eu/Get?id=ITGTPZIGEDRNNLZYDFGUDQVY" imageId="8014471"/>
    </Metadata>
    <Page imageFilename="734.jpg" imageWidth="2473" imageHeight="3737">
        <ReadingOrder>
            <OrderedGroup id="ro_1587600682709" caption="Regions reading order">
                <RegionRefIndexed index="0" regionRef="TextRegion_1583783653467_4370"/>
            </OrderedGroup>
        </ReadingOrder>
        <TextRegion orientation="0.0" id="TextRegion_1583783653467_4370" custom="readingOrder {index:0;}">
            <Coords points="183,318 1939,321 1936,3164 180,3161"/>
            <TextLine id="r1l2" custom="readingOrder {index:0;}">
                <Coords points="181,382 1917,387 1950,309 181,323"/>
                <Baseline points="192,367 279,366 366,365 453,365 541,365 628,364 715,364 803,364 890,364 977,364 1065,365 1152,365 1239,365 1326,365 1414,365 1501,366 1588,366 1676,366 1763,366 1850,365 1938,365"/>
                <TextEquiv>
                    <Unicode>relationis quo deus refertur ad creaturam non quia creatura refertur ad ipsum: non refertur ad </Unicode>
                </TextEquiv>
            </TextLine>
            <TextLine id="r1l3" custom="readingOrder {index:1;}">
                <Coords points="181,448 1898,441 1948,378 181,382"/>
                <Baseline points="192,419 279,419 366,418 453,418 540,418 628,417 715,417 802,417 889,417 976,417 1064,417 1151,417 1238,417 1325,417 1412,417 1500,418 1587,418 1674,418 1761,418 1848,418 1936,419"/>
                <TextEquiv>
                    <Unicode>ipsam ratione suae essentiae simpliciter vt est essentia: sed solummodo ratione ideae &amp; ratione qua </Unicode>
                </TextEquiv>
            </TextLine>
            <TextLine id="r1l4" custom="readingOrder {index:2;}">
                <Coords points="181,491 1764,496 1950,488 1950,440 181,448"/>
                <Baseline points="193,474 280,473 367,473 454,472 542,472 629,471 716,471 804,471 891,471 978,471 1066,471 1153,471 1240,471 1327,471 1415,472 1502,472 1589,472 1677,473 1764,473 1851,474 1939,474"/>
                <TextEquiv>
                    <Unicode>est idea. Secundum vero modum tertium relationis quo deus refertur ad ipsam creaturam quia </Unicode>
                </TextEquiv>
            </TextLine>
            <TextLine id="r1l5" custom="readingOrder {index:3;}">
                <Coords points="189,541 1922,546 1940,487 188,498"/>
                <Baseline points="199,529 285,529 372,528 458,527 545,527 631,526 718,526 804,526 891,526 977,526 1064,525 1150,525 1237,525 1323,525 1410,526 1496,526 1583,526 1669,526 1756,526 1842,526 1929,526"/>
                <TextEquiv>
                    <Unicode>creatura refertur ad ipsum: ipsa creatura refertur ad ipsum ratione essentiae dei simpliciter vt essen-</Unicode>
                </TextEquiv>
            </TextLine>
            <TextLine id="r1l6" custom="readingOrder {index:4;}">
                <Coords points="188,596 1891,600 1939,544 188,548"/>
                <Baseline points="199,582 285,581 371,580 458,579 544,579 631,578 717,578 804,577 890,577 977,577 1063,577 1149,577 1236,577 1322,578 1409,578 1495,578 1582,579 1668,579 1755,580 1841,581 1928,581"/>
                <TextEquiv>
                    <Unicode>tia est: etsi non determinet quantitatem creaturae nisi secundum rationem perfectionalem, &amp; vt ra-</Unicode>
                </TextEquiv>
            </TextLine>
            <TextLine id="r1l7" custom="readingOrder {index:5;}">
                <Coords points="184,648 1878,654 1942,588 184,603"/>
                <Baseline points="195,635 281,634 368,634 455,634 542,633 629,633 715,633 802,633 889,632 976,632 1063,632 1149,632 1236,632 1323,632 1410,632 1497,633 1583,633 1670,633 1757,633 1844,633 1931,634"/>
                <TextEquiv>
                    <Unicode>tio persectionalis est. Et sic quarto essentia dei vt essentia est, refertur ad creaturam quia creatura re-</Unicode>
                </TextEquiv>
            </TextLine>
            <TextLine id="r1l8" custom="readingOrder {index:6;}">
                <Coords points="185,707 1904,706 1945,636 185,648"/>
                <Baseline points="195,691 281,690 368,689 455,688 542,688 629,687 716,687 803,687 890,686 977,686 1064,686 1150,686 1237,686 1324,686 1411,686 1498,686 1585,686 1672,686 1759,686 1846,686 1933,686"/>
                <TextEquiv>
                    <Unicode>fertur ad ipsam: &amp; similiter vt ratio persectionalis est: sed essentia secundum quod est essentia vt est</Unicode>
                </TextEquiv>
            </TextLine>
            <TextLine id="r1l9" custom="readingOrder {index:7;}">
                <Coords points="180,762 1934,750 1831,693 180,707"/>
                <Baseline points="191,744 277,743 364,742 450,741 537,740 624,739 710,739 797,739 883,738 970,738 1057,738 1143,738 1230,738 1316,739 1403,739 1490,739 1576,739 1663,739 1749,739 1836,739 1923,739"/>
                <TextEquiv>
                    <Unicode>mensura vniuersalis &amp; excedens: secundum vero quod est perfectio siue ratio perfectionalis vt est men</Unicode>
                </TextEquiv>
            </TextLine>
            <TextLine id="r1l10" custom="readingOrder {index:8;}">
                <Coords points="185,814 1865,817 1939,806 1939,749 185,760"/>
                <Baseline points="197,799 283,797 370,796 456,795 543,794 629,794 716,793 802,793 889,793 975,793 1062,793 1148,793 1235,793 1321,793 1408,793 1494,793 1581,793 1667,793 1754,793 1840,792 1927,792"/>
                <TextEquiv>
                    <Unicode>sura propria &amp; aequata quodammodo. Et secundum hunc modum licet relatio secundum rationem</Unicode>
                </TextEquiv>
            </TextLine>
            <TextLine id="r1l11" custom="readingOrder {index:9;}">
                <Coords points="187,862 1718,872 1937,854 1937,806 187,821"/>
                <Baseline points="199,851 285,850 371,849 457,849 544,848 630,848 716,848 803,848 889,847 975,847 1062,847 1148,847 1234,847 1320,847 1407,847 1493,847 1579,847 1666,847 1752,846 1838,846 1925,845"/>
                <TextEquiv>
                    <Unicode>commensurationis non ponat ex se in mensura rationem causalitatis nisi secundum genus causae</Unicode>
                </TextEquiv>
            </TextLine>
            <TextLine id="r1l12" custom="readingOrder {index:10;}">
                <Coords points="177,923 1928,924 1943,849 177,862"/>
                <Baseline points="187,905 274,904 361,903 448,903 536,902 623,901 710,901 798,901 885,900 972,900 1060,900 1147,900 1234,900 1321,900 1409,900 1496,900 1583,900 1671,900 1758,900 1845,900 1933,899"/>
                <TextEquiv>
                    <Unicode>finalis: semper tamen praesupponit in eadem causalitatem secundum alterum genus causae: qua se</Unicode>
                </TextEquiv>
            </TextLine>
            <TextLine id="r1l13" custom="readingOrder {index:11;}">
                <Coords points="185,974 1940,974 1940,923 1855,910 185,923"/>
                <Baseline points="195,959 281,957 368,956 455,955 542,955 628,954 715,954 802,953 889,953 975,953 1062,953 1149,953 1236,953 1322,954 1409,954 1496,954 1583,954 1669,954 1756,954 1843,954 1930,954"/>
                <TextEquiv>
                    <Unicode>cundum aliud genus relationis refertur ad idem prius. Vt enim dicit Commenta. super praeassum</Unicode>
                </TextEquiv>
            </TextLine>
            <TextLine id="r1l14" custom="readingOrder {index:12;}">
                <Coords points="190,1037 1920,1026 1946,973 190,978"/>
                <Baseline points="201,1012 287,1011 374,1011 461,1010 548,1009 634,1009 721,1008 808,1008 895,1008 981,1008 1068,1008 1155,1008 1242,1007 1328,1007 1415,1007 1502,1007 1589,1007 1675,1007 1762,1007 1849,1007 1936,1007"/>
                <TextEquiv>
                    <Unicode>ptum verbum de. v metaphysicae oportet vt omne mensurans primum sit in omni genere in quo in- </Unicode>
                </TextEquiv>
            </TextLine>
            <TextLine id="r1l15" custom="readingOrder {index:13;}">
                <Coords points="189,1078 1909,1080 1944,1017 189,1035"/>
                <Baseline points="199,1067 285,1066 372,1065 459,1064 545,1063 632,1062 719,1062 805,1061 892,1061 979,1061 1066,1061 1152,1060 1239,1060 1326,1060 1412,1060 1499,1060 1586,1061 1672,1061 1759,1061 1846,1061 1933,1061"/>
                <TextEquiv>
                    <Unicode>uenitur primum in esse &amp; cognitione. lta quod licet secundum illud genus relationis quod est in ratione </Unicode>
                </TextEquiv>
            </TextLine>
            <TextLine id="r1l16" custom="readingOrder {index:14;}">
                <Coords points="186,1139 1876,1135 1951,1124 1951,1070 186,1080"/>
                <Baseline points="197,1121 284,1120 371,1118 458,1117 545,1116 632,1115 719,1115 806,1114 893,1114 980,1114 1068,1114 1155,1114 1242,1114 1329,1114 1416,1114 1503,1115 1590,1115 1677,1115 1764,1114 1851,1114 1939,1114"/>
                <TextEquiv>
                    <Unicode>mensurae secundum genus causae finalis, non refertur ad aliud nisi quia illud refertur ad ipsum: tamen secundum</Unicode>
                </TextEquiv>
            </TextLine>
            <TextLine id="r1l17" custom="readingOrder {index:15;}">
                <Coords points="190,1201 1865,1192 1945,1181 1945,1124 190,1144"/>
                <Baseline points="201,1174 287,1173 374,1172 461,1171 547,1170 634,1170 721,1169 807,1169 894,1169 981,1169 1068,1169 1154,1169 1241,1169 1328,1169 1414,1170 1501,1170 1588,1170 1674,1170 1761,1169 1848,1169 1935,1169"/>
                <TextEquiv>
                    <Unicode>aliud genus relationis secundum aliud genus causae bene refertur ad illud, non quia illud refertur ad ipsum. Verbi</Unicode>
                </TextEquiv>
            </TextLine>
            <TextLine id="r1l18" custom="readingOrder {index:16;}">
                <Coords points="193,1253 1947,1231 1914,1179 193,1201"/>
                <Baseline points="203,1231 289,1228 376,1227 462,1225 549,1224 636,1223 722,1223 809,1222 895,1222 982,1222 1069,1223 1155,1223 1242,1223 1328,1223 1415,1224 1502,1224 1588,1223 1675,1223 1761,1223 1848,1222 1935,1221"/>
                <TextEquiv>
                    <Unicode>gratia: vnum quod est mensura numerorum, est primum in esse numerorum: ipsos constituendo secundum</Unicode>
                </TextEquiv>
            </TextLine>
            <TextLine id="r1l19" custom="readingOrder {index:17;}">
                <Coords points="188,1308 1856,1300 1948,1237 188,1253"/>
                <Baseline points="200,1285 286,1282 373,1279 460,1277 547,1276 634,1275 721,1275 807,1274 894,1274 981,1275 1068,1275 1155,1276 1242,1276 1329,1277 1415,1277 1502,1277 1589,1277 1676,1277 1763,1276 1850,1275 1937,1273"/>
                <TextEquiv>
                    <Unicode>genus causae materialis. Numeri enim non mensurantur primo &amp; essentialiter nisi per primum quod est</Unicode>
                </TextEquiv>
            </TextLine>
            <TextLine id="r1l20" custom="readingOrder {index:18;}">
                <Coords points="191,1356 1936,1347 1936,1288 191,1308"/>
                <Baseline points="201,1337 287,1334 373,1333 459,1331 545,1330 632,1330 718,1329 804,1329 890,1329 976,1329 1063,1329 1149,1330 1235,1330 1321,1330 1407,1330 1494,1330 1580,1330 1666,1330 1752,1329 1838,1328 1925,1327"/>
                <TextEquiv>
                    <Unicode>eis indiuisibile: ex quo componuntur, vt dicit Commen. ibidem. Similiter scibile quid est mensura scien</Unicode>
                </TextEquiv>
            </TextLine>
            <TextLine id="r1l21" custom="readingOrder {index:19;}">
                <Coords points="183,1402 1867,1406 1946,1349 183,1354"/>
                <Baseline points="195,1391 282,1388 369,1386 456,1385 543,1384 630,1383 717,1383 804,1383 891,1383 978,1383 1065,1383 1152,1383 1239,1384 1326,1384 1413,1384 1500,1385 1587,1385 1674,1384 1761,1384 1848,1383 1935,1382"/>
                <TextEquiv>
                    <Unicode>tiae, est principium in esse eius ipsam adgenerando in sciente secundum genus causae efficientis. vt</Unicode>
                </TextEquiv>
            </TextLine>
            <TextLine id="r1l22" custom="readingOrder {index:20;}">
                <Coords points="189,1456 1816,1464 1947,1446 1947,1392 189,1402"/>
                <Baseline points="200,1444 286,1441 373,1439 460,1438 547,1436 634,1435 721,1435 807,1435 894,1435 981,1435 1068,1436 1155,1436 1242,1437 1329,1437 1415,1437 1502,1438 1589,1438 1676,1438 1763,1437 1850,1437 1937,1435"/>
                <TextEquiv>
                    <Unicode>secundum hoc id quid est mensura refertur ad id quod est mensuratum secundum genus causae qua est</Unicode>
                </TextEquiv>
            </TextLine>
            <TextLine id="r1l23" custom="readingOrder {index:21;}">
                <Coords points="186,1511 1944,1502 1902,1447 186,1452"/>
                <Baseline points="197,1497 283,1495 370,1493 457,1492 544,1490 631,1490 717,1489 804,1489 891,1489 978,1489 1065,1489 1151,1490 1238,1490 1325,1491 1412,1491 1499,1491 1585,1491 1672,1491 1759,1490 1846,1490 1933,1489"/>
                <TextEquiv>
                    <Unicode>causa eius in esse: non quia illud refertur ad ipsum: sed potius econuerso. Secundum vero genus</Unicode>
                </TextEquiv>
            </TextLine>
            <TextLine id="r1l24" custom="readingOrder {index:22;}">
                <Coords points="188,1565 1750,1565 1937,1556 1937,1508 188,1513"/>
                <Baseline points="199,1551 285,1549 371,1547 458,1545 544,1544 631,1544 717,1543 803,1543 890,1543 976,1543 1063,1544 1149,1544 1235,1544 1322,1545 1408,1545 1495,1545 1581,1545 1667,1545 1754,1544 1840,1543 1927,1542"/>
                <TextEquiv>
                    <Unicode>causae finalis &amp; mensurae qua solum est causa eius in cognitione, nequaquam refertur ad illud: nisi quia</Unicode>
                </TextEquiv>
            </TextLine>
            <TextLine id="r1l25" custom="readingOrder {index:23;}">
                <Coords points="182,1627 1898,1619 1935,1556 182,1565"/>
                <Baseline points="193,1606 279,1604 366,1601 452,1599 539,1598 626,1597 712,1597 799,1596 885,1596 972,1596 1059,1597 1145,1597 1232,1597 1318,1598 1405,1598 1492,1599 1578,1599 1665,1599 1751,1598 1838,1598 1925,1597"/>
                <TextEquiv>
                    <Unicode>illud refertur ad ipsum. Ita tamen quod nihil refertur ad aliud secundum tertium modum quia aliud </Unicode>
                </TextEquiv>
            </TextLine>
            <TextLine id="r1l26" custom="readingOrder {index:24;}">
                <Coords points="183,1677 1804,1675 1935,1663 1935,1613 183,1629"/>
                <Baseline points="195,1659 281,1657 367,1654 454,1653 540,1652 627,1651 713,1650 799,1650 886,1650 972,1650 1059,1650 1145,1650 1231,1650 1318,1651 1404,1651 1491,1651 1577,1651 1663,1651 1750,1651 1836,1650 1923,1649"/>
                <TextEquiv>
                    <Unicode>refertur ad ipsum, quod non prius refertur ad illud: non quia illud refertur ad ipsum secundum alium </Unicode>
                </TextEquiv>
            </TextLine>
            <TextLine id="r1l27" custom="readingOrder {index:25;}">
                <Coords points="183,1725 1933,1716 1932,1663 183,1677"/>
                <Baseline points="195,1714 281,1712 367,1709 453,1708 540,1706 626,1705 712,1705 799,1704 885,1704 971,1704 1058,1704 1144,1705 1230,1705 1316,1705 1403,1705 1489,1706 1575,1706 1662,1706 1748,1705 1834,1705 1921,1704"/>
                <TextEquiv>
                    <Unicode>modum relationis. Et est semper relatio secundum rationem mensurae secundum rationem in men</Unicode>
                </TextEquiv>
            </TextLine>
            <TextLine id="r1l28" custom="readingOrder {index:26;}">
                <Coords points="180,1777 1932,1776 1931,1717 180,1727"/>
                <Baseline points="191,1769 277,1766 364,1764 450,1762 537,1760 623,1759 710,1758 796,1758 883,1758 969,1758 1056,1758 1142,1758 1229,1758 1315,1759 1402,1759 1488,1759 1575,1759 1661,1759 1748,1759 1834,1759 1921,1758"/>
                <TextEquiv>
                    <Unicode>sura: &amp; secundum rem in mensurato. Relatio vero secundum aliud genus causae &amp; alium modum </Unicode>
                </TextEquiv>
            </TextLine>
            <TextLine id="r1l29" custom="readingOrder {index:27;}">
                <Coords points="182,1838 1866,1838 1934,1776 182,1777"/>
                <Baseline points="193,1823 279,1820 366,1817 452,1815 539,1813 625,1812 712,1811 798,1811 885,1811 971,1811 1058,1811 1144,1811 1231,1811 1317,1812 1404,1812 1490,1813 1577,1813 1663,1813 1750,1812 1836,1812 1923,1811"/>
                <TextEquiv>
                    <Unicode>relationis praesupposita bene est secundum rem in vtroque extremorum. Scibile enim in creaturis</Unicode>
                </TextEquiv>
            </TextLine>
            <TextLine id="r1l30" custom="readingOrder {index:28;}">
                <Coords points="190,1888 1937,1887 1937,1826 190,1834"/>
                <Baseline points="201,1876 287,1873 373,1871 459,1870 545,1868 632,1867 718,1866 804,1865 890,1865 976,1865 1063,1865 1149,1865 1235,1865 1321,1865 1407,1866 1494,1866 1580,1866 1666,1866 1752,1866 1838,1866 1925,1866"/>
                <TextEquiv>
                    <Unicode>inquantum est causa efficiens scientiae in scito secundum modum secundum relationis refertur ad scientiam: &amp;</Unicode>
                </TextEquiv>
            </TextLine>
            <TextLine id="r1l31" custom="readingOrder {index:29;}">
                <Coords points="188,1938 1879,1941 1933,1884 188,1890"/>
                <Baseline points="199,1929 285,1927 371,1925 457,1924 543,1923 630,1922 716,1921 802,1920 888,1920 974,1920 1061,1919 1147,1919 1233,1919 1319,1920 1405,1920 1492,1920 1578,1920 1664,1920 1750,1920 1836,1920 1923,1920"/>
                <TextEquiv>
                    <Unicode>est relatio realis in vtroque extremorum: sed in deo siue in eius scientia inquantum est causa forma-</Unicode>
                </TextEquiv>
            </TextLine>
            <TextLine id="r1l32" custom="readingOrder {index:30;}">
                <Coords points="187,2010 1918,1993 1940,1930 186,1938"/>
                <Baseline points="197,1985 283,1982 370,1980 456,1978 543,1977 630,1975 716,1974 803,1974 889,1973 976,1973 1063,1972 1149,1972 1236,1972 1322,1972 1409,1972 1496,1973 1582,1973 1669,1973 1755,1973 1842,1973 1929,1973"/>
                <TextEquiv>
                    <Unicode>lis exemplaris scibilis, est relatio secundum rationem, &amp; in scibili secundum rem, vt patet ex dictis.</Unicode>
                </TextEquiv>
            </TextLine>
            <TextLine id="r1l33" custom="readingOrder {index:31;}">
                <Coords points="214,2047 1882,2045 1939,1995 213,1997"/>
                <Baseline points="224,2040 309,2037 394,2035 479,2033 564,2031 649,2030 734,2028 820,2028 905,2027 990,2026 1075,2026 1160,2026 1245,2026 1330,2026 1416,2026 1501,2026 1586,2026 1671,2026 1756,2026 1841,2026 1927,2026"/>
                <TextEquiv>
                    <Unicode>QVARto &amp; vltimo necesse est ponere in deo ideas propter productionem rerum in existentia</Unicode>
                </TextEquiv>
            </TextLine>
            <TextLine id="r1l34" custom="readingOrder {index:32;}">
                <Coords points="185,2102 1941,2089 1940,2037 185,2047"/>
                <Baseline points="195,2092 281,2090 368,2088 455,2086 541,2085 628,2084 715,2083 801,2082 888,2082 975,2081 1062,2081 1148,2081 1235,2081 1322,2081 1408,2081 1495,2081 1582,2081 1668,2081 1755,2081 1842,2081 1929,2080"/>
                <TextEquiv>
                    <Unicode>actuali: quia non posset plura diuersa &amp; distincta producere nisi sic ea producenda cognosceret, vt</Unicode>
                </TextEquiv>
            </TextLine>
            <TextLine id="r1l35" custom="readingOrder {index:33;}">
                <Coords points="194,2163 1935,2144 1934,2093 1864,2089 194,2104"/>
                <Baseline points="205,2143 290,2142 376,2141 462,2140 548,2139 634,2138 720,2137 806,2136 892,2136 978,2135 1064,2135 1149,2135 1235,2134 1321,2134 1407,2134 1493,2134 1579,2134 1665,2134 1751,2134 1837,2134 1923,2134"/>
                <TextEquiv>
                    <Unicode>processit primum argumentum. cognitio autem talis secundum praedicta non est nisi per ideas. Vn </Unicode>
                </TextEquiv>
            </TextLine>
            <TextLine id="r1l36" custom="readingOrder {index:34;}">
                <Coords points="189,2209 1875,2204 1934,2199 1934,2142 189,2163"/>
                <Baseline points="201,2197 287,2195 373,2194 459,2193 545,2191 631,2191 717,2190 803,2189 889,2189 975,2188 1062,2188 1148,2188 1234,2187 1320,2187 1406,2187 1492,2187 1578,2187 1664,2186 1750,2186 1836,2186 1923,2185"/>
                <TextEquiv>
                    <Unicode>de philosophus quicumque non posuit in deo pluralitatem idearum vt sunt rationes imitabilitatis in </Unicode>
                </TextEquiv>
            </TextLine>
            <TextLine id="r1l37" custom="readingOrder {index:35;}">
                <Coords points="184,2259 1940,2261 1940,2198 184,2211"/>
                <Baseline points="195,2251 281,2249 368,2247 455,2246 541,2245 628,2244 715,2243 801,2242 888,2242 975,2242 1062,2241 1148,2241 1235,2241 1322,2241 1408,2240 1495,2240 1582,2240 1668,2239 1755,2238 1842,2238 1929,2236"/>
                <TextEquiv>
                    <Unicode>essentia dei: licet poneret ideas vt essentias rerum in sua cognitione, sicut posuit Auicen. non potuit</Unicode>
                </TextEquiv>
            </TextLine>
            <TextLine id="r1l38" custom="readingOrder {index:36;}">
                <Coords points="191,2327 1940,2315 1939,2262 1861,2248 190,2259"/>
                <Baseline points="201,2305 287,2303 373,2301 460,2300 546,2299 633,2298 719,2297 805,2296 892,2295 978,2295 1065,2294 1151,2294 1237,2293 1324,2293 1410,2293 1497,2293 1583,2292 1669,2292 1756,2292 1842,2292 1929,2291"/>
                <TextEquiv>
                    <Unicode>ponere plura produci a deo aeque immediate: quia productio ista non esset nisi secundum ordinem</Unicode>
                </TextEquiv>
            </TextLine>
            <TextLine id="r1l39" custom="readingOrder {index:37;}">
                <Coords points="193,2370 1934,2360 1894,2302 193,2327"/>
                <Baseline points="203,2360 289,2357 375,2356 461,2354 547,2352 633,2351 719,2350 805,2349 891,2348 977,2348 1063,2347 1149,2347 1235,2346 1321,2346 1407,2346 1493,2346 1579,2346 1665,2346 1751,2346 1837,2346 1923,2346"/>
                <TextEquiv>
                    <Unicode>quem creaturae haberent ad deum secundum naturas ipsarum: non quem deus haberet ad ipsas</Unicode>
                </TextEquiv>
            </TextLine>
            <TextLine id="r1l40" custom="readingOrder {index:38;}">
                <Coords points="191,2425 1938,2411 1878,2355 190,2366"/>
                <Baseline points="201,2413 287,2411 373,2409 459,2408 546,2406 632,2405 718,2404 805,2403 891,2403 977,2402 1064,2402 1150,2401 1236,2401 1322,2401 1409,2401 1495,2400 1581,2400 1668,2400 1754,2400 1840,2400 1927,2399"/>
                <TextEquiv>
                    <Unicode>secundum determinationem suae voluntatis, vt patet ex dictis Auicen. alibi a nobis pertractatis.</Unicode>
                </TextEquiv>
            </TextLine>
            <TextLine id="r1l41" custom="readingOrder {index:39;}">
                <Coords points="214,2477 1721,2478 1939,2465 1939,2411 213,2423"/>
                <Baseline points="225,2467 310,2465 395,2463 480,2462 565,2460 651,2459 736,2458 821,2457 906,2457 991,2456 1077,2456 1162,2455 1247,2455 1332,2455 1417,2455 1503,2454 1588,2454 1673,2454 1758,2453 1843,2453 1929,2453"/>
                <TextEquiv>
                    <Unicode>SIC ergo breuiter dicendum est ad quaestionem: quod si in deo non esset idea, non posset aliquid extra se</Unicode>
                </TextEquiv>
            </TextLine>
            <TextLine id="r1l42" custom="readingOrder {index:40;}">
                <Coords points="190,2530 1867,2528 1941,2518 1941,2466 189,2473"/>
                <Baseline points="201,2520 287,2519 374,2517 460,2516 547,2515 633,2514 720,2513 806,2512 893,2511 979,2510 1066,2510 1152,2509 1239,2508 1325,2508 1412,2507 1498,2507 1585,2507 1671,2507 1758,2507 1844,2507 1931,2507"/>
                <TextEquiv>
                    <Unicode>vt aliud est ab ipso cognoscere: &amp; per consequens nec aliquid omnino extra se in esse producere: &amp; si</Unicode>
                </TextEquiv>
            </TextLine>
            <TextLine id="r1l43" custom="readingOrder {index:41;}">
                <Coords points="186,2586 1890,2585 1940,2517 186,2530"/>
                <Baseline points="197,2573 283,2572 370,2571 456,2570 543,2569 629,2568 716,2567 802,2566 889,2565 975,2564 1062,2564 1149,2563 1235,2562 1322,2562 1408,2562 1495,2561 1581,2561 1668,2561 1754,2561 1841,2562 1928,2562"/>
                <TextEquiv>
                    <Unicode>in deo non essent plures ideae, non posset scire plura extra se: nec per consequens producere. Vnde po</Unicode>
                </TextEquiv>
            </TextLine>
            <TextLine id="r1l44" custom="readingOrder {index:42;}">
                <Coords points="192,2637 1885,2637 1937,2578 192,2589"/>
                <Baseline points="202,2629 288,2627 374,2625 460,2624 546,2623 633,2622 719,2621 805,2620 891,2619 977,2618 1064,2618 1150,2618 1236,2617 1322,2617 1408,2616 1495,2616 1581,2616 1667,2615 1753,2615 1839,2615 1926,2614"/>
                <TextEquiv>
                    <Unicode>nere ipsum deum esse, &amp; ideas non habere: est ponere nihil extra se cognoscere aut producere: &amp; ita</Unicode>
                </TextEquiv>
            </TextLine>
            <TextLine id="line_1583783667218_4382" custom="readingOrder {index:43;}">
                <Coords points="177,2693 1927,2685 1909,2622 177,2639"/>
                <Baseline points="189,2683 216,2683 305,2681 395,2679 484,2677 574,2676 663,2675 752,2674 842,2673 931,2673 1021,2672 1110,2672 1199,2672 1289,2671 1378,2671 1468,2671 1557,2670 1646,2670 1736,2669 1825,2668 1915,2667"/>
                <TextEquiv>
                    <Unicode>nec deum esse. AD primum in oppositum: quanto aliquid est magis simplex tanto ad plura se</Unicode>
                </TextEquiv>
            </TextLine>
            <TextLine id="r1l46" custom="readingOrder {index:44;}">
                <Coords points="193,2744 1870,2743 1927,2684 193,2689"/>
                <Baseline points="205,2734 290,2733 376,2731 461,2731 547,2730 633,2729 718,2728 804,2728 889,2727 975,2727 1061,2726 1146,2726 1232,2725 1317,2725 1403,2724 1489,2724 1574,2723 1660,2723 1745,2722 1831,2722 1917,2721"/>
                <TextEquiv>
                    <Unicode>extendit: bene verum est: sed non sine rationibus respectuum: qui simplicitati eius non repugnant: </Unicode>
                </TextEquiv>
            </TextLine>
            <TextLine id="r1l47" custom="readingOrder {index:45;}">
                <Coords points="186,2805 1739,2799 1933,2782 1933,2734 186,2744"/>
                <Baseline points="196,2790 282,2788 368,2786 455,2785 541,2784 627,2783 714,2782 800,2781 886,2781 973,2780 1059,2780 1145,2779 1232,2779 1318,2778 1404,2778 1491,2777 1577,2777 1663,2776 1750,2775 1836,2774 1923,2773"/>
                <TextEquiv>
                    <Unicode>sed magis conueniunt. hoc enim secundum Auicen. est de natura simplicis: quod quanto simplicius est</Unicode>
                </TextEquiv>
            </TextLine>
            <TextLine id="r1l48" custom="readingOrder {index:46;}">
                <Coords points="187,2851 1908,2845 1940,2780 186,2805"/>
                <Baseline points="197,2843 283,2842 370,2840 456,2839 543,2837 630,2837 716,2836 803,2835 889,2835 976,2834 1063,2834 1149,2833 1236,2833 1322,2832 1409,2832 1496,2831 1582,2831 1669,2830 1755,2829 1842,2827 1929,2826"/>
                <TextEquiv>
                    <Unicode>tanto plures negationes &amp; plures respectus habet. sicut alibi exposuimus. Vnde ponere simplicissi</Unicode>
                </TextEquiv>
            </TextLine>
            <TextLine id="r1l49" custom="readingOrder {index:47;}">
                <Coords points="185,2914 1934,2894 1909,2838 184,2861"/>
                <Baseline points="195,2897 281,2896 367,2894 454,2893 540,2892 627,2891 713,2890 799,2889 886,2888 972,2888 1059,2887 1145,2887 1231,2886 1318,2886 1404,2885 1491,2884 1577,2884 1663,2883 1750,2882 1836,2881 1923,2880"/>
                <TextEquiv>
                    <Unicode>mum, &amp; sine pluribus respectibus, est ponere antecedens: &amp; negare consequens. Est enim ponere naturam </Unicode>
                </TextEquiv>
            </TextLine>
            <TextLine id="r1l50" custom="readingOrder {index:48;}">
                <Coords points="194,2959 1932,2946 1868,2890 193,2909"/>
                <Baseline points="204,2953 289,2951 375,2949 461,2948 547,2946 633,2945 719,2944 804,2943 890,2942 976,2942 1062,2941 1148,2940 1234,2940 1320,2939 1405,2938 1491,2938 1577,2937 1663,2936 1749,2935 1835,2934 1921,2933"/>
                <TextEquiv>
                    <Unicode>&amp; negare proprietates naturales consequentes naturam. AD secundum quod agens artificiale eadem arte facit plu-</Unicode>
                </TextEquiv>
            </TextLine>
            <TextLine id="r1l51" custom="readingOrder {index:49;}">
                <Coords points="191,3016 1929,3005 1900,2946 190,2962"/>
                <Baseline points="201,3005 286,3004 372,3002 458,3001 544,3000 630,2999 715,2998 801,2997 887,2996 973,2995 1059,2994 1144,2994 1230,2993 1316,2992 1402,2991 1488,2991 1573,2990 1659,2989 1745,2988 1831,2987 1917,2986"/>
                <TextEquiv>
                    <Unicode>res domos. ergo &amp;c. Dicendum quod plures domus aut sunt quasi specie differentes sicut circularis: quaedrata: </Unicode>
                </TextEquiv>
            </TextLine>
            <TextLine id="r1l52" custom="readingOrder {index:50;}">
                <Coords points="183,3064 1937,3051 1936,3005 1849,2998 183,3016"/>
                <Baseline points="195,3059 281,3057 368,3056 454,3054 541,3053 627,3052 714,3051 800,3050 887,3049 973,3048 1060,3047 1146,3047 1233,3046 1319,3045 1406,3045 1492,3044 1579,3043 1665,3043 1752,3042 1838,3041 1925,3040"/>
                <TextEquiv>
                    <Unicode>&amp; huiusmodi: aut sunt quasi solo numero differentes, vt omnes circulares &amp; rotundae inter se. De domibus differen</Unicode>
                </TextEquiv>
            </TextLine>
            <TextLine id="r1l53" custom="readingOrder {index:51;}">
                <Coords points="183,3126 1943,3118 1914,3050 182,3064"/>
                <Baseline points="194,3112 280,3111 367,3109 454,3108 541,3107 628,3106 715,3105 802,3104 889,3103 976,3102 1063,3101 1149,3100 1236,3099 1323,3099 1410,3098 1497,3097 1584,3097 1671,3097 1758,3096 1845,3096 1932,3096"/>
                <TextEquiv>
                    <Unicode>tibus quasi solo numero verum est quod eadem arte facit eas: &amp; sic deus eadem idea cognoscit &amp; facit plura indi </Unicode>
                </TextEquiv>
            </TextLine>
            <TextLine id="r1l54" custom="readingOrder {index:52;}">
                <Coords points="187,3171 1919,3176 1949,3114 186,3125"/>
                <Baseline points="197,3168 284,3167 371,3166 458,3164 545,3163 632,3162 719,3161 806,3160 893,3159 980,3158 1068,3157 1155,3156 1242,3155 1329,3154 1416,3154 1503,3153 1590,3152 1677,3152 1764,3152 1851,3152 1939,3151"/>
                <TextEquiv>
                    <Unicode>uidua sub eadem specie: secundum quod alibi exposuimus. De pluribus differentibus quasi specie non </Unicode>
                </TextEquiv>
            </TextLine>
            <TextEquiv>
                <Unicode>relationis quo deus refertur ad creaturam non quia creatura refertur ad ipsum: non refertur ad 
ipsam ratione suae essentiae simpliciter vt est essentia: sed solummodo ratione ideae &amp; ratione qua 
est idea. Secundum vero modum tertium relationis quo deus refertur ad ipsam creaturam quia 
creatura refertur ad ipsum: ipsa creatura refertur ad ipsum ratione essentiae dei simpliciter vt essen-
tia est: etsi non determinet quantitatem creaturae nisi secundum rationem perfectionalem, &amp; vt ra-
tio persectionalis est. Et sic quarto essentia dei vt essentia est, refertur ad creaturam quia creatura re-
fertur ad ipsam: &amp; similiter vt ratio persectionalis est: sed essentia secundum quod est essentia vt est
mensura vniuersalis &amp; excedens: secundum vero quod est perfectio siue ratio perfectionalis vt est men
sura propria &amp; aequata quodammodo. Et secundum hunc modum licet relatio secundum rationem
commensurationis non ponat ex se in mensura rationem causalitatis nisi secundum genus causae
finalis: semper tamen praesupponit in eadem causalitatem secundum alterum genus causae: qua se
cundum aliud genus relationis refertur ad idem prius. Vt enim dicit Commenta. super praeassum
ptum verbum de. v metaphysicae oportet vt omne mensurans primum sit in omni genere in quo in- 
uenitur primum in esse &amp; cognitione. lta quod licet secundum illud genus relationis quod est in ratione 
mensurae secundum genus causae finalis, non refertur ad aliud nisi quia illud refertur ad ipsum: tamen secundum
aliud genus relationis secundum aliud genus causae bene refertur ad illud, non quia illud refertur ad ipsum. Verbi
gratia: vnum quod est mensura numerorum, est primum in esse numerorum: ipsos constituendo secundum
genus causae materialis. Numeri enim non mensurantur primo &amp; essentialiter nisi per primum quod est
eis indiuisibile: ex quo componuntur, vt dicit Commen. ibidem. Similiter scibile quid est mensura scien
tiae, est principium in esse eius ipsam adgenerando in sciente secundum genus causae efficientis. vt
secundum hoc id quid est mensura refertur ad id quod est mensuratum secundum genus causae qua est
causa eius in esse: non quia illud refertur ad ipsum: sed potius econuerso. Secundum vero genus
causae finalis &amp; mensurae qua solum est causa eius in cognitione, nequaquam refertur ad illud: nisi quia
illud refertur ad ipsum. Ita tamen quod nihil refertur ad aliud secundum tertium modum quia aliud 
refertur ad ipsum, quod non prius refertur ad illud: non quia illud refertur ad ipsum secundum alium 
modum relationis. Et est semper relatio secundum rationem mensurae secundum rationem in men
sura: &amp; secundum rem in mensurato. Relatio vero secundum aliud genus causae &amp; alium modum 
relationis praesupposita bene est secundum rem in vtroque extremorum. Scibile enim in creaturis
inquantum est causa efficiens scientiae in scito secundum modum secundum relationis refertur ad scientiam: &amp;
est relatio realis in vtroque extremorum: sed in deo siue in eius scientia inquantum est causa forma-
lis exemplaris scibilis, est relatio secundum rationem, &amp; in scibili secundum rem, vt patet ex dictis.
QVARto &amp; vltimo necesse est ponere in deo ideas propter productionem rerum in existentia
actuali: quia non posset plura diuersa &amp; distincta producere nisi sic ea producenda cognosceret, vt
processit primum argumentum. cognitio autem talis secundum praedicta non est nisi per ideas. Vn 
de philosophus quicumque non posuit in deo pluralitatem idearum vt sunt rationes imitabilitatis in 
essentia dei: licet poneret ideas vt essentias rerum in sua cognitione, sicut posuit Auicen. non potuit
ponere plura produci a deo aeque immediate: quia productio ista non esset nisi secundum ordinem
quem creaturae haberent ad deum secundum naturas ipsarum: non quem deus haberet ad ipsas
secundum determinationem suae voluntatis, vt patet ex dictis Auicen. alibi a nobis pertractatis.
SIC ergo breuiter dicendum est ad quaestionem: quod si in deo non esset idea, non posset aliquid extra se
vt aliud est ab ipso cognoscere: &amp; per consequens nec aliquid omnino extra se in esse producere: &amp; si
in deo non essent plures ideae, non posset scire plura extra se: nec per consequens producere. Vnde po
nere ipsum deum esse, &amp; ideas non habere: est ponere nihil extra se cognoscere aut producere: &amp; ita
nec deum esse. AD primum in oppositum: quanto aliquid est magis simplex tanto ad plura se
extendit: bene verum est: sed non sine rationibus respectuum: qui simplicitati eius non repugnant: 
sed magis conueniunt. hoc enim secundum Auicen. est de natura simplicis: quod quanto simplicius est
tanto plures negationes &amp; plures respectus habet. sicut alibi exposuimus. Vnde ponere simplicissi
mum, &amp; sine pluribus respectibus, est ponere antecedens: &amp; negare consequens. Est enim ponere naturam 
&amp; negare proprietates naturales consequentes naturam. AD secundum quod agens artificiale eadem arte facit plu-
res domos. ergo &amp;c. Dicendum quod plures domus aut sunt quasi specie differentes sicut circularis: quaedrata: 
&amp; huiusmodi: aut sunt quasi solo numero differentes, vt omnes circulares &amp; rotundae inter se. De domibus differen
tibus quasi solo numero verum est quod eadem arte facit eas: &amp; sic deus eadem idea cognoscit &amp; facit plura indi 
uidua sub eadem specie: secundum quod alibi exposuimus. De pluribus differentibus quasi specie non </Unicode>
            </TextEquiv>
        </TextRegion>
    </Page>
</PcGts>
