2402 3650
122 280 1869 361 Et est omnino simile hincinde: nisi quod curuitas secundum se rem vera & absolutam signat determinatam
128 360 1875 423 secundum rem generis determinati quae sua est & qua est aliquid in essentia: habitudo autem non nisi modum rei, omni
131 409 1862 481 no determinatum & secundum rem generis & secundum rem speciei: quia nullam ex se habet aut importat: neque
131 461 1866 530 secundum genus generalissimum in relatione: neque secundum aliquam speciem contentam sub ipso, quia quod rea-
139 517 1877 579 litatem habet praedicamentum relationis & secundum genus & secundum speciem: hoc non est ex aliqua, propria rea
138 569 1873 636 litate quae ei debetur ex se: sicut contingit in praedicamentis absolutis: sed quam solummo ex suo fundamento
138 622 1872 695 contrahit: in quo praedicamentum relationis dissimilatur aliis praedicamentis. Quam quidem realitatem contractam a
134 675 1874 730 fundamento respectu habitudinis indeterminatae, Simolicius appellat differentiam: quam si secundum se ha-
143 725 1870 794 beret, assimilaretur aliis praedicamentis, vt iam dictum est secundum Simplicium. Propter quod saepius alibi
139 780 1872 852 diximus quod relatio realitatem suam contrahit a suo fundamento: & quod ex se non est nisi habitudo
144 830 1865 896 nuda: quae non est nisi modus quidam rem habendi ad aliud: & ita non res quantum est ex se, sed solum
143 887 1871 954 modo modus rei: nisi extendendo rem vt etiam modus rei dicatur res, secundum quod alibi exposuimus. Propter quod
140 940 1876 1011 etiam dicit Simplicius: ipsum ad aliquid aliquid esse si secundum solam habitudinem pensetur non concipientibus nobis res
142 1002 1867 1067 quarum est habitudo. In qua quidem habitudine nuda conueniunt omnes modi relationum tam in gene-
144 1048 1878 1117 re generalissimo quam in speciebus specialissimis & in indiuiduis sub ipsis, non quod in ad aliquid communitas generis
149 1111 1876 1167 generalissimi sumatur a nuda ratione habitudinis: distinctio autem specierum sub ipso per differentias a ra
145 1154 1879 1224 tione characterum: quam secundum quod dicit Simplicius, characterizant alicubi quidem qualitas, vt in eo quod est
151 1215 1869 1274 albius: alicubi autem tempus, vt in eo quid est senius: alicubi autem locus vt in eo quid est superius. habent enim vt dicit
146 1255 1873 1324 relationes secundum res multas differentias quae nihil differunt secundum illud vnum habitudinis genus.
150 1311 1866 1377 sed quod modus ille essendi ad aliud qui importatur nomine habitudinis secundum se sit propria ratio generis relatio
150 1376 1866 1430 nis: secundum quam distinguitur genus relationis a genere substantiae inquantum illius est modus pro
151 1427 1876 1487 prius essendi per se, habet enim quodlibet genus praedicamenti proprium modum essendi: secundum quem distin
146 1472 1878 1543 guitur ab alio praeter rem suam. Realitas autem quae principaliter sub illo modo constituit praedicamentum & secun-
156 1534 1881 1590 dum genus generalissimum & secundum omnes species contentas sub ipso: sicut est in praedicamentis absolutis substantia
152 1579 1875 1643 quantitate & qualitate ex se non ab alio: sic in praedicamento relationis & etiam in aliis sex extrisecus aduenien
154 1629 1870 1695 tibus ab alio, vt infra declarabitur: & in praedicamento relationis specialiter a suis fundamentis: a quibus con
148 1691 1866 1748 trahit habitudo realitatem: quae primo distinguit species specialissimas in relationes non secundum differen
147 1739 1868 1800 tias fundamentorum. Sic enim plus differrent in praedicamento relationis simile & aequale quae pertinent ad eundem
149 1787 1876 1847 modum relationis cum tamen fundentur super res diuersorum praedicamentorum, quantitatis scilicet & qualitatis: quam simile & ca
158 1841 1870 1908 lefactiuum quae pertinent ad diuersos modos relationis: cum tamen fundentur super res eiusdem praedicamenti. simile
155 1898 1877 1959 enim fundatur super quascumque res praedicamenti qualitatis generaliter. calefactiuum autem & quaecumque pertinent ad
158 1949 1885 2012 secundum modum relationis, pertinent ad secundum & tertium genus qualitatis: quia fundantur super naturalem potentiam
158 1997 1879 2055 & impotentiam & passibilem qualitatem siue in agendo siue in patiendo. Sed differunt secundum species specia-
152 2053 1886 2110 lissimas secundum diuersos modos fundandi relationes super ipsas res. Vnde quia simile secundum eundem modum
150 2101 1888 2174 fundatur super vnum & multum in qualitate sicut aequale & inaequale super vnum & multum in quantitate: ideo ma
157 2170 1880 2219 gis vniuntur in genere subalterno aut specie simile & aequale: quam simile & calefactiuum. Distinctis autem diuersis
150 2220 1888 2278 speciebus specialissimis in genere relationis secundum diuersos modos fundandi respectus super sua funda
149 2273 1876 2327 menta ab illis abstrahuntur genera vsque ad generalissimum inclusiue: quod continet intentionem commu
154 2320 1879 2383 nissimam realem illius generis sub ratione habitudinis simpliciter dictae: sine quibus duobus, vt iam dictum
146 2370 1878 2435 est secundum Simplicium, non consistit praedicamentum relationis. Illa autem intentio realis communissima sub ratione
149 2420 1872 2487 habitudinis simpliciter dictae secundum differentias specificantes illam realitatem conmunissimam vsque ad vlti
148 2476 1875 2543 mas differentias non autem ipsam rationem habitudinis contracta descendit in diuersas species specialissimas
147 2530 1863 2594 constitutas ex genere & differentiis realibus, non propria realitate sicut contingit in praedicamentis absolutis:
146 2577 1875 2649 sed contracta ab aliis praedicamentis, vt dictum est. Hic dicit Simplicius. Oportet autem genus esse ipsorum ad
150 2632 1868 2696 aliquid ex quo diuiduntur diuersitates quae secundum species considerantur. Sed ratio habitudinis eadem in omnibus in-
144 2682 1864 2755 telligitur, multae autem species secundum subsistentiam habitudinis: & in quibus habitudo consideratur, quae proprie dicum
143 2732 1870 2802 tur ad aliquid secundum ipsam habitudinem: non autem ipsa habitudo ad aliquid dicitur. dicente Simplicio. Non est pos
140 2790 1871 2857 sibile de habitudine ipsa dicere ad aliud, aliqualiter se habere: sed aliud ad aliud aliqualiter se habe-
148 2845 1871 2914 re secundum hanc consideratur: sicut & ipsum habere praedicamentum dicitur non in habendo aliquid ipsum: sed in habendo
144 2904 1873 2958 aliquid aliud. Secundum hoc ergo relatio est aliquid extra animam praeter suum fundamentum vt modus & habitudo:
136 2949 1867 3014 sed nihil reale quin habeat afundamento. Quid tamen reale secundum quod infra exponetur non est diueria res a mo
148 2994 1876 3067 do sed solummodo quaedam ipsius modicharacterizatio, vt dictum est. Vnde cum praedicamentum relationis
147 3066 1889 3119 transfertur ad diuina: tota habitudo vt est habitudo nuda transfertur ratione habitudinis: non au-
144 3108 1884 3179 tem ratione characterizationis: sed in diuinis. habet aliam charactericationem sicut & aliud:
