2437 3714
507 263 2284 368 fundamentum. Sic igitur patet quod circunscripta re fundamenti relatio siue in deo siue in creaturis
517 360 2275 426 non est nisi modus quidam essendi ad aliud: sicut esse in alio non est simpliciter aliquid nisi modus qui-
516 409 2275 477 dam essendi. Qui cum in relationibus realibus non est fundatus nisi in re, & hoc absque omni consideratione in-
517 467 2275 532 tellectus, vt saepius diximus respectu talis in ordine ad suum fundamentum potest considerari dupliciter. Vno
514 517 2276 580 modo praecise vt fundatur in illa. Alio modo vt fundatus in illa recipit ab ipsa charactericationem. Et secundum
512 576 2286 633 hoc descendendo ad quaestionem, a respectu nudo relationis possumus intelligere circunscribi rem sui funda
514 631 2276 690 menti duplicitur. Vno modo circunscribendo ipsam secundum intellectum siue per possibile siue per impossibile siue per incom
515 688 2278 761 possibile praecise vt fundatur in ipsa: non autem vt characterizatur ab ipsa. Alio modo circunscribendo ipsam non so
512 743 2279 804 lum vt fundatur in ipsa: sed etiam vt characterizatur ab ipsa. Si primo modo: sic dico quod relatio est nomen
515 799 2276 867 primae impositionis: sicut & generalissima aliorum praedicamentorum absolutorum. Praeter hoc quod nominia aliorum
509 855 2278 918 praedicamentorum absolutorum imponuntur rebus quae ex se pertinent ad propria praedicamenta: & non ipsimo
511 912 2285 971 do siue rationi quae propria est ipsi praedicamento: quemadmodum generalissimum substantiae impo-
521 964 2277 1027 nitur rei quae subest modo qui est esse per se, & non ipsi modo. Nomen vero relationis vt est nomen
519 1019 2276 1087 praedicamenti imponitur ipsi modo qui est ratio huius praedicamenti, non secundum se: sed vt characterizatur
520 1079 2272 1144 a fundamento suo, & est nomen praedicamenti & primae impositionis non ratione ipsius modi ad aliud
517 1128 2266 1190 sed ratione ipsius characterizationis: in quo differt a praedicamentis absolutis secundum Simplicium. Si se
521 1183 2270 1249 cundo modo: sic dico quod relatio est nomen secundae impositionis: & non nomen praedicamenti sed praecise modoi ipsius praedi
519 1240 2267 1302 camenti. Nomen enim praedicamenti non est nisi vt modus iste characterizatus est a re fundamenti. Et sic formando
513 1295 2263 1367 quaestionem de praedicamento relationis secundum quod proposita fuit, absque omni distinctione dicendum quod est nomen primae
519 1351 2266 1410 impositionis non secundae. Relatio tamen vt praecise importat modum illius praedicamenti non est nisi nomen se
514 1408 2257 1472 cundae impositionis. AD cuius ampliorem intellectum vt cognoscamus quod nomen & cuius debet dici
512 1465 2271 1533 primae impositionis: & quod & cuius debet dici secundae impositionis: Sciendum quod quicquid concipitur ab intel
515 1520 2273 1588 lectum: aut concipitur vt res praecise: aut vt modus praecise: aut vt modus characterizatus a re. Quod concipitur pri
519 1579 2268 1642 mo modo inquantum huiusmodi semper est nomen primae impositionis: & hoc siue fuerit vera res naturae:
514 1628 2270 1698 sic enim sunt nominia primae impositionis nominia trium praedicamentorum absolutorem scilicet substantia, qualitas, quan
517 1684 2271 1752 titas: siue fuerit ficta a ratione: sic enim nomina figmentorum sunt nomina primae impositionis: vt chi
510 1738 2267 1807 maera, tragelaphous: siue fuerit abnegatio verae rei. sic enim nomen primae impositionis est hoc nomen
517 1799 2269 1867 nihil. Quod vero concipitur secundo modo inquantum huiusmodi semper est nomen secundae impositionis: quemadmo
519 1848 2267 1923 dum hoc nomen indiuiduum est nomen secundae impositionis circa fortem: vel secundum quod cursus dicitur es
508 1907 2262 1978 se nomen & currere verbum: nomen & verbum sunt nominia secundae impositionis: vel secundum quod dicendo homo cur
520 1957 2268 2022 rit, homo dicitur esse subiectum & currit praedicatum: subiectum & praedictatum sunt nomina secundaeimpo-
518 2012 2263 2078 sitionis. Quod vero concipitur tertio modo inquantum huiusmodi semper est nomen primae impositionis: & hoc propter cha
519 2068 2266 2134 racterizationem non propter modum, sicut dictum est. & hoc siue fuerit modus ille charactericatus a reextra
518 2135 2272 2194 animam circa quam est: quemadmodum simile & dissimile nominia sunt primae impositionis quae characterizantur a qua
513 2177 2273 2241 litatibus quae sunt in illis circa quae sunt: vel circa quam non est: quemadmodum calceatum esse & vestitum esse: &
516 2229 2271 2303 velt illa quae sunt de praedicamento habere, sunt nominia primae impositionis: quae characterizantur non ab aliquo quid
512 2286 2269 2351 est in habente circa quem sunt: sed solummo ab eo quid habetur, vt infra dicetur: siue fuerit characterizatum a re
523 2345 2275 2416 existente in anima: quemadmodum dextrum aut sinistrum circa columnam sunt nomina primae impositio
524 2394 2272 2467 nis: non characterizata ab aliquo quod est in colunna: sed ab eodem a quo characterizantur dextrum & sinistrum
525 2451 2274 2524 in animali inquantum concipiuntur ab intellectum. & secundum illa intellectus format dextrum & si
522 2506 2272 2582 nistrum circa columnam. Et cum his modis iam dictis distiguuntur nomina primaeimpositionis &
522 2557 2272 2634 secundae: illa sola quae signant praecise modos rerum vt per vocem exprimuntur, dicuntur esse nomi
517 2611 2282 2694 na nominum. Caetera vero omnia dicuntur esse nomina rerum: & hoc largo modo sumendo rem
514 2678 2279 2747 & appellando rem omnem modum qui est circa rem secundum se: siue vt in re extra existit: siue
522 2720 2270 2793 vt est in solo intellectu vel ab ipsa re vel ab ipso intellectu secundum iam tactum modum. Simili-
513 2776 2276 2859 ter illa omnia nomina quae signant modos praecise, quocunque modo illos signent, illa sola dicuntur
517 2828 2282 2900 esse nomina secundarum intentionum. Caetera vero omnia dicuntur esse nomina primarum inten-
523 2878 2273 2965 tionum. PER haec patent argumenta ad vtramque partem propositae quaestionis. Quid ergo arguitur pri-
517 2932 2282 3015 mo quod relatio circunscripto fundamento est aliquid ex natura rei: ergo est nomen primae impositionis: quia
516 2989 2271 3065 nomen secundae impositionis non est nisi illius quod sit ab opere intellectus: Dicendum secundum praedicta quod verum est si intelli
514 3043 2268 3128 gatur circunscripta characterixatione. circunscripta dico non comintelligendo rem fundamenti siue per possibile siue
514 3100 2276 3177 per ipossibile siue per incompossibile. Quamuis enim ista circunscriptio non sit, si tamen possit fieri hoc non est nisi opere
509 3147 2276 3223 intellectus: tamen modus ille sic intellectus non habet esse aliquid ab intellectum nisi vt intelligitur in circunscri
510 3203 2277 3300 ptione dicta: quemadmodum id quod species est vt homo licet circunscribi non habet a Sorte & Platone nisiopere
