2434 3739
510 252 2294 329 est generaliter appellando accidens omne diuisum ex opposito contra substantiam. Vt enim sta-
506 317 2285 386 tim subdit, quaecunque non sunt accidentia omnino substantiae sunt. appellande scilicet accidentia quaecumque sub
506 381 2294 436 stantiae, & aliis praeexistentibus in substantia superueniunt. Modis tamen diuersis accidentia dicuntur praedi-
508 424 2287 487 camenta absoluta, quantita scilicet & qualitas, & illa praedicamenta septem quo habitudines important. Simplicius
513 478 2292 542 super illud, Eorum quae secundum nullam commixtionem dicuntur, distinguit praedicamenta sic. Exi-
515 527 2283 596 stentiarum hae quidem secundum se habent esse: quas omnes substantia comprehendit: hae autem in aliis sub
508 593 2296 648 sistunt. Et harum hae quidem secundum habitudinem considerantur: hae autem sine habitudine
511 638 2294 704 sunt. & earum quae sine habitudine, hae quidem secundum formationem considerantur: & sunt omnes
519 688 2296 749 secundum quale. hae autem secundum distensionem: quae sunt sm quantum. Earum vero quae sm ha
512 745 2291 803 bitudinem, hae quidem dicuntur conuersa: quas omnes continet ad aliquid praedicamentum: hae autem dicuntur non com-
521 806 2293 866 uersa. Per quod intelligit quod illa de praedicamento relationis mutuos habent respectus sm quos aequaliter
520 849 2297 916 dicuntur adinuicem: illa vero alia sex nequaquam, sed in illis respectus solus est in vno in ordine ad al
511 905 2293 966 terum. dicente Simplicio. In vbi & quando non accipitur temporis & loci habitudo ad id quod est
516 964 2293 1028 in loco & tempore: sed eius quod est in loco ad locum: & quod est in tempore ad tempus, & sic de aliis
526 1019 2299 1081 vnde nec ad se mutuo dicuntur. Expressius autem differentem accidentalitatem in istis septem pos-
525 1066 2290 1132 sumus discernere sic. Cum enim generaliter dicuntur accidentia quae aliis praeexistentibus superueni
522 1118 2290 1183 unt: aut ergo superueniunt eis totaliter ab intra: & dicuntur accidentia omnino intrinsecus adue-
523 1177 2287 1239 nientia, vt sunt quantitas & qualitas: quae ex sola natura absoluta eius cui adueniunt vt subiecto, acci
524 1233 2281 1295 dunt eidem: aut superueniunt totaliter ab extra, & dicuntur accidentia sex omnino extrinsecus aduenientia,
525 1281 2289 1345 quia ex solo respectu eius cui superueniunt ad alterum, vel alterius ad ipsum adueniunt illi. Vn-
522 1333 2294 1401 de ista vel adueniunt ex ordine alterius ad id cui adueniunt, vel econuerso. Primo modo est vlti
526 1395 2296 1452 mum praedicamentum scilicet habere: quid habenti aduenit ex ordine eius quod habetur ad habentem. dicit enim
516 1447 2288 1507 respectum quem habet habens ad id quod habetur: quia illud applicatum est ei. Secundo modo sunt quinque alia prae
526 1497 2290 1561 dicamenta extrinsecus aduenientia. adueniunt enim ei cuius sunt ex ordine ipsius ad aliud. Propter quid
529 1548 2284 1617 inter praedicamenta omnino extrinsecus aduenientia solum praedicamentum habere dicitur acquisitum, tanquam
521 1601 2296 1672 magis extrinsecus adueniens: propter quod & vltimo ordinatur. dicente Simplicio in expositione praedi-
519 1658 2287 1720 camenti habere. Aristoteles quod ex seipso omne principalius existimat esse eo quod extrinsecus aduenit & acqui
526 1706 2300 1775 sito. quoniam alia quidem omnia genera, vel in substantia, vel in habitudinibus quibusdam existentia a se
520 1766 2292 1830 ipsis partem quandam ad esse conferunt: habere autem extrinsecus totum & acquisitum circa nos
524 1818 2292 1877 sit. Propter quod vltimo ponit ipsum. a seipsis intelligo et ex eo quod ex sola natura eius cuius sunt, hoc habent
531 1873 2293 1933 Talia enim sunt actio, passio, quando, vbi, & situs. Actio enim & passio adueniunt motui in passo ab agen
526 1928 2303 1990 te: quia super motum nihil addunt nisi respectus diuersos quibus inter se distinguuntur. Ambo
534 1986 2296 2048 enim fundantur in motu qui ab agente praeterit in passum. Actio enim formaliter dicit respectum
525 2034 2300 2094 fundatum in motu, vt habet esse & procedere ab agente. Passio vero formaliter dicit respectum fun
529 2090 2299 2161 datum in eodem motu vt ipse recipitur in passo. In quo differunt praedicamentum actionis & pas
524 2141 2295 2204 sionis ab aliis tribus. quoniam actio & passio habent in passo fundamentum immediatum, scilicet motum
522 2201 2297 2264 elicitum ab agente in passo. Alia vero nihil ponunt in eo in quo sunt nisi respectum purum imme
525 2255 2295 2319 diate fundatum in illo. Quando vero aduenit ei quod est in tempore ex ordine illius ad ipsum tempronus: & for
533 2307 2296 2373 maliter dicit respectum quendam eius quod est in tempore ad ipsum tempus ex hoc quod est in ipso. Vbi
534 2357 2297 2421 autem superuenit ei quod est in loco ex ordine eius quid est in loco ratione totius ad locum. formaliter enim dicit
525 2411 2302 2469 respectum totius existentis in loco ad ipsum locum ratione totius loci adaequati locato: & hoc ratione
530 2468 2303 2539 eius quod sic est in illo. Situs vero superuenit toti quod est in loco ratione suarum partium ordinatarum
520 2512 2299 2585 in loco: & hoc ex ordie ipsarum ad partes diuersas loci: in eo videlicet quod diuersimode situantur, siue dispo
529 2577 2295 2637 nuntur in illo. Praedicamentum vero relationis medium est inter praedicamenta omnino intrinsecus, & omnino extrinsecus
527 2630 2302 2695 superuenientia. Habitudo enim in qua consistit, partim est intrinsecus adueniens: partim vero extri
530 2680 2291 2738 secus. Relatio enim vt est praedicamentum secundum praedicta, duo habet in se & rationem mo
526 2734 2294 2803 di ad aliud, & rationem characterizationis. Et ratione vtriusque habet accidentalitatem, sed diuer-
527 2792 2300 2856 simode quia accidentalitatem characterizationis omnino habet ab intrisec. scilicet ab ipso fundamento. Ac
519 2849 2294 2909 cidentalitatem vero modi quae est nuda habitudo: partim habet ab intrinseco vt a suo fundamento, &
522 2899 2290 2956 partim ab extrinseco vt ab aliquo sibi correspondente extra. Vt propterea relatio quamquam media
529 2949 2284 3005 sit inter accidentia intrinsecus & extrinsecus aduenientia: magis tamen ab intrinseco adue-
529 3004 2288 3070 nit quam ab extrinseco: & magis connumeratur accidentibus intrinsecus quam cum extrinsecus adueni-
523 3059 2291 3121 entibus. Propter quod etiam vocatur relatio habitudo cognata, cum aliorum sex habitudo voce
