2361 3662
162 281 1878 383 per generationem: sed solum esse aliud & aliud: secundum quod alibi plenius pertractaui. vbi declaraui quomodo
156 371 1872 433 mihi visum est quod generatio non sit motus: sed mutatio in fine motus alterationis praecedentis praepa-
161 421 1872 477 rantis subiectum secundum accidentia vt sit materia necessitas ad generationem formae, quae tota secundum sub-
148 476 1872 540 stantiam & omne esse suum educitur de potentia materiae. Sed quocumque modo se habeat: de hoc planum
152 530 1870 597 est quod id quid sic habet partes siue successiue generatas siue simul: est compositum ex diuersis non secun-
156 581 1870 647 dum rem, sed secundum intensionem generis & differentiae: sed talem compositionem ex partibus possumus pone
159 632 1873 695 re in scientia: quia partes secundum intensionem differentes habet sicut albedo & quaecumque alia forma substan
151 685 1871 752 tialis existens in specie specialissima. TERtio modo partes formales secundum rem habere aliquid in se
155 740 1868 800 contingit intelligere dupliciter: vel quod partes huiusmodi sint eiusdem rationis in toto vel alterius & alterius.
150 789 1872 847 Primo modo linea est composita ex diuersis partibus: quarum quaelibet linea aliqua est: quas successiue
151 844 1878 901 intelligunt lineam in se acquirere per motum qui intelligunt punctum fluentem lineam facere. Talis compositio
146 892 1879 959 nullo modo est in scientia: quia non est nisi in simplici anima. Sed si aliquo modo intelligi possit esse
152 952 1878 1019 composita, hoc erit quemadmodum si intelligamus geometriam vnum habitum scientiae compositum ex diuersis
144 996 1876 1072 habitibus diuersorum principiorum & diuersarum conclusionum, vt videlicet quodlibet principium & quaeli-
150 1056 1872 1109 bet conclusio habeat proprios habitus in anima re diuersos: ex quibus integratur vnus. Et de isto mo
152 1109 1861 1173 do praetendit, vt credo, quaestio suam difficultatem. Et est sciendum: quod cum scientia sit habitus cognitiuus: qui
149 1174 1878 1234 cum habitu affectiuo continetur in prima specie qualitatis: quae ex opposito distinguitur contra alias
150 1213 1870 1277 species qualitatis sub eodem genere, quae est qualitas: genus autem non descendat in species nisi per differem
149 1273 1877 1331 tias ex quibus cum genere componuntur species: necesse est ponere quod habitus simpliciter qui est vna
147 1322 1867 1382 species qualitatis subalterna: componatur ex genere & differentia. Cumque habitus cognitiui & affecti
151 1377 1867 1440 ui non sint eiusdem potentiae neque eiusdem rationis: necesse est ponere quod descendat habitus simpliciter
139 1425 1872 1490 in illos per differentias: & sic oportet ponere quod habitus scientialis simpliciter compositus sit ex genere
145 1482 1869 1538 & differentia simpliciter. Sed quaestio proposita non quaerit de compositione quae rationis est ex genere & diffe
144 1528 1858 1587 rentia: sed quaerit de compositione reali: an sit composita ex partibus re diuersis: quarum vna acquiritur post aliam:
148 1593 1868 1652 vt primo pers vna in qua consistit habitus principii: deinde pars alia, in quae consistit habitus conclusionis primae, &
146 1636 1868 1699 sic deinceps. Quia si sic scientia intelligatur esse composita: hoc modo scientia simpliciter quae in eodem sciente conti
144 1690 1858 1754 net omne genus scientiae: vt grammaticam, logicam, metaphysicam, & caeteras omnes, dicetur esse composita ex illis. Et non
140 1741 1865 1805 est haec compositio aliud quam quaedam aggregatio. Sed nec de hac quaerit quaestio: quia sic quantuncumque sunt scien-
145 1796 1870 1865 tiae diuersae, scientia vna posset dici composita: & sic vna ex illis. Sed quaerit de scientia illa quae secundum ve-
141 1846 1865 1917 ritatem dicitur vna ab vnitate subiecti: & non diuiditur: tamen successiue acquiritur pars eius post
140 1901 1868 1967 partem. De quibus partibus est quaestio vtrum scientia sit aliquod compositum ex illis. Et est hic sciendum
137 1961 1879 2026 secundum quod determinauimus in quaestione: an theologia sit vna scientia: quod scientia non dicitur vna propter
152 2007 1868 2065 vnitatem realem secundum genus aut speciem eorum de quibus consyderat: sed propter vnitatem rationis &
136 2056 1869 2115 modi consyderandi circa subiectum vnum: ad quod plura attribuuntur propter vnam formalem rationem consy-
143 2110 1870 2165 derandi omnibus conuenientem. dicente philosopho in ii. Poste. Vnius inquantum vnm. scilicet secundum vnam rationem con-
145 2162 1873 2235 syderandi, vna est scientia. Vnde secundum quod determinauimus in prima quaestione de diuersitate theologiae
149 2218 1880 2284 ab aliis scientiis, si sint aliqua sic diuersa quod non communicant in ratione consyderandi: nullo modo habent
146 2272 1877 2329 vnum habitum scientiae in anima: vt moralis scientia & mathematica. Si vero fuerit subiectum idem secundum
144 2329 1877 2385 rem: propter tamen diuersas rationes consyderandi, illud non habet vnum habitum scientiae in anima sed diuersos
152 2380 1878 2445 Quemadmodum naturalis scientia & astrologia: inquantum ambae consyderant motum caelestium: quia
146 2430 1872 2484 non eodem modo: omnino sunt diuersi habitus in anima. Metaphysica autem quae consyderat de primo en-
147 2481 1869 2535 te, & ideo de ente simpliciter & omnibus entibus secundum rationem conmunem consyderandi vt ens: vnicum ha-
151 2533 1874 2605 bitum generat. aliarum autem scientiarum quaelibet secundum propriam rationem consyderandi, vnum habitum generat
142 2587 1875 2656 Et inquantum metaphysica sub scientia simpliciter diuiditur contra alias, ipsa componitur ex genere quid
148 2642 1872 2702 est scientia simpliciter &, propria differentia compositione rationis. & aliae similiter abinuicem distin-
149 2693 1871 2759 guuntur speciebus specialissimis, in quibus stat distinctio. Et est quaelibet scientia stans in specia-
148 2748 1868 2810 lissimo vnus habitus: compositione rationis compositus ex genere & differentia, non diuisibilis vlterius
146 2799 1866 2857 secundum formae additionem aut differentiam: sed in indiuidua: vt granmatica in grammaticam Sortis: & gram
151 2855 1869 2918 maticam Platonis. Et quia quilibet talium habituum scientialium non simul habetur sed successiue acquiren
147 2911 1869 2972 do partem post partem: ideo de vnoquoque talium est quaestio vtrum sit compositus ex illis partibus: & sic
153 2960 1877 3025 vtrum scientia sit composita compositione reali praeter compositionem ex genere & differentia quae est ra-
136 3009 1869 3078 tionis. ET est dicendum, quod quaelibet scientia quae est habitus in specialissimo scientiae consistens, vnicus
146 3063 1875 3123 est & simplex in re, carens omni compositione reali ex diuersis secundum rem vt partibus existentibus & ma
153 3115 1869 3198 nentibus in ipso. & hoc aequali simplicitate illi quam habet quilibet habitus affectiuus: & vniuersaliter
