2361 3656
165 288 1883 373 cipium etiam cognoscimus alio modo via sensus, memoriae, & experientiae. Principia etiam cognosci
155 352 1871 423 mus tertio modo ratione ducente ad impossibile. Conclusiones etiam cognoscimus syllogismo, sub
160 411 1872 485 quo continetur enthymema, & inductione, sub qua continetur exemplum: & hoc vel habendo medium
158 462 1865 532 demonstratiuum: vel habendo medium non demonstratiuum. & omnibus mediis augmentatur habitus in suis actibus:
163 528 1870 584 sed non nisi secundum intensionem & remissionis: semper intenso & remisso existente eodem simplici secundum
153 567 1878 637 rem: differente solum secundum rationem vt dictum est supra de albedine. Cumque habitus fuerit ge-
149 623 1867 689 neratus, ex ipso habent elici actus consimiles eis exquibus est generatus: & in singulis intenditur ha-
152 673 1866 749 bitus: vt perfectius cognoscantur tam principia quam conclusiones. Principia enim perfectius cognoscum
157 734 1871 792 tur: cum ex ipsis cognoscuntur conclusiones elicitae: & conclusiones perfectius cognoscuntur cum co-
153 777 1883 857 gnoscuntur in principia resolutae: & vnum principium perfectius cognoscitur iuxta alterum cogni-
152 836 1874 899 tum: & vna conclusio iuxta alteram: & singula cognita iuxta singula, non solum in principiis & com
149 894 1880 955 clusionibus vnius scientiae sed plurium: siue sint penitus diuersae: siue se habeant vt pars & totum:
143 953 1896 1003 siue vt subalternans & subalternata. de quorum differentiis alibi loquuti sumus. Quia ergo ar- i
160 987 1876 1069 guitur primo: quod scientia est composita quia acquiritur pars post partem: Dicendum quod non opor-
153 1033 1884 1113 tet hoc de scientia plus quam de albedine. Non enim habet partes plures nisi virtute & ratione sola dif
158 1092 1896 1163 ferentes sicut nec albedo, vt dictum est. Ad secundum: quod scientia est compositum quia per ipsam s
151 1149 1881 1221 sciens assimilatur composito. Per idem posset probari quod deus esset compositus: quia sua scientia quae
155 1215 1873 1268 est sua essentia assimilatur composito. ldeo dicendum quod forma in re composita sicut est principium
153 1252 1871 1330 & ratio essendi, & sui ipsius vt est aliquid compositi: & totius compositi inquantum est compositum: &
152 1307 1871 1377 materiae, vt est aliquid in ipso: sicut est principium cognoscendi eorundem: & est per se mensura scien-
147 1358 1881 1425 tiae quae habetur de scibili. Et ideo sicut ipsa simplex est: licet dat esse composito & materiae: sic & scien
153 1415 1639 1479 tia mensurata secundum ipsam simplex est: licet per ipsam habeatur scientia de composito.
481 1458 1873 1537 Irca Secundum arguitur: quod voluntas non moueat seipsam: quia cum ipsa sit sim-
467 1513 1868 1583 plex, vna, & eadem: tunc idem respectu eiusdem esset simul actum & potentia: quia
473 1575 1871 1644 mouens in eo quod mouens, in actu est respectu moti: & motum in potentia est respe-
485 1623 1877 1689 ctu mouentis. Illud autem est impossibile: quia actus & potentia sunt contraria
477 1678 1895 1739 circa idem quae sese non compatiuntur. CONtra. graue quod materiale quid E
481 1730 1879 1795 est mouet seipsum cessante generante & non existente prohibente: & similiter
481 1781 1877 1849 animalia in motu progressiuo. ergo multo fortius voluntas quae est quid imma-
153 1836 1895 1901 teriale. HIC oportet considerare sex habentia se per ordinem secundum rationem mouendi: quae l
148 1899 1873 1953 secundum ordinem suum, maiorem & minorem differentiam habent inter mouens & motum. In
152 1950 1877 2018 primo enim minus differunt quam in secundo: & sic deinceps. & hoc largissime accipiendo motum
153 2010 1875 2065 ad motum secundum rem & propriissime dictum: & ad motum secundum rationem et impro-
144 2050 1873 2128 priissime dictum. Et vniuersaliter verum est in omnibus mouentibus & moris: quod virtus & ratio
155 2108 1875 2165 mouentis & moti necessario sunt contrariae: quia vt procedit prima obiectio, virtus & ratio mo-
154 2153 1878 2217 uentis est ex dispositione perfectionis qua est in actum, & fluit in aliud: virtus autem moti est ex dispo-
152 2202 1879 2269 sitione imperfectionis qua est in potentia: & recipit ad suam perfectionem aliquid ab alio. Et ideo vni
155 2261 1884 2330 uersaliter mouens nullo modo motus, cuiusmodi est deus: & vniuersaliter motum nullo modo mo-
147 2322 1874 2378 uens, cuiusmodi est prima materia, summe distant secundum essentiam: quia deus est pure actus &
152 2373 1883 2436 summe perfectus: materia vero est pura potentia, & de summe imperfecta. Illa autem sex quae dicto mo
147 2421 1879 2483 do se habent per ordinem secundum rationem mouendi, sunt ista. Primum est voluntas diuina in volen-
152 2477 1879 2538 do. Secundum est voluntas creata in volendo: de qua est quaestio: & propter quam ad maiorem declarationem
155 2535 1875 2594 eius de aliis sermonem inducimus. Tertium est intellectus creatus in intelligendo. Quartum est gra
157 2583 1873 2644 ue aut leue in mouendo seipsum: de quo procedit secunda obiectio. Quintum est animal in mouendo
155 2627 1864 2691 seipsum motu progressiuo. Sextum est generans in mouendo aliud extra se separatum ad alicuius ge-
147 2692 1878 2749 nerationem. Primum istorum mouet seipsum in volendo siue ad actum volendi. Et non differunt vo-
156 2744 1880 2801 luntas vt mouens & mota nisi secundum rationem tantum: sicut & ipsa volitio secundum rationem tantum differt
153 2793 1880 2855 ab eisdem. Vnde & largissime loquendo: & nomen extendendo: velle siue actus volendi dei motio, siue
151 2849 1876 2907 motus quidam secundum rationem dicitur in diuina voluntate: & secundum rationem voluntas ipsa inquantum mo
152 2903 1888 2963 uens, est quasi perfectum & in actum: & inquantum quasi motum est quasi imperfectum et in potentia: et ipsa
160 2955 1887 3015 volitio est quasi motio et actio existentis quasi in potentia. lta quod dicere quod secundum quod est quasi in
156 3010 1883 3076 potentia sit mouens seipsum, hoc est impossibile, sed solum secundum quod est in actu mouet seipsum secundum quod
160 3051 1892 3115 est in potentia. Caetera vero mouentia et mota secundum quod ordine naturae magis recedunt ab ipso, maio-
151 3106 1888 3190 rem habent et minorem differentiam inter mouens et motum. Vnde vltimum mouens et motum in sexto
