<?xml version="1.0" encoding="UTF-8" standalone="yes"?>
<PcGts xmlns="http://schema.primaresearch.org/PAGE/gts/pagecontent/2013-07-15" xmlns:xsi="http://www.w3.org/2001/XMLSchema-instance" xsi:schemaLocation="http://schema.primaresearch.org/PAGE/gts/pagecontent/2013-07-15 http://schema.primaresearch.org/PAGE/gts/pagecontent/2013-07-15/pagecontent.xsd">
    <Metadata>
        <Creator>prov=University of Rostock/Institute of Mathematics/CITlab|PLANET AI GmbH/Gundram Leifert/gundram.leifert@planet-ai.de:name=Badius1518-m5(htr_id=23184)::::v=2.6.6
prov=University of Rostock/Institute of Mathematics/CITlab|PLANET AI GmbH/Tobias Gruening/tobias.gruening@planet-ai.de:name=de.uros.citlab.module.baseline2polygon.B2PSeamMultiOriented:v=2.6.6
prov=University of Rostock/Institute of Mathematics/CITlab|PLANET AI GmbH/Tobias Gruening/tobias.gruening@planet-ai.de:name=/net_tf/LA73_249_0mod360.pb:de.uros.citlab.segmentation.CITlab_LA_ML:v=2.6.0
Transkribus</Creator>
        <Created>2019-12-09T23:48:30.854+01:00</Created>
        <LastChange>2020-04-22T20:35:13.295+02:00</LastChange>
        <TranskribusMetadata docId="291873" pageId="11635473" pageNr="762" tsid="28165034" status="IN_PROGRESS" userId="25065" imgUrl="https://files.transkribus.eu/Get?id=KLPGAMWYPHLQWJTDTKCOEHHY&amp;fileType=view" xmlUrl="https://files.transkribus.eu/Get?id=TFEHFCDMVODLOVABYOJVKQNC" imageId="8014512"/>
    </Metadata>
    <Page imageFilename="761.jpg" imageWidth="2414" imageHeight="3708">
        <ReadingOrder>
            <OrderedGroup id="ro_1587600686249" caption="Regions reading order">
                <RegionRefIndexed index="0" regionRef="TextRegion_1584241563447_284"/>
            </OrderedGroup>
        </ReadingOrder>
        <TextRegion orientation="0.0" id="TextRegion_1584241563447_284" custom="readingOrder {index:0;}">
            <Coords points="517,241 2267,232 2255,3126 517,3135"/>
            <TextLine id="r1l2" custom="readingOrder {index:0;}">
                <Coords points="512,305 2161,308 2274,290 2274,234 512,238"/>
                <Baseline points="523,289 614,289 706,290 797,290 889,290 980,289 1072,289 1163,288 1255,287 1346,286 1438,286 1529,285 1621,285 1712,284 1804,284 1895,284 1987,285 2078,285 2170,287 2262,288"/>
                <TextEquiv>
                    <Unicode>set esse actiuum circa aliud: quemadmodum intellectus qui est passiuus ab obiecto intelligentia sim-</Unicode>
                </TextEquiv>
            </TextLine>
            <TextLine id="r1l3" custom="readingOrder {index:1;}">
                <Coords points="523,366 2206,364 2267,292 523,305"/>
                <Baseline points="533,343 619,344 705,344 791,344 877,344 963,344 1049,344 1136,343 1222,342 1308,342 1394,341 1480,340 1566,340 1652,339 1739,339 1825,339 1911,339 1997,340 2083,341 2169,343 2256,344"/>
                <TextEquiv>
                    <Unicode>plici, primo sic passus potest esse actiuus in seipsum ad generandum in seipso notitiam declarati-</Unicode>
                </TextEquiv>
            </TextLine>
            <TextLine id="r1l4" custom="readingOrder {index:2;}">
                <Coords points="517,412 2257,411 2256,348 517,366"/>
                <Baseline points="527,397 617,398 707,399 798,399 888,399 979,399 1069,399 1160,398 1250,398 1341,397 1431,396 1522,395 1612,395 1703,394 1793,394 1884,394 1974,395 2065,395 2155,396 2246,398"/>
                <TextEquiv>
                    <Unicode>uam: &amp; constituendo noua intelligibilia complexa circa intelligibilia primo cognita. Sic etiam intel</Unicode>
                </TextEquiv>
            </TextLine>
            <TextLine id="r1l5" custom="readingOrder {index:3;}">
                <Coords points="522,472 2199,478 2260,410 522,411"/>
                <Baseline points="534,449 619,451 705,452 791,453 877,453 963,453 1048,453 1134,453 1220,452 1306,451 1392,451 1477,450 1563,450 1649,449 1735,449 1821,449 1906,450 1992,451 2078,452 2164,454 2250,456"/>
                <TextEquiv>
                    <Unicode>lectus inquantum est in actum: quo ad cognitionem principiorum agit ad hoc vt fiat secundum cogni</Unicode>
                </TextEquiv>
            </TextLine>
            <TextLine id="r1l6" custom="readingOrder {index:4;}">
                <Coords points="516,519 2261,514 2260,462 516,473"/>
                <Baseline points="527,504 613,506 699,507 785,508 871,508 957,508 1043,508 1130,508 1216,507 1302,507 1388,506 1474,506 1560,505 1646,505 1733,504 1819,504 1905,504 1991,505 2077,505 2163,507 2250,508"/>
                <TextEquiv>
                    <Unicode>tionem conclusionum. Sic &amp; voluntas si esset in actu aliquo volendi aliquid per intellectum, bene</Unicode>
                </TextEquiv>
            </TextLine>
            <TextLine id="r1l7" custom="readingOrder {index:5;}">
                <Coords points="512,578 2252,579 2221,518 512,519"/>
                <Baseline points="523,558 608,560 694,561 780,562 866,562 952,563 1038,563 1124,563 1210,563 1296,562 1382,562 1467,562 1553,561 1639,561 1725,561 1811,560 1897,560 1983,560 2069,560 2155,561 2241,561"/>
                <TextEquiv>
                    <Unicode>posset mouere seipsam ad volendum aliud ordinatum ad illud: vt volens sanitatem motione intel-</Unicode>
                </TextEquiv>
            </TextLine>
            <TextLine id="r1l8" custom="readingOrder {index:6;}">
                <Coords points="518,631 2269,637 2269,568 518,579"/>
                <Baseline points="528,614 614,615 701,616 787,616 874,617 960,617 1047,617 1133,617 1220,617 1306,616 1393,616 1479,616 1566,616 1652,615 1739,615 1825,615 1912,615 1998,616 2085,616 2171,617 2258,618"/>
                <TextEquiv>
                    <Unicode>lectus, posset seipsum mouere ad volendum potionem. Nullo modo tamen posset secundum dictam</Unicode>
                </TextEquiv>
            </TextLine>
            <TextLine id="r1l9" custom="readingOrder {index:7;}">
                <Coords points="511,692 2262,687 2236,627 511,631"/>
                <Baseline points="521,668 607,669 694,670 780,671 867,672 953,672 1040,672 1126,672 1213,672 1299,671 1386,671 1472,671 1559,670 1645,670 1732,670 1818,670 1905,670 1991,670 2078,671 2164,671 2251,673"/>
                <TextEquiv>
                    <Unicode>positionem recedere a volendo illud ad quod mota est per intellectum vt velit, postquam esset ei determi- </Unicode>
                </TextEquiv>
            </TextLine>
            <TextLine id="r1l10" custom="readingOrder {index:8;}">
                <Coords points="522,738 2233,743 2264,686 522,690"/>
                <Baseline points="532,723 618,725 704,726 790,726 876,727 962,727 1048,727 1134,727 1220,726 1306,726 1392,725 1478,725 1564,725 1650,725 1736,724 1822,725 1908,725 1994,726 2080,727 2166,728 2253,730"/>
                <TextEquiv>
                    <Unicode>natum a ratione. Inquantum enim est determinatum: vel est finis, vel includit rationem finis: in hoc</Unicode>
                </TextEquiv>
            </TextLine>
            <TextLine id="r1l11" custom="readingOrder {index:9;}">
                <Coords points="519,790 2257,792 2257,738 519,738"/>
                <Baseline points="530,778 615,779 701,780 787,780 873,780 958,781 1044,781 1130,780 1216,780 1301,780 1387,780 1473,780 1559,780 1644,780 1730,780 1816,780 1902,780 1987,781 2073,781 2159,782 2245,784"/>
                <TextEquiv>
                    <Unicode>videlicet quod fine ipso non posset haberi finis: &amp; ideo de necessitate mouet vt finis &amp; bonum secundum</Unicode>
                </TextEquiv>
            </TextLine>
            <TextLine id="r1l12" custom="readingOrder {index:10;}">
                <Coords points="519,840 2257,848 2257,792 519,790"/>
                <Baseline points="529,833 614,834 700,835 786,835 872,835 958,836 1043,836 1129,835 1215,835 1301,835 1387,835 1472,835 1558,835 1644,835 1730,835 1816,835 1901,835 1987,836 2073,836 2159,837 2245,838"/>
                <TextEquiv>
                    <Unicode>omnia particularia: &amp; vt secundum omnem considerationem boni. Quod enim tale est, necessitatuo</Unicode>
                </TextEquiv>
            </TextLine>
            <TextLine id="r1l13" custom="readingOrder {index:11;}">
                <Coords points="515,907 2253,910 2253,844 515,846"/>
                <Baseline points="526,889 611,890 697,890 783,890 869,890 955,890 1041,890 1126,890 1212,890 1298,890 1384,889 1470,889 1556,889 1642,889 1727,889 1813,889 1899,890 1985,890 2071,890 2157,891 2243,892"/>
                <TextEquiv>
                    <Unicode>luntatem superando ipsam quo ad pluralitatem respectum contrarii. Vnde si intellectus proponit ali</Unicode>
                </TextEquiv>
            </TextLine>
            <TextLine id="r1l14" custom="readingOrder {index:12;}">
                <Coords points="523,962 2261,962 2200,901 523,905"/>
                <Baseline points="533,945 618,945 704,945 790,945 876,944 962,944 1047,944 1133,944 1219,944 1305,944 1391,944 1476,944 1562,944 1648,944 1734,945 1820,945 1905,945 1991,946 2077,946 2163,947 2249,948"/>
                <TextEquiv>
                    <Unicode>qua voluntati vt bona: qualia potest sibi proponere absque omni determinatione: non mouetur volun</Unicode>
                </TextEquiv>
            </TextLine>
            <TextLine id="r1l15" custom="readingOrder {index:13;}">
                <Coords points="521,1010 2259,1011 2235,954 521,962"/>
                <Baseline points="532,999 617,999 703,999 789,999 875,1000 961,1000 1047,1000 1132,1000 1218,1000 1304,999 1390,999 1476,999 1562,999 1648,1000 1733,1000 1819,1000 1905,1000 1991,1000 2077,1000 2163,1001 2249,1001"/>
                <TextEquiv>
                    <Unicode>tas necessario. nuilum enim bonum apprehensum mouet necessario voluntatem: nisi finis qui est bo-</Unicode>
                </TextEquiv>
            </TextLine>
            <TextLine id="r1l16" custom="readingOrder {index:14;}">
                <Coords points="517,1066 2254,1066 2254,1009 517,1005"/>
                <Baseline points="527,1052 612,1053 698,1054 784,1054 870,1054 956,1055 1042,1055 1127,1054 1213,1054 1299,1054 1385,1054 1471,1054 1557,1054 1643,1054 1728,1054 1814,1054 1900,1054 1986,1055 2072,1055 2158,1056 2244,1057"/>
                <TextEquiv>
                    <Unicode>num secundum omnem rationem &amp; considerationem: vel includens rationem finis per hoc quod a ratio</Unicode>
                </TextEquiv>
            </TextLine>
            <TextLine id="r1l17" custom="readingOrder {index:15;}">
                <Coords points="520,1119 2256,1119 2212,1065 520,1067"/>
                <Baseline points="531,1108 616,1109 702,1109 788,1109 874,1109 959,1108 1045,1108 1131,1108 1217,1108 1302,1108 1388,1108 1474,1108 1560,1108 1645,1108 1731,1108 1817,1109 1903,1109 1988,1110 2074,1111 2160,1113 2246,1114"/>
                <TextEquiv>
                    <Unicode>ne fuerit determinatum. Vnde dicit philosophus de motibus animalium. Mouet primum quod appetibile</Unicode>
                </TextEquiv>
            </TextLine>
            <TextLine id="r1l18" custom="readingOrder {index:16;}">
                <Coords points="518,1172 2260,1177 2242,1120 518,1120"/>
                <Baseline points="529,1164 615,1164 701,1164 787,1164 873,1163 959,1163 1045,1163 1131,1163 1217,1163 1303,1163 1389,1163 1475,1162 1561,1162 1647,1162 1733,1163 1819,1163 1905,1163 1991,1163 2077,1164 2163,1165 2250,1165"/>
                <TextEquiv>
                    <Unicode>&amp; intellectuale: non autem omne: sed quod operabilium finis: propter quid bonorum est quod mouet: sed non</Unicode>
                </TextEquiv>
            </TextLine>
            <TextLine id="r1l19" custom="readingOrder {index:17;}">
                <Coords points="526,1231 2253,1230 2198,1176 526,1175"/>
                <Baseline points="537,1217 622,1218 707,1218 792,1218 878,1218 963,1218 1048,1218 1133,1218 1219,1218 1304,1218 1389,1218 1474,1218 1560,1218 1645,1218 1730,1218 1815,1218 1901,1218 1986,1218 2071,1219 2156,1219 2242,1220"/>
                <TextEquiv>
                    <Unicode>omne quod bonum. Inquantum enim gratia huius aliud: &amp; inquantum est finis eorum quae alterius</Unicode>
                </TextEquiv>
            </TextLine>
            <TextLine id="r1l20" custom="readingOrder {index:18;}">
                <Coords points="520,1296 2249,1286 2199,1227 520,1231"/>
                <Baseline points="531,1273 616,1273 701,1273 786,1273 872,1273 957,1273 1042,1273 1128,1273 1213,1273 1298,1273 1384,1273 1469,1273 1554,1273 1639,1273 1725,1273 1810,1273 1895,1273 1981,1273 2066,1273 2151,1274 2237,1274"/>
                <TextEquiv>
                    <Unicode>gratia existunt: mouet. &amp; hoc de necessitate: non autem inquantum est aliud bonum. ad illud enim non</Unicode>
                </TextEquiv>
            </TextLine>
            <TextLine id="r1l21" custom="readingOrder {index:19;}">
                <Coords points="519,1338 2033,1356 2229,1350 2257,1289 519,1297"/>
                <Baseline points="529,1329 614,1328 700,1328 786,1328 872,1328 958,1327 1044,1327 1129,1327 1215,1327 1301,1327 1387,1327 1473,1328 1559,1328 1645,1328 1730,1328 1816,1328 1902,1328 1988,1328 2074,1329 2160,1329 2246,1329"/>
                <TextEquiv>
                    <Unicode>mouet vt dicunt aliqui nisi consilio praecedente: vt cum aliquis vult sanitatem, de iis quae sunt ad sa</Unicode>
                </TextEquiv>
            </TextLine>
            <TextLine id="r1l22" custom="readingOrder {index:20;}">
                <Coords points="520,1399 2190,1405 2255,1392 2255,1338 520,1340"/>
                <Baseline points="530,1384 615,1384 701,1383 787,1383 873,1383 958,1383 1044,1383 1130,1383 1216,1383 1301,1383 1387,1383 1473,1383 1559,1383 1644,1384 1730,1384 1816,1384 1902,1384 1987,1383 2073,1383 2159,1383 2245,1383"/>
                <TextEquiv>
                    <Unicode>nitatem incipit consiliari: ita quod nihil illorum vult nisi tandem finito consilio. Quod quia libere potest expete</Unicode>
                </TextEquiv>
            </TextLine>
            <TextLine id="r1l23" custom="readingOrder {index:21;}">
                <Coords points="512,1455 2257,1459 2257,1402 2172,1395 513,1394"/>
                <Baseline points="523,1440 609,1439 695,1438 781,1438 867,1437 953,1437 1039,1437 1126,1437 1212,1437 1298,1437 1384,1437 1470,1438 1556,1438 1642,1438 1729,1439 1815,1439 1901,1439 1987,1439 2073,1439 2159,1438 2246,1438"/>
                <TextEquiv>
                    <Unicode>re a ratione vel non expetere: vel expetitum expectare vel non expectare: vel expectatum &amp; datum a ratione po</Unicode>
                </TextEquiv>
            </TextLine>
            <TextLine id="r1l24" custom="readingOrder {index:22;}">
                <Coords points="518,1507 2093,1513 2263,1502 2263,1459 518,1461"/>
                <Baseline points="529,1494 615,1493 701,1493 787,1492 873,1492 959,1491 1045,1491 1132,1491 1218,1491 1304,1492 1390,1492 1476,1492 1562,1492 1648,1492 1735,1493 1821,1493 1907,1492 1993,1492 2079,1492 2165,1491 2252,1490"/>
                <TextEquiv>
                    <Unicode>test sequi vel non sequi: eo quod consilium est inquisitio quaedam non demonstratiua. &amp; in hoc dicunt con</Unicode>
                </TextEquiv>
            </TextLine>
            <TextLine id="line_1584241576978_295" custom="readingOrder {index:23;}">
                <Coords points="519,1563 2266,1566 2209,1501 519,1507"/>
                <Baseline points="531,1549 618,1548 706,1547 793,1547 881,1547 968,1546 1056,1546 1143,1546 1231,1546 1318,1546 1406,1546 1493,1546 1581,1547 1668,1547 1756,1547 1843,1546 1931,1546 2018,1546 2106,1546 2193,1545 2255,1544"/>
                <TextEquiv>
                    <Unicode>sistere voluntatis libertatem. Quid tamen si fuerit determinatum a ratione vt conclusio demonstrati</Unicode>
                </TextEquiv>
            </TextLine>
            <TextLine id="r1l26" custom="readingOrder {index:24;}">
                <Coords points="522,1613 2168,1620 2260,1568 522,1572"/>
                <Baseline points="533,1605 618,1604 704,1603 790,1603 876,1602 962,1602 1047,1602 1133,1601 1219,1601 1305,1601 1391,1601 1476,1601 1562,1601 1648,1601 1734,1601 1820,1601 1905,1602 1991,1602 2077,1602 2163,1601 2249,1601"/>
                <TextEquiv>
                    <Unicode>ua: &amp; includens rationem finis: dicunt aliqui quod voluntas illud non potest non velle. Si vero non fuerit</Unicode>
                </TextEquiv>
            </TextLine>
            <TextLine id="r1l27" custom="readingOrder {index:25;}">
                <Coords points="513,1672 2258,1665 2238,1611 513,1611"/>
                <Baseline points="525,1659 611,1659 697,1658 783,1657 869,1657 955,1657 1041,1657 1127,1656 1213,1656 1299,1656 1386,1656 1472,1656 1558,1656 1644,1656 1730,1656 1816,1656 1902,1656 1988,1656 2074,1656 2160,1656 2247,1656"/>
                <TextEquiv>
                    <Unicode>determinatum a ratione vt conclusio demonstratiua: sed vt conclusio persuasoria: dicunt quod potest non</Unicode>
                </TextEquiv>
            </TextLine>
            <TextLine id="r1l28" custom="readingOrder {index:26;}">
                <Coords points="526,1728 2227,1733 2253,1668 526,1672"/>
                <Baseline points="537,1714 622,1714 707,1713 792,1713 878,1712 963,1712 1048,1712 1133,1712 1219,1712 1304,1712 1389,1712 1474,1712 1560,1712 1645,1712 1730,1712 1815,1712 1901,1712 1986,1711 2071,1711 2156,1711 2242,1711"/>
                <TextEquiv>
                    <Unicode>velle. Sed si velit &amp; eligat illud, necesse est quod motum voluntatis quo vult illud etiam praecedente con-</Unicode>
                </TextEquiv>
            </TextLine>
            <TextLine id="r1l29" custom="readingOrder {index:27;}">
                <Coords points="517,1780 2257,1772 2257,1722 517,1721"/>
                <Baseline points="527,1769 617,1768 707,1768 798,1767 888,1767 979,1767 1069,1767 1160,1767 1250,1767 1341,1767 1431,1767 1522,1767 1612,1767 1703,1767 1793,1766 1884,1766 1974,1765 2065,1765 2155,1764 2246,1762"/>
                <TextEquiv>
                    <Unicode>silio, &amp; similiter motum voluntatis quo vult consiliari de volendo illud, praecedat alius motus vo</Unicode>
                </TextEquiv>
            </TextLine>
            <TextLine id="r1l30" custom="readingOrder {index:28;}">
                <Coords points="524,1848 2253,1834 2253,1773 524,1781"/>
                <Baseline points="536,1826 621,1825 706,1824 791,1823 877,1822 962,1822 1047,1822 1133,1822 1218,1821 1303,1821 1389,1821 1474,1821 1559,1821 1644,1820 1730,1820 1815,1819 1900,1819 1986,1818 2071,1817 2156,1816 2242,1815"/>
                <TextEquiv>
                    <Unicode>luntatis non a seipsa sed ab alio: &amp; hoc vel ab appetibili alio intellecto &amp; determinato secundum ratio</Unicode>
                </TextEquiv>
            </TextLine>
            <TextLine id="r1l31" custom="readingOrder {index:29;}">
                <Coords points="520,1888 2103,1900 2258,1880 2258,1837 520,1849"/>
                <Baseline points="530,1880 615,1879 701,1878 787,1877 873,1877 959,1876 1044,1876 1130,1876 1216,1876 1302,1876 1388,1876 1473,1876 1559,1875 1645,1875 1731,1875 1817,1875 1902,1874 1988,1874 2074,1873 2160,1872 2246,1871"/>
                <TextEquiv>
                    <Unicode>nem finis: vel si non ab illo appetibili: vt appetibile istud sit primo volitum, licet non absque consilio</Unicode>
                </TextEquiv>
            </TextLine>
            <TextLine id="r1l32" custom="readingOrder {index:30;}">
                <Coords points="516,1954 2140,1952 2258,1944 2258,1880 516,1900"/>
                <Baseline points="527,1934 617,1933 707,1932 798,1931 888,1931 979,1930 1069,1930 1160,1930 1250,1930 1341,1930 1431,1930 1522,1930 1612,1930 1703,1930 1793,1930 1884,1929 1974,1929 2065,1929 2155,1928 2246,1927"/>
                <TextEquiv>
                    <Unicode>praecedente ab aliquo alio: vt a caelesti corpore: aut a deo: aut a fato: aut bona fortuna aut aliquo hu </Unicode>
                </TextEquiv>
            </TextLine>
            <TextLine id="r1l33" custom="readingOrder {index:31;}">
                <Coords points="527,1998 2098,2004 2248,1989 2248,1945 527,1961"/>
                <Baseline points="539,1987 623,1986 708,1985 793,1985 878,1984 963,1984 1048,1984 1132,1984 1217,1984 1302,1984 1387,1984 1472,1984 1557,1985 1642,1985 1726,1985 1811,1984 1896,1984 1981,1983 2066,1983 2151,1982 2236,1980"/>
                <TextEquiv>
                    <Unicode>iusmodi. Primum vero istorum, scilicet si fuerit bonum aliquid determinatum a ratione simpliciter: &amp;</Unicode>
                </TextEquiv>
            </TextLine>
            <TextLine id="r1l34" custom="readingOrder {index:32;}">
                <Coords points="516,2054 2119,2057 2254,2044 2256,1996 516,1998"/>
                <Baseline points="527,2041 612,2040 698,2040 784,2039 870,2039 956,2039 1042,2039 1128,2039 1214,2039 1300,2039 1386,2039 1471,2039 1557,2039 1643,2039 1729,2039 1815,2039 1901,2038 1987,2037 2073,2036 2159,2035 2245,2033"/>
                <TextEquiv>
                    <Unicode>ita vt conclusio demonstratiua &amp; vt includens rationem finis: quod voluntas non possit illud non vel</Unicode>
                </TextEquiv>
            </TextLine>
            <TextLine id="r1l35" custom="readingOrder {index:33;}">
                <Coords points="526,2109 2233,2108 2246,2047 526,2052"/>
                <Baseline points="537,2094 626,2093 715,2093 805,2092 894,2092 984,2092 1073,2092 1162,2092 1252,2092 1341,2092 1431,2092 1520,2092 1610,2092 1699,2092 1788,2092 1878,2092 1967,2091 2057,2090 2146,2089 2236,2088"/>
                <TextEquiv>
                    <Unicode>le: sed quod moueatur ad hoc volendum a bono intellecto vt passiuum naturale a suo proprio actiuo:</Unicode>
                </TextEquiv>
            </TextLine>
            <TextLine id="r1l36" custom="readingOrder {index:34;}">
                <Coords points="526,2161 2223,2166 2251,2101 526,2109"/>
                <Baseline points="537,2149 622,2148 707,2148 792,2147 877,2147 962,2147 1047,2147 1133,2147 1218,2147 1303,2147 1388,2148 1473,2148 1558,2148 1643,2148 1729,2147 1814,2147 1899,2146 1984,2146 2069,2145 2154,2143 2240,2142"/>
                <TextEquiv>
                    <Unicode>videtur esse positio philosophi. vi. Ethir. fundata super hoc quod appetitus est mouens motum ab ap-</Unicode>
                </TextEquiv>
            </TextLine>
            <TextLine id="r1l37" custom="readingOrder {index:35;}">
                <Coords points="522,2228 2256,2212 2255,2157 2184,2149 522,2161"/>
                <Baseline points="532,2202 617,2202 703,2202 788,2202 874,2202 960,2202 1045,2202 1131,2202 1216,2202 1302,2202 1388,2202 1473,2202 1559,2202 1644,2202 1730,2201 1816,2201 1901,2201 1987,2200 2072,2199 2158,2198 2244,2197"/>
                <TextEquiv>
                    <Unicode>petibili cognito: vt determinat. iii. de anima, &amp; in libro de causis motus animalium: vbi vult quod voluntas</Unicode>
                </TextEquiv>
            </TextLine>
            <TextLine id="r1l38" custom="readingOrder {index:36;}">
                <Coords points="524,2278 2260,2256 2227,2206 524,2224"/>
                <Baseline points="535,2259 620,2258 706,2257 792,2257 877,2256 963,2256 1049,2256 1134,2256 1220,2256 1306,2256 1392,2256 1477,2256 1563,2256 1649,2256 1734,2256 1820,2256 1906,2255 1991,2254 2077,2253 2163,2252 2249,2250"/>
                <TextEquiv>
                    <Unicode>ex necessitate mouetur ad consentiendum siue volendum: &amp; ad prosequendum volitum si non im</Unicode>
                </TextEquiv>
            </TextLine>
            <TextLine id="r1l39" custom="readingOrder {index:37;}">
                <Coords points="524,2337 2110,2330 2262,2323 2262,2267 524,2278"/>
                <Baseline points="534,2314 619,2313 705,2312 791,2312 877,2311 963,2311 1048,2311 1134,2311 1220,2311 1306,2311 1392,2311 1477,2311 1563,2311 1649,2311 1735,2311 1821,2311 1906,2310 1992,2309 2078,2308 2164,2307 2250,2305"/>
                <TextEquiv>
                    <Unicode>pediatur exterius: vt potentia passiua ab appetibili cognito sicut a suo proprio actiuo: quemadmo-</Unicode>
                </TextEquiv>
            </TextLine>
            <TextLine id="r1l40" custom="readingOrder {index:38;}">
                <Coords points="520,2381 1999,2388 2234,2375 2256,2323 520,2335"/>
                <Baseline points="532,2367 617,2366 703,2366 789,2365 874,2365 960,2365 1046,2365 1131,2365 1217,2365 1303,2365 1389,2365 1474,2365 1560,2365 1646,2365 1731,2365 1817,2364 1903,2364 1988,2363 2074,2363 2160,2362 2246,2360"/>
                <TextEquiv>
                    <Unicode>dum intellectus mouetur ad assentiendum siue asserendum &amp; ad insistendum cognito a vero in- </Unicode>
                </TextEquiv>
            </TextLine>
            <TextLine id="r1l41" custom="readingOrder {index:39;}">
                <Coords points="518,2431 2056,2439 2251,2425 2251,2371 518,2378"/>
                <Baseline points="529,2419 614,2419 700,2419 785,2419 871,2419 956,2419 1042,2419 1127,2419 1213,2419 1298,2419 1384,2419 1470,2419 1555,2419 1641,2419 1726,2419 1812,2418 1897,2418 1983,2417 2068,2416 2154,2415 2240,2414"/>
                <TextEquiv>
                    <Unicode>tellecto sicut a suo proprio actiuo: ita vt quantum efficacia demonstrationis mouet intellectum in </Unicode>
                </TextEquiv>
            </TextLine>
            <TextLine id="r1l42" custom="readingOrder {index:40;}">
                <Coords points="519,2487 1983,2499 2253,2485 2253,2426 519,2428"/>
                <Baseline points="530,2473 615,2472 701,2472 786,2472 872,2472 957,2472 1043,2472 1128,2473 1214,2473 1299,2474 1385,2474 1471,2474 1556,2474 1642,2474 1727,2473 1813,2473 1898,2472 1984,2470 2069,2468 2155,2466 2241,2463"/>
                <TextEquiv>
                    <Unicode>speculaibilibus vt non possit dissentire concluso: sic &amp; voluntatem in agibilibus. Quid expressius mi-</Unicode>
                </TextEquiv>
            </TextLine>
            <TextLine id="r1l43" custom="readingOrder {index:41;}">
                <Coords points="523,2535 1887,2552 2252,2532 2252,2486 523,2487"/>
                <Baseline points="533,2527 618,2527 703,2526 789,2526 874,2526 960,2526 1045,2527 1131,2527 1216,2528 1302,2528 1387,2528 1472,2528 1558,2529 1643,2528 1729,2528 1814,2527 1900,2526 1985,2525 2071,2523 2156,2521 2242,2518"/>
                <TextEquiv>
                    <Unicode>hi videtur sentire in libro de motibus animalium quam alibi. lbi enim dicit sic. Quemadmodum autem intel-</Unicode>
                </TextEquiv>
            </TextLine>
            <TextLine id="r1l44" custom="readingOrder {index:42;}">
                <Coords points="519,2594 2159,2601 2254,2590 2254,2529 519,2535"/>
                <Baseline points="530,2582 615,2581 701,2581 787,2580 872,2580 958,2580 1044,2580 1129,2581 1215,2581 1301,2581 1387,2582 1472,2582 1558,2582 1644,2582 1729,2582 1815,2581 1901,2581 1986,2580 2072,2578 2158,2577 2244,2574"/>
                <TextEquiv>
                    <Unicode>lectus quandoque quidem operatur: quandoque autem non operatur: &amp; mouet quandeque: quandoque au- </Unicode>
                </TextEquiv>
            </TextLine>
            <TextLine id="r1l45" custom="readingOrder {index:43;}">
                <Coords points="523,2646 2263,2638 2232,2586 522,2598"/>
                <Baseline points="534,2637 619,2635 705,2634 791,2634 877,2633 963,2633 1049,2634 1135,2634 1221,2634 1307,2635 1393,2635 1478,2635 1564,2635 1650,2636 1736,2635 1822,2635 1908,2634 1994,2633 2080,2631 2166,2629 2252,2627"/>
                <TextEquiv>
                    <Unicode>tem non mouet: videtur similiter accidere &amp; de immobilibus intelligentibus &amp; syllogizantibus, siquidem:</Unicode>
                </TextEquiv>
            </TextLine>
            <TextLine id="r1l46" custom="readingOrder {index:44;}">
                <Coords points="520,2703 2149,2708 2262,2693 2262,2639 520,2647"/>
                <Baseline points="531,2691 617,2690 703,2689 789,2688 875,2687 961,2687 1047,2687 1133,2687 1219,2688 1305,2688 1391,2688 1477,2689 1563,2689 1649,2689 1735,2689 1821,2689 1907,2689 1993,2688 2079,2687 2165,2686 2251,2684"/>
                <TextEquiv>
                    <Unicode>ibi theorema finis. cum enim duas propositiones intellexerit, conclusionem intellexit &amp; composuit.</Unicode>
                </TextEquiv>
            </TextLine>
            <TextLine id="r1l47" custom="readingOrder {index:45;}">
                <Coords points="519,2762 2259,2753 2205,2692 519,2703"/>
                <Baseline points="530,2748 615,2746 701,2744 787,2742 873,2741 959,2741 1045,2741 1131,2741 1217,2741 1303,2742 1389,2742 1474,2743 1560,2743 1646,2744 1732,2744 1818,2744 1904,2743 1990,2743 2076,2741 2162,2739 2248,2737"/>
                <TextEquiv>
                    <Unicode>haec autem ex duabus propositionibus conclusio fit operatio: vt puta cum intellexerit quia omniho</Unicode>
                </TextEquiv>
            </TextLine>
            <TextLine id="r1l48" custom="readingOrder {index:46;}">
                <Coords points="517,2816 2153,2812 2266,2798 2266,2751 517,2764"/>
                <Baseline points="528,2803 614,2800 700,2797 786,2796 873,2794 959,2794 1045,2793 1132,2793 1218,2794 1304,2794 1391,2795 1477,2796 1563,2796 1649,2797 1736,2797 1822,2797 1908,2797 1995,2796 2081,2795 2167,2793 2254,2790"/>
                <TextEquiv>
                    <Unicode>mini ambulandum:, ipse autem homo, ambulat confestim. Si autem quod nulli nunc ambulanduni ho- </Unicode>
                </TextEquiv>
            </TextLine>
            <TextLine id="r1l49" custom="readingOrder {index:47;}">
                <Coords points="522,2860 2268,2865 2268,2800 522,2818"/>
                <Baseline points="532,2856 618,2853 704,2851 790,2849 877,2847 963,2847 1049,2846 1136,2846 1222,2847 1308,2847 1395,2848 1481,2849 1567,2849 1653,2850 1740,2851 1826,2851 1912,2850 1999,2850 2085,2849 2171,2847 2258,2845"/>
                <TextEquiv>
                    <Unicode>mini: ipse autem homo, statim quiescit. &amp; haec ambo facit si non aliquid prohibeat. Vbi post aliqua </Unicode>
                </TextEquiv>
            </TextLine>
            <TextLine id="r1l50" custom="readingOrder {index:48;}">
                <Coords points="515,2912 2022,2925 2259,2909 2259,2859 515,2860"/>
                <Baseline points="525,2910 611,2907 697,2904 783,2903 869,2901 956,2900 1042,2900 1128,2900 1214,2900 1300,2901 1387,2901 1473,2902 1559,2903 1645,2903 1731,2904 1818,2904 1904,2904 1990,2904 2076,2903 2162,2902 2249,2900"/>
                <TextEquiv>
                    <Unicode>interposita subdit. Quia quidem igitur operatio conclusio, manifestum. potandum mihi concupiscentia dicit:.</Unicode>
                </TextEquiv>
            </TextLine>
            <TextLine id="r1l51" custom="readingOrder {index:49;}">
                <Coords points="517,2971 1979,2980 2266,2956 2266,2913 517,2917"/>
                <Baseline points="528,2962 614,2959 700,2956 786,2955 873,2953 959,2953 1045,2953 1132,2953 1218,2954 1304,2955 1391,2956 1477,2957 1563,2958 1649,2958 1736,2959 1822,2959 1908,2958 1995,2957 2081,2956 2167,2953 2254,2950"/>
                <TextEquiv>
                    <Unicode>istud autem potabile sensus dicit aut phantasia aut intellectus: statim bibit. In quo nullam facit differentiam</Unicode>
                </TextEquiv>
            </TextLine>
            <TextLine id="r1l52" custom="readingOrder {index:50;}">
                <Coords points="519,3019 2262,3012 2236,2958 520,2967"/>
                <Baseline points="530,3015 616,3012 702,3009 788,3008 874,3007 960,3006 1046,3006 1132,3007 1218,3007 1304,3008 1390,3009 1476,3010 1562,3011 1648,3012 1734,3013 1820,3013 1906,3012 1992,3011 2078,3010 2164,3007 2250,3004"/>
                <TextEquiv>
                    <Unicode>in motu appetitus rationalis ab intellectu, &amp; appetitus sensitiui a sensu &amp; phantasia. Quod patet ex eo quodsub </Unicode>
                </TextEquiv>
            </TextLine>
            <TextLine id="r1l53" custom="readingOrder {index:51;}">
                <Coords points="521,3068 2255,3066 2240,3009 522,3020"/>
                <Baseline points="533,3067 618,3064 704,3062 789,3061 875,3060 961,3060 1046,3060 1132,3060 1217,3061 1303,3062 1389,3063 1474,3064 1560,3065 1645,3066 1731,3066 1817,3066 1902,3066 1988,3065 2073,3064 2159,3061 2245,3058"/>
                <TextEquiv>
                    <Unicode>dit continuo. Sic quidem igitur ad moueri &amp; operari aliquando impetum faciunt. vltima quidem causa est eius quod </Unicode>
                </TextEquiv>
            </TextLine>
            <TextLine id="r1l54" custom="readingOrder {index:52;}">
                <Coords points="506,3141 2260,3142 2260,3068 2190,3065 507,3071"/>
                <Baseline points="517,3117 603,3116 690,3115 776,3114 863,3114 950,3114 1036,3115 1123,3115 1209,3116 1296,3117 1383,3118 1469,3119 1556,3120 1642,3121 1729,3122 1816,3122 1902,3122 1989,3121 2075,3120 2162,3118 2249,3116"/>
                <TextEquiv>
                    <Unicode>est moueri appetitu existente: hoc autem facto aut per sensum aut per phantasiam &amp; intelligentiam appetentium ope</Unicode>
                </TextEquiv>
            </TextLine>
            <TextEquiv>
                <Unicode>set esse actiuum circa aliud: quemadmodum intellectus qui est passiuus ab obiecto intelligentia sim-
plici, primo sic passus potest esse actiuus in seipsum ad generandum in seipso notitiam declarati-
uam: &amp; constituendo noua intelligibilia complexa circa intelligibilia primo cognita. Sic etiam intel
lectus inquantum est in actum: quo ad cognitionem principiorum agit ad hoc vt fiat secundum cogni
tionem conclusionum. Sic &amp; voluntas si esset in actu aliquo volendi aliquid per intellectum, bene
posset mouere seipsam ad volendum aliud ordinatum ad illud: vt volens sanitatem motione intel-
lectus, posset seipsum mouere ad volendum potionem. Nullo modo tamen posset secundum dictam
positionem recedere a volendo illud ad quod mota est per intellectum vt velit, postquam esset ei determi- 
natum a ratione. Inquantum enim est determinatum: vel est finis, vel includit rationem finis: in hoc
videlicet quod fine ipso non posset haberi finis: &amp; ideo de necessitate mouet vt finis &amp; bonum secundum
omnia particularia: &amp; vt secundum omnem considerationem boni. Quod enim tale est, necessitatuo
luntatem superando ipsam quo ad pluralitatem respectum contrarii. Vnde si intellectus proponit ali
qua voluntati vt bona: qualia potest sibi proponere absque omni determinatione: non mouetur volun
tas necessario. nuilum enim bonum apprehensum mouet necessario voluntatem: nisi finis qui est bo-
num secundum omnem rationem &amp; considerationem: vel includens rationem finis per hoc quod a ratio
ne fuerit determinatum. Vnde dicit philosophus de motibus animalium. Mouet primum quod appetibile
&amp; intellectuale: non autem omne: sed quod operabilium finis: propter quid bonorum est quod mouet: sed non
omne quod bonum. Inquantum enim gratia huius aliud: &amp; inquantum est finis eorum quae alterius
gratia existunt: mouet. &amp; hoc de necessitate: non autem inquantum est aliud bonum. ad illud enim non
mouet vt dicunt aliqui nisi consilio praecedente: vt cum aliquis vult sanitatem, de iis quae sunt ad sa
nitatem incipit consiliari: ita quod nihil illorum vult nisi tandem finito consilio. Quod quia libere potest expete
re a ratione vel non expetere: vel expetitum expectare vel non expectare: vel expectatum &amp; datum a ratione po
test sequi vel non sequi: eo quod consilium est inquisitio quaedam non demonstratiua. &amp; in hoc dicunt con
sistere voluntatis libertatem. Quid tamen si fuerit determinatum a ratione vt conclusio demonstrati
ua: &amp; includens rationem finis: dicunt aliqui quod voluntas illud non potest non velle. Si vero non fuerit
determinatum a ratione vt conclusio demonstratiua: sed vt conclusio persuasoria: dicunt quod potest non
velle. Sed si velit &amp; eligat illud, necesse est quod motum voluntatis quo vult illud etiam praecedente con-
silio, &amp; similiter motum voluntatis quo vult consiliari de volendo illud, praecedat alius motus vo
luntatis non a seipsa sed ab alio: &amp; hoc vel ab appetibili alio intellecto &amp; determinato secundum ratio
nem finis: vel si non ab illo appetibili: vt appetibile istud sit primo volitum, licet non absque consilio
praecedente ab aliquo alio: vt a caelesti corpore: aut a deo: aut a fato: aut bona fortuna aut aliquo hu 
iusmodi. Primum vero istorum, scilicet si fuerit bonum aliquid determinatum a ratione simpliciter: &amp;
ita vt conclusio demonstratiua &amp; vt includens rationem finis: quod voluntas non possit illud non vel
le: sed quod moueatur ad hoc volendum a bono intellecto vt passiuum naturale a suo proprio actiuo:
videtur esse positio philosophi. vi. Ethir. fundata super hoc quod appetitus est mouens motum ab ap-
petibili cognito: vt determinat. iii. de anima, &amp; in libro de causis motus animalium: vbi vult quod voluntas
ex necessitate mouetur ad consentiendum siue volendum: &amp; ad prosequendum volitum si non im
pediatur exterius: vt potentia passiua ab appetibili cognito sicut a suo proprio actiuo: quemadmo-
dum intellectus mouetur ad assentiendum siue asserendum &amp; ad insistendum cognito a vero in- 
tellecto sicut a suo proprio actiuo: ita vt quantum efficacia demonstrationis mouet intellectum in 
speculaibilibus vt non possit dissentire concluso: sic &amp; voluntatem in agibilibus. Quid expressius mi-
hi videtur sentire in libro de motibus animalium quam alibi. lbi enim dicit sic. Quemadmodum autem intel-
lectus quandoque quidem operatur: quandoque autem non operatur: &amp; mouet quandeque: quandoque au- 
tem non mouet: videtur similiter accidere &amp; de immobilibus intelligentibus &amp; syllogizantibus, siquidem:
ibi theorema finis. cum enim duas propositiones intellexerit, conclusionem intellexit &amp; composuit.
haec autem ex duabus propositionibus conclusio fit operatio: vt puta cum intellexerit quia omniho
mini ambulandum:, ipse autem homo, ambulat confestim. Si autem quod nulli nunc ambulanduni ho- 
mini: ipse autem homo, statim quiescit. &amp; haec ambo facit si non aliquid prohibeat. Vbi post aliqua 
interposita subdit. Quia quidem igitur operatio conclusio, manifestum. potandum mihi concupiscentia dicit:.
istud autem potabile sensus dicit aut phantasia aut intellectus: statim bibit. In quo nullam facit differentiam
in motu appetitus rationalis ab intellectu, &amp; appetitus sensitiui a sensu &amp; phantasia. Quod patet ex eo quodsub 
dit continuo. Sic quidem igitur ad moueri &amp; operari aliquando impetum faciunt. vltima quidem causa est eius quod 
est moueri appetitu existente: hoc autem facto aut per sensum aut per phantasiam &amp; intelligentiam appetentium ope</Unicode>
            </TextEquiv>
        </TextRegion>
    </Page>
</PcGts>
