2414 3673
136 240 1890 316 rari: hoc autem propter voluntatem: hoc quidem faciunt: hoc autem agunt. Sed quantumcunque dicentes pri-
134 301 1894 360 mum praedictorum: scilicet quod si bonum aliquid fuerit determinatum a ratione, vt conclusio demonstra-
143 355 1879 418 tiua: dicunt voluntatem moueri ab intellectu absque violentia & coactione: quia non mouetur sic tanquam
147 408 1889 467 naturaliter ad contrarium determinatum: quemadmodum mouetur graue sursum: sed tanquam aliquid
147 462 1885 523 indeterminate se habens ad multa, mouetur alio determinante ad vnum illorum: tamen omnino au
139 512 1885 578 ferunt libertatem arbitrii in volendo volitum: quae requirit libertatem absque omni necessitate. Vn-
147 566 1883 635 de & in diuinis in spirando spiritum sanctum licet dicimus ipsum a patre & filio spirari libera volunta
145 619 1881 684 te: propter tamen necessitatem incommutabilitatis annexam non dicimus eum spirari libero voluntatis
149 675 1878 742 arbitrio, sicut dicimus a deo creari creaturas. Sed de hoc alias satis habitum est in aliis quaestionibus
142 726 1880 787 de Quolibet: quod scilicet voluntas sic determinari non potest a quocunque determinato per intellectum
152 789 1884 846 citra bonum summum immediate visum. Vnde in hac vita non potest sic determinari nisi in vniuer
150 829 1884 898 sali, secundum quod homo non potest non velle esse beatus: nec pertinet ad praesentem quaestionem: sed solum
152 884 1881 949 an voluntas in sic volendo ab alio moueatur. Etenim si ad praesentiam appetibilis in intellectu absque
155 938 1884 995 omni transmutatione quam voluntas recipiat ab appetibili cognito: voluntas libere seipsam mouendo
141 990 1882 1060 ad actum volendi feratur in volitum: si tamen annexa sit necessitas & incommutabilis & nullius
155 1042 1886 1114 coactionis, vt non possit non velle quod sic vult: omnino libertas arbitrii auferetur vt dictum est.
179 1098 1888 1157 SED quod sic volendo voluntas non moueatur ab obiecto cognito ex hoc patet: quod tunc non alia ne
149 1159 1887 1220 cessitate moueretur appetitus rationalis qui dicitur voluntas, ab appetibili cognito per intellectum
142 1205 1893 1264 quam appetitus sensibilis ab appetibili cognito per sensum & phantasiam. Quod etiam bene expressit phi-
151 1254 1887 1320 losophus vt iam dicetur. Quod falsum est: quia in hoc voluntas non esset rationalis proprie: non solum
154 1310 1888 1374 non esset liberum arbitrium: & ageretur magis quam ageret. dicente Damasce. libro. ii. sententiarum. cap. xx.
154 1360 1886 1416 In irrationalibus appetitus sit alicuius: & confestim impetus ad operationem: & aguntur animalia
154 1418 1890 1483 appetitu: ideo neque voluntas dicitur irrationalium appetitus. In omnibus enim rationalibus enti-
154 1468 1881 1527 bus ducit magis rationalis appetitus: quam ducitur. & capsuolo. xxix. Aut enim non erit rationale: aut
151 1517 1878 1582 rationale ens dominus erit actuum. & infra subditur de irrationalibus. Aguntur magis a na-
149 1569 1879 1640 tura quam agant: & non contradicunt naturali appetitui: sed simul cum appetierint & impetum fa-
152 1634 1879 1693 ciunt ad actum: homo rationale ens magis agit naturam quam agatur. SEcundum vero praedicto-
149 1680 1881 1738 rum: scilicet quod si bonum aliquod non fuerit determinatum a ratione vt conclusio demonstratiua:
144 1733 1887 1800 sed vt persuasoria: ad hoc quod velit ipsum aut velit consiliari de ipso: necessario praecedit alius mo-
150 1783 1882 1853 tus voluntatis ab alio a se, etiam si non ponatur alius praecedere a bono cognito sub ratione finis: hoc
147 1839 1889 1904 nituntur declarare ratione tali. Si aliquis velit aliquod eorum quae sunt ad finem: cum prius non
155 1889 1880 1948 voluit illud: nec de necessitate velit: motus ab intellectu hoc non vult nisi praecedente consilio: con
144 1944 1886 2012 silium autem non aggreditur nec petit de necessitate sed libere: immo libero arbitrio voluntatis
156 1994 1890 2057 volentis super hoc consiliari. Cum ergo voluntas non moueatur in eis quae sunt ad finem nisi ex
155 2053 1882 2111 consilio: cum voluntas quae nunc vult consiliari & prius non voluit: necessario ab aliquo mo-
152 2100 1886 2155 ueatur vt velit consiliari prius quam velit illud quod volendum est ex consilio: aut ergo ad velle con-
145 2153 1883 2223 siliari mouetur ex se: aut ab alio. Non ex se: quia cum consilium sit eorum quae sunt ad finem, neces-
150 2202 1886 2272 se est quod hunc motum voluntatis praecedat consilium: & eadem ratione illud praecedit aliud: & sic
152 2260 1885 2327 in infinitum, quare cum hoc sit impossibile, necesse est ponere quod voluntas moueatur primo motu
150 2309 1888 2378 ad volendum id quod est ad finem, & quodcumque volendum est consilio, ab alio a se. Quid reuera posuit phi
146 2355 1882 2431 losophus vel a deo in iis quae non cadunt sub libero arbitrio: & quae non sunt in nostra potestate
146 2415 1888 2485 nostrae cognitionis & praeuisionis, vt exposuimus in quaestione de bona fortuna: vel a corporibus
143 2467 1879 2533 caelestibus in iis quae cadere possunt sub nostra comprehensione naturali ex sensibus: sed median-
141 2521 1881 2586 te intellectum: ponendo quod appetitus intellectiuus determinatur & mouetur a caelestium impres-
147 2570 1878 2633 sione: sicut & sensitiuus: & hoc in iis in quibus determinatur voluntas ab intellectum: quia determi-
149 2625 1884 2690 nationem in voluntate ab intellectum non posuit quo ad omnia intellecta. Secundum enim quod dicit ver
142 2675 1880 2743 sus finem de motibus animalium: sensus statim sunt alterationes quaedam existentes: phantasia autem
150 2726 1886 2796 & intelligentia habent rerum virtutem. Aliquo enim modo species intellecta calidi aut frigidi, aut
141 2790 1877 2846 delectabilis aut tristabilis, talis existit qualis quidem & rerum vnaquaeque. propter quod tremunt & ti-
135 2828 1888 2904 ment intelligentes solum. Haec autem omnia passiones & alterationes sunt in corpore. Alteratis autem in
144 2884 1888 2959 corpore haec quidem maiora, haec autem minora fiunt. & infra. Principium quidem igitur motus quem
141 2948 1886 3006 admodum dictum est, quod in operabilibus persequibile & fugibile. ex necessitate autem consequitur medita-
137 3004 1884 3058 tioni & phantasiae eorum caliditas & frigiditas. tristabile enim fugibile: delectabile autem persequibile.
132 3044 1890 3132 Sunt autem tristabilia & delectabilia omnia fere cum frigiditate aliqua & caliditate. & infra. His
