2409 3749
168 280 1954 364 quaedam diuersa: quorum vnum sit per se et principale intelligens: & alterum sit per se & principa-
175 349 1957 415 le volens: cum voluntatis non sit cognoscere, & non contigit velle, nisi cognitum: nullo modo volun-
168 399 1941 466 tas seipsam moueret in actum volendi. Quia ergo arguebatur primo quod voluntas non poenst mouere seip-
170 454 1943 523 sam: quia cum sit simplex: tunc idem respectu eiusdem simul esset actu & potentia: Dicendum quod idem respe
168 510 1948 572 ctu eiusdem secundum omnem modum impossibile est quod sit actum & potentia: aut mouens & motum: immo
173 562 1948 620 semper inter illa oportet aliquam esse diuersitatem: diuersimode tamen secundum diuersas ratio-
177 620 1946 677 nes motuum & mouentium ac motorum: ita quod non requiratur aequa diuersitas inter mouens & motum
173 669 1944 737 in spiritualibus & corporalibus: sicut neque motus eiusdem rationis est in his & in illis. Vnde vt patet ex
171 725 1940 792 praedictis, in voluntate sufficiens est diuersitas inter mouens & motum tali motione quae est volitio,
168 779 1939 843 quamuis sit simplex secundum rem. ARgumentum ad oppositum licet propter conclusionem conce
172 830 1938 894 dendum sit: tamen medium de motu grauis & leuis ex se & animalium secundum locum, non valet ad pro
178 884 1947 952 positum: nisi quo ad hoc quod in illis non sunt penitus diuersa & abinuicem separata mouens & mo-
164 944 1949 1008 tum: sicut nec hic. maxima tamen est diuersitas: quia in illis re differunt id ratione cuius mouens mo-
172 992 1943 1056 uet & ratione cuius mouetur. graue enim mouet se secundum formam & mouetur secundum materiam: non
170 1049 1947 1116 quod forma moueat & materia moueatur: sed quod forma est quo totum moueat: & materia quo totum mo-
176 1101 1951 1167 ueatur. Similiter in animali anima est quo mouet vt forma: & quiddam corporis quod mouet & mouetur si
168 1151 1948 1217 cut organum: vt partes proximae principio formaliter motiuo: & totum residuum motum est non mo
164 1209 1941 1264 uens: vt patet ex dictis. Hic autem mouens & motum differunt sola ratione, & ad plus intentione. &
168 1260 1946 1335 hoc non sicut diuersae potentiae sed sicut vires vnius potentiae. Vnde ad probandum quod tale quid quid est omni
159 1317 1948 1384 no simplex secundum rem possit mouere seipsum: nullo modo valet dictum medium: immo magis valet
168 1370 1939 1432 ad oppositum: quia si ex hoc graue & leue & animalia mouent seipsa: quia in ipsis est inuenire di-
160 1425 1946 1485 uersa secundum rem quibus distingui possunt mouens & motum: ergo ex opposito cum talia diuer
156 1475 1947 1535 sa non possint inueniri in voluntate: sequitur quod nullo modo possit mouere seipsam. & verum est
156 1528 1938 1595 tali motu quali illa mouent se. & econuerso si voluntas quia propter suam simplicitatem est virtus
160 1582 1935 1655 conuersiua super se, potest mouere seipsam: vt mouens & motum omnino sint idem secundum rim: sequi
160 1637 1947 1698 tur quod grauia & leuia & animalia quia sunt materialia nullo modo possunt se mouere vt mouens & mo
159 1692 1943 1754 tum sint omnino idem secundum rem: ita quod si voluntas haberet materiam & esset compositum ex
160 1746 1951 1808 materia & forma siue ipsa siue id cuius est: vt anima vel angelus: vel ex quibuscumque aliis diuersis secun
152 1813 1241 1865 dum rem: nullo modo posset mouere se sicut modo mouet.
492 1850 1942 1908 lrca tertium arguitur quod imperare sit actus rationis non voluntatis: quia imperare
507 1906 1941 1970 nihil aliud est quam aliquid faciendum alteri intimare, hoc autem est rationis respectu volum
504 1966 1943 2022 tatis. ergo &c. CONtra. imperare semper pertinet ad id quid est supremum & liberum
510 2016 1938 2071 dominium magis habens. tale non est nisi voluntas in toto regno animae. ergo &c. DI
510 2069 1951 2127 cendum quod cum imperare sit actio alicui directa ad aliquid exequendum: cuius sit actio
503 2121 1951 2185 vt imperantis hic oportet perscrutari ex tribus adinuicem comparatis scilicet ex habi
161 2186 1952 2243 tudine quam debet imperans habere ad illum cui dirigitur imperium: & ex conditione actus qui impe
152 2228 1943 2292 ratur, & ex dispositione eius cui imperatur, quibus perscrutatis plane patebit quod actus imperandi debet attribui volum
165 2282 1943 2353 tati & non intellectui. Primo ergo quod imperare sit actus voluntatis non intellectus consideratur ex habitudine im
171 2341 1946 2404 perantis ad illum cui imperium dirigitur. Quia, nm imperans ad eum cui imperium dirigitur habitudinem superio
165 2397 1938 2457 ris ad inferiorem debet habere quo ad aliquem gradum: par enim in parem nullum habet imperium: & multo minus in
154 2445 1934 2512 ferior in superiorem: cum igitur quaestio est de imperare in homine simpliciter tam super ea quae sunt
162 2501 1940 2567 intra se secundum quod in ipso debet esse aliqua virtus quae caeteris imperat: quam secundum ea quae sunt ex-
160 2552 1938 2616 tra se: si enim in homine sit virtus aliqua quae caeteris imperat quae sunt intra se: illi etiam attribui
166 2607 1940 2663 debet imperium ad ea quae sunt extra se: talem autem virtutem vnam caeteris principantem oportet
164 2657 1939 2732 ponere in homine. dicente philosopho. i. Pol. Quaecunque ex pluribus constituta sunt: & fiunt vnum ali
169 2712 1934 2780 quod commune siue ex coniunctis siue ex diuisis: in omnibus videtur principans & subiectum: & hoc
161 2763 1938 2830 non nisi respectu alicuius operis quod a principante debet imperari subiecto. Propter quid praemisit ibidem.
174 2820 1934 2878 Vbi autem hoc quidem principatur: hoc quidem subiicitur: est aliquid horum opus. Ista ergo quaestio quo ad hoc multum
168 2867 1939 2933 dependet ab illa qua quaeritur quae sit virtus siue potentia superior in homine. semper enim superiori &
168 2923 1941 2999 principaliori debet attribui principatus & imperium: siue dominium. vt enim dicitur primo Pol. natura
170 2984 1939 3050 melius est principans principato. Quae autem potentiarum in homine sit superior & principalior, super
166 3037 1940 3096 hoc non est dubitatio nisi de intellectu & voluntate. Propter quod dicentes intellectum esse potentiam
168 3087 1944 3146 superiorem dicunt quod intellectus est imperare, & quod voluntatis est ei obedire & imperium suscipere.
170 3142 1937 3224 Imperans enim vt dicunt ordinat eum cui imperat ad aliquid agendum: & hoc intimando & de-
