2402 3708
509 219 2266 319 nibus voluntatis: per participationem vero in actionibus intellectus. Similiter vbi rationabilitas attribuitur
516 309 2253 378 actionibus voluntatis & intellectus, per se debet intelligi in actionibus intellectus: per participationem ve
514 355 2262 424 ro in actionibus voluntatis. Vnde cum dicit Damalis. libro ii. sententiarum ca. xxiiii. Voluntas est rationalis: & liber
514 409 2260 478 arbitrio naturalis appetitus: libere, en. in arbitrio & ratione mouetur: intelligo in arbitrio. i voluntate, in ratio
510 463 2251 533 nei. ist in intellectum: vt possit consimiliter dici econverso. rationabiliter enim in ratione & arbitrio mouetur. i. in intelle
505 518 2260 595 ctu & voluntate. Et similiter cum subdit dicens. Libero ergo arbitrio appetit: & libero arbitrio vult: & libe. arb.
514 571 2268 639 inquirit: & libe. arb. scrutatur: & libe. arb. iudicat: & libe. arb disponit: & libe. arb. eligit: & libe. arb. impetum
512 624 2270 703 facit: & libe. arb. agit, & operatur semper in his quae secundum naturam sunt: in his propter liberum arbitrium adiunctum
514 684 2269 754 aliquae actiones propriae intellectui attribuuntur ra: ioni: ita etiam quod si intelligamus aliquas illarum esse
510 740 2266 812 voluntatis: & alias intellectus: illas quae sunt voluntatis intelligemus attribui libe arb. essentialiter: & il
519 796 2258 866 las quae sunt rationis per solam participationem. & consimiliter econuerso si dicamus sic. Intellectus est liber
514 853 2268 921 arbitrio: & rationabiliter naturalis sensus. Rationabiliter enim in ratione, & libero arbitrio mouetur: rationa
522 911 2259 978 biliter ergo appetit: & rationabiliter vult: & rationabiliter inquirit: & rationabiliter scrutatur: & rationabiliter
507 957 2266 1031 iudicat: & rationabiliter disponit: & rationabiliter eligit: & rationabiliter impetum facit: & rationabiliter agit
514 1025 2271 1087 & operatur in his quae secundum naturam. Et secundum hoc tam theologi quam philosophi frequenter confundunt insi
515 1079 2273 1138 mul intellectum & voluntatem, & eorum operationes & modos operandi: sed diligens lector debet sin
524 1121 2264 1195 gula distinguere. Vnde cum dicit Damas. de duabus naturis & vna persona Christi: lrrationabilia non
521 1192 2267 1251 libero arbitrio mouentur ad appetitum: naturaliter enim moto in ipsis appetitu non habentia imperan
523 1240 2251 1303 tem rationem, ducuntur a natura huiusmodi appetitu victa: vnde confestim mouentur ad actionem nisi ab altero pro
520 1296 2261 1357 hibeantur: propter quod non sunt libera arbitrio: sed sub potestare: proculdubio cum dicit non habentia rationem
522 1343 2261 1421 imperantem, confundit sub ratione intellectum & voluntatem, quae expresse continuo distinguit dicens. Rationalis
519 1396 2267 1469 autem natura potestatem habet succumbere naturali appetitui: & non succumbere sed vincere. & ostendit vi
516 1465 2266 1532 tae desiderium naturale & existens & succumbens rationi. Multis enim duce ratione vtentes voluntarie processe-
520 1520 2265 1577 runt ad mortem: & a cibo appetitum retraxerunt & somno & reliquis, ducentes naturam libero arbitrio. Ec
523 1562 2267 1632 ce quomodo distinguit primo dicens duce ratione scilicet in consulendo: deinde dicens ducentes naturm. scilicet in appetiti
520 1629 2268 1691 bus naturalibus, libero arbitrie. scilicet imperando viribus inferioribus & eas subtrahendo ab eis quae ap
526 1678 2276 1749 petierunt. Sic igitur sicut subdit Damals: post aliqua interposita: rationalis omnis irrationalis creaturae rex
528 1745 2267 1797 conditus est homo: & rationalis & intellectualis existens appetitiue intelligit & ratiocinatur: & rationalis
524 1797 2272 1856 & intellectiuus libero arbitrio appetit. Tertio apparet quod imparare sit actus voluntatis specialiter ex
524 1836 2261 1908 conditione eius quod imperatur ei cui ab imperante dirigitur imperium. ld enim quod imperatur est aliquis actus exe
532 1888 2256 1960 quendus ab illo cui imperatur. Vnde nulli habet fieri imperium de dispositione quae non habet cau-
528 1952 2254 2018 sari ab ipso: sed tantum habet fieri ab alio in ipso. Quare cum voluntas non habet velle nisi ea quae pertinent ad ex
522 2000 2252 2066 ercitium aliarum potentiarum: vt quod vult intellectum considerare, consiliari & huiusmodi: aut quae determinat si
527 2050 2250 2124 bi intellectus secundum dictum quorundam: & primum velle nullo modo imperatur voluntati aratione: sed po
526 2118 2252 2181 tius per ipsum voluntas imperat rationi, vt ipsi concedunt: secundum etiam velle secundum ipsos non caus
529 2162 2253 2239 satur ab ipsa voluntate seipsam mouente: sed potius ab intellectum, & a bono cognito secundum eos: & ideo
535 2217 2257 2285 voluntati impari non potest, nisi communiter sumendo imperium, quemadmodum sit membris corporis principatu de-
530 2281 2260 2350 spotico: nullo igitur modo ponendum est quod intellectus habet imperare voluntati: sed alterum eorum ne-
533 2335 2259 2411 cessario habet alteri imperare, cuius est imperare simpliciter. Simpliciter est ergo voluntatis impe-
536 2393 1754 2448 rare: non autem intellectus. PER dicta patent obiecta vtriusque partis.
850 2402 2259 2502 Equitur vnum quod pertinet ad naturam angelicam secundum se. & erat Vtrum aeuum sit substan
860 2494 2260 2556 tia an accidens. Ex arguitur quod sit substantia: quia mensura est vnigenea suo mensutato
854 2537 2263 2612 secundum philosopum. x. Metaphysicae Aeuum autem est mensura substantiae angeli, & substantiae non est vnige-
851 2596 2271 2663 neum nisi substantia. ergo &c. CONtra, proprium est solius dei quod sua substantia est lua
854 2651 2267 2718 mensura: cum ergo aeuum sit mensura substantiae angeli, non ergo est substantia eius: ergo &c.
852 2696 2272 2773 DIcendum quod cum aeuum non est nisi mensura quaedam: oportet videre modos mensura-
524 2756 2265 2836 rum & per hoc ex comparatione aeui ad alias patebit in parte cuiusmodi mensura sit aeuum. Estigi-
520 2812 2270 2885 tur sciendum quod in qualibet re existente in actu duo est considerare. scilicet eius essentiam, & existentiams
524 2863 2265 2940 & secundum vtrumque eorum respondet ei mensura. Ex parte enim essentiae mensura dei est sua immensitas: quo
528 2912 2265 2990 sola ratione differt a sua essentia. In essentia autem creaturae est duplex ratio mensurae. vna secundum quod est essen
519 2971 2260 3046 tia simpliciter. alio modo secundum quod est extensa vel multiplicata secundum partes. Primo modo quaelibet
524 3027 2259 3103 creatura duplicem habet mensuram. Vnam intra: quae est limitatio in gradu naturae & essentiae. Aliam extra:
523 3078 2267 3153 id quod est primum & dignissimum & verissimum ens in suo genere: & velite quo ad res omnium generum: id quod est
522 3128 2270 3221 primum ens simpliciter quod est diuina substantia quae est per se mensura omnium: secundum quod est ex se quid absolu-
