2414 3673
105 246 1869 322 tum. & non habet inquantum huiusmodi respectum ad creaturam: nisi quia ipsa habet respectum ad illam. vt ex hoc quod cre
110 308 1852 369 atura habeat respectum ad deum, rationes perfectionales considerentur in deo: quemadmodum aliqui ponunt quod rationes
111 345 1862 426 attributales non ponantur in deo: nisi quia per intellectum creaturae secundum correspondentiam eis quae deo attribuuntur
118 402 1858 485 per intellectum, referuntur ad deum: vt in hoc contrario modo considerentur rationes ideales, & perfectionales. ldeales enm
119 456 1863 529 considerantur in deo non ex hoc quod creaturarum essentiae habent referri ad deum: sed econverso magis. & in iam di
120 508 1855 579 ctis modis mensurarum nulla cadit accidentalitas: & nullo horum modorum aeuum est mensura. Considerando
113 566 1853 633 autem mensuram essentiae secundum quod est extensa: sic est mensura eius quantitas continua: sub cuius partibus par
121 624 1863 694 tes substantiae materialis sunt extensae. Et per istam quantitatem accidentalem intrinsecam convenit quantitas di
113 669 1858 742 mensionalis extrinseca: quae dicitur locus: quae similiter accidens est. Secundum vero quod est multiplicata sic ac
118 719 1861 790 cidit substantiis materialibus numerus. Nec adhuc de natura talium mensurarum est aeuum. & sic nihil est omnino
119 792 1868 849 in re pertinens per se ad essentiam rei ratione ipsius essentiae: sed solummo est de ratione mensurarum rei ratione
117 840 1868 901 sui esse: cuius mensura est duratio in esse: & diuersificatur secundum diuersum modum durandi in esse. & est.
123 875 1863 960 in triplici genere. Est enim quaedam duratio absque omni variatione & variabilitate: & est solius dei: quae dicitur
119 933 1869 1008 aeternitas: & differt sola ratione ab esse & essentia dei. Quaedam vero est variabilis secundum contrarias dispo
121 993 1870 1060 sitiones: & dicitur tempus: quae est per se mensura motus: & no alterum, nisi inquantum est mutabile secundum contra
126 1039 1875 1119 rias dispositiones in esse: de cuius natura non est aeuum. Est vero quaedam alia quae est variabilis secundum
130 1093 1870 1165 contradictorias dispositiones tantum: & est duplex. Quaedam transiens: quae non est nisi mensura eius quid est medium
123 1142 1870 1217 inter terminos variationis: cuiusmodi est instans: quod est per se mensura mutationis subitae & mutabilis
126 1205 1870 1274 secundum quod est subiectum talis mutationis. Quaedam vero manens: quae est mensura esse rei manentis in esse
131 1242 1869 1337 post non esse inquantum manens: possibilis tamen cadere in non esse: quod est simpliciter mensura fixa & stans abs
132 1309 1867 1387 que inouatione & successione: sicut & esse: cuiusmodi est mensura substantiae cui convenit esse: & est quid abso
124 1368 1879 1426 tum simplex stans absque fluxu, proportionale instanti respectu mutationis: praeter hoc quod vtrumque istorum
124 1410 1869 1485 non habet esse nisi transiens. & quo ad hoc est minus cognitum quam sit aeuum quod est manens. Sed econverso
129 1463 1865 1540 instans est magis cognitum instans: quia est aliquid compositi vt tempus: & hoc vel a quo fluit vel in quod: quid
134 1526 1865 1599 per motum cognoscitur: qui motus est quiddam compositum & sensibile per se licet commune: & per hoc nobis magis co-
131 1569 1869 1651 gnitum: & per motum tempus, similem habens compositionem: & per tempus ipsum instans. Est ergo aeuum accidens
134 1628 1865 1697 absolutum reducendum ad genus quantitatis. AD argumentum in oppositum quod mensura est vnigenea men-
131 1679 1866 1746 surato: hoc solum intelligitur dictum de mensura extriseca: quae convenit rei ratione suae essentiae simpliciter. Quod enim
132 1727 1877 1804 sic est mensura substantiae, substantia aliqua est. & est secundum artem philosophi in quolibet genere reperire tale quid est men
126 1804 1875 1865 sura omnium illius generis. vnde non valet ad propositum de aeuo: quid est mensura alterius rationis: vt patet ex dictis.
463 1848 1874 1918 Equuntur quaesita pertinentia ad humanam naturam specialiter: et quaerebantur ibi quaedam per-
466 1891 1879 1957 tinentia ad quasdam personas humanas praerogatiuas specialiter: et quaedam alia pertinen
466 1945 1879 2007 tia ad homines et humanam naturam generaliter. Circa primum quaerebantur tria pertinentia
470 1997 1875 2060 ad corpus Christi et sanguinem. Duo ex parte corporis: et vnum ex parte sanguinis.
472 2048 1879 2115 Quaerebatur etiam vnum pertinens ad mrimonium et votum virginitatis gloriosae virgis ma
464 2099 1880 2178 tris dei. Quaerebatur etiam vnum pertinens ad sepulturam corporis et cordis cuiusdam nobilis
143 2155 1876 2223 simi principis. Quorum primum erat de sacramento corporis Christi ex parte eius in quid fiat conuersio panis: vtrum
135 2208 1875 2274 cicet dicendo Hoc est corpus meum, tenet ecclesia secundum vsum et dicta sanctorum quod fiat conuersio in substantiam animae
129 2265 1873 2328 rationalis secundum quod dat esse corporeum: an in solam materiam: vt habet partes suas extensas sub partibus dimensionum
134 2315 1873 2380 an in aliquid compositum ex materia et forma alia praeter animam intellectiuam. Secundum erat de sacramento eiusdem
144 2367 1875 2435 ex parte eius quod convertitur. Vtrum materia panis maneat post conuersionem. Tertium erat de sacramento sangui
137 2426 1879 2489 nis quo ad formam verborum quibus sit conuersio vini in sanguinem: vtrum sit haec. Hic est calix sanguis mei.
143 2471 1874 2543 Quartum erat: vtrum cum voto virginitatis simpliciter stet verum et perfectum matrimonium. Quintum: vtrum qui
130 2526 1868 2602 sepeliuit in sua ecclesia partem corporis illius qui elegit alibi sepulturam corporis sui simpliciter, teneatur par-
131 2580 1877 2646 tem illam restituere: et illi apud quos fuit sepultura pro corpore simpliciter electa teneantur illam repetere.
129 2628 1878 2699 ClRca primum istorum arguitur: quod convenienter ponitur ecclesiam tenere conversionem panis fieri in animam Chri
140 2677 1878 2748 sti rationalem: secundum quod dat esse corporeum, quia cum tenet quod conuersio fit in corpus Christi: tenet quod fiat
141 2735 1887 2816 in id quid dat esse corporeum. sed convenienter ponitur quod vna sola forma sit in homine quae homini dat quod sit
141 2787 1879 2859 corpus siue esse corporeum: sicut et esse viuum & sensibile et rationale. ergo &c. Quia convenienter ponatur tenere
135 2844 1884 2910 ecclesiam conuersionem fieri in materiam secundum quod habet partem extra partem sub quantitate, arguitur: quia vt prius cum
131 2892 1888 2963 tenet ecclsia quod conversio fiat in corpus: convenienter tenet quod fiat in id quid vere potest dici esse corpus. sed
140 2953 1889 3014 materia etiam absque forma substantiali vere potest dici corpus: quia bruta ex se mouentur: et ideo secundum philosopum. viii.
135 3014 1893 3069 Physicae sunt diuisibilia necessario in per se mouens, et in per se motum, per se autem mouens est anima, vt dicit in de mo-
138 3054 1902 3143 tu progressiuo. praeter quam non est nisi sola materia in bruto: quam. oportet esse per se motum. quid autem est per se
