2462 3705
511 244 2318 314 motum, non est nisi corpus. ergo &c. Quia vero teneat conversionem fieri in aliam formam arguitur: quia cum vt
520 296 2309 366 prius tenet quod fiat conuersio in corpus, non tenet quod fiat in aliquae quam in id quid vere possit dici corpus, & quid
522 349 2309 414 vere est corpus. sed non est vere corpus sola materia: quia verum corpus in quod sit conuersio est corpus quid
518 411 2305 475 est substantia, non eni sit conuersio in ipsas dimensiones panis: quia manent & constituunt corpus quid est quantitas
521 468 2310 520 corpus autem quid est substantia, cum sit aliquid vt species in genere substantiae, non est nisi ab aliqua for
518 513 2305 577 ma substantiali, quam non tenet ecclesiae vsus quod sit anima rationalis: quia ipsa ponitur ibi esse per concomitan
527 558 2312 623 tiam sicut & deitas Christi, non autem esset conuersio in verum corpus nisi esset in id quod substantialiter.
528 612 2313 678 dat esse corporeum. ergo &c. Quin conuersio substantiae panis secundum materiam & formam suam substantia.
517 665 2313 730 lem fiat vt & materia & forma eius substantialis conuertantur: de hoc nulla est dubitatio: quia omnes tenent &
524 720 2309 784 semper in sancta ecclsia tenuerunt. Sed dubitatio est ex parte eius in quod debet fieri conuersio. & hoc quem
517 774 2306 845 admodum quaestio proposita est: non vtrum fiat conversio in vnum dictorum trium: quid est quaestio quasi iuris: sed
526 834 2304 898 quid tenet secundum vsum suum & dicta sanctorum super hoc ecclsia: quid est quaestio facti. Sed in idem redit: quia
526 886 2302 949 cum ecclesia non erret in eo quod tenet: tenet quod in id sit conuersio, in quod sit secundum rei veritatem: & in ta-
524 935 2306 1006 le quid quod secundum veritatem est: & quod debet dici & quid recta ratio debet iudicare esse verum corpus. Sed
534 994 2312 1056 quia iudicium rectae rationis super hoc ex se non est certum & notum: ideo proposita est quaestio de vsu ec-
534 1043 2305 1110 clesiae & dictis sanctorum supe hoc: ex quibus tanquam ex auctoritatibus illud magis certum nobis esse potest, quam
529 1108 2316 1170 argumentis secundum rationem formatis: quae frequenter apparentia sunt vbi vera esse creduntur. Et ideo
527 1151 2307 1217 magis est nobis securum in hoc & velte in eis quae sunt fidei, auctoritati inhaerere quam rationi: dicente Au-
536 1211 2314 1279 gust. in principio de moribus ecclsiae. Quia caligantes hominium mentes perspicuitati sinceritatique rationis aspectum
534 1264 2312 1324 adoneum intendere nequeunt, saluberrime comparatum est vt in lucem veritatis aciem titubantem inducat au
530 1315 2324 1382 ctoritas. & infra. Confugiendum est igitur ad eorum praecepta quos sapientes fuisse probabile est. Ex dictis ergo il e
535 1368 2306 1431 lorum, quos probabile est fuisse sapientes, quid de hoc tenendum sit ad praesens inuestigandum est. illis em ad
534 1419 2315 1484 haerendum est. Quod si ex dictis illorum clarescere non possit perspicue: quousque eccliae auctoritate super hoc aliquid
539 1470 2317 1537 certi definitum fuerit, vel doctorum discussionibus inuestigatum: in quodam generali & indistincto standum est
538 1525 2309 1592 quod scilicet conuersio fiat in id quid est verum corpus Christi, quidcumque sit illud, siue a forma, siue non, siue a qua
534 1576 2312 1643 forma. Definire enim in eis quae sunt fidei, vbi nec ecclesiae, nec sapientium auctoritas, nec ratio perspicua de
537 1640 2315 1697 finiuit: periculosum est: quia si falsum esset definitum & pertinaciter defensum haereticum esset. Sed
540 1686 2318 1749 tale periculum maxime continget appropinquante tempore Antichristi: quando non dicetur expresse Christiano
540 1737 2312 1801 nega Christum, sicut dictum fuit ei tempore martyrum: sed inducetur ad credendum aliquid contra Christum: in
546 1797 2310 1864 quo quasi non recedendo a Christo, implicite negat Christum. Vt enim dicit Leo papa in sermo. vi. de Epi-
541 1847 2312 1918 phania, aduersarius qui in apartis persecutionibus inefficax fuit, tecta nocendi arte desaeuit. Sed quia prior
537 1906 2309 1967 tempestas turbinum conqueuit: & quaedam videtur arridere tranquillitas: vigilanter cauenda sunt illa discri-
536 1947 2305 2021 mina quae de otio ipsius pacis oriuntur. & hoc nostris temporibus. dicente Augustinus in originali super psal.
543 2010 2314 2067 xxxix. in principio. Sparsus est sanguis iustus: consequens est tempus simulationis. Hostis ille tunc leo fuit
542 2056 2311 2127 cum apate saeuiebat: modo draco est cum occulte insidiatur: & magis metuendus est cum sallit: quam cum saeuit. Illo
547 2113 2310 2175 tempore cogebat christianos negare Christum: isto autem tempore docet christianos negare Christum. Vi
541 2168 2317 2235 debatur tunc fremens: lubricus nunc. Difficile videtur docens negare Christum quasi non videatur recedere a Chri-
546 2217 2308 2284 sto. Reuera post tempora martyrum nulli dictum est nega Christum: sed dictum est ab aliquibus, dic Chri-
548 2278 2310 2350 stum non esse nisi verbum & carnem praeter animam omnino, vel praeter intelligentiam. dicente Augustinus super psal. xxix
548 2327 2317 2387 Apollinaristae dixerunt hominem quem suscepit sapientia dei non habuisse mentem humanam: sed tantum animam sine
549 2384 2310 2444 intelligentia humana: sed ipsum verbum dei erat in illo homine pro mente. Exclusi sunt isti. Non de
555 2430 2313 2494 fuerunt alii qui dicerent illum hominem non habuisse nec animam: sed tantum dixerunt verbum & caro erat: & anima
552 2490 2315 2555 ibi non erat: & ecclesia catholica expellit eos. Confirmatum est in catholica fide hominem illum quem suscepit
549 2541 2316 2601 sapientia dei nihil minus habuisse quam caeteri homines, quantum pertinet ad integritatem naturae. Per quid Augus.
546 2599 2322 2662 aparte exprimit quod istos ecclesia repulit qui Christum aliquid minus quam caeteri homines, quantum pertinet ad in
554 2656 2326 2724 tegritatem naturae humanae, habuisse dixerunt: in hoc consentiendo, quod singula horum Christo inesse putanda
553 2704 2329 2767 sunt secundum humanitate scilicet caro & anima habens intelligentiam: in quo per dei gratiam nunc omnes consentiunt. Sed
558 2757 2318 2824 vlteriores opiniones nfis temporibus ortae sunt: praetacte scilicet in argumentis: vt inam non etiam pariculosae quo ad
549 2825 2320 2875 aliquas illarum. Quarum duae dicunt quod de integritate hominis non sunt nisi duae nature. scilicet materia & anima huma-
555 2866 2322 2931 na: licet inter se differant in hoc quod vna dicit hominem non dici corpus ex aliquam forma substantiali. Alia ve-
551 2911 2320 2985 ro dicit quod ex anima humana dicatur quicquid de in esse formali. Tertia vero dicit quod de integritate hominis sunt tres
550 2967 2321 3046 natura. scilicet materia, &e forma substantialis corporeitatis educta de potentia materiae opere naturae, & anima ratio
556 3026 2314 3089 nalis ab extriseco adueniens. In quae timendum est ne illi minus aliquid quam opertet: aut isti plus Christo attribuant
554 3079 2310 3164 quam ad integritatem humanae naturae pertineat. In quibus aliquod existit periculum consimile quoquo mo-
