2356 3673
101 236 1837 333 Existentia vero carnis in ipso verbo per dei genitricem. Et libro iiii. cap. v. Virginis puros & imma-
105 320 1841 385 culatos sanguines sibi ipsi visceraliter carnem. substituit. Corpus enim vnitum est diuinitati: quid ex vir-
101 374 1846 445 gine corpus. De quo generalius loquens Boetius dicit de duabus naturis. cap. vi. Post primum homi
110 436 1842 501 nem caro omnis humana ex humana carne deducitur. Vnde differentem modum productionis ho
108 482 1844 551 minis primi secundum corpus & secundum animam explicat scriptura: cum dicit Gen. i. Formauit homi
108 535 1846 605 nem de limo terrae, hoc quo ad corpus. Et inspirauit in faciem eius spiraculum vitae, hoc quo ad ani
104 597 1834 654 mam. Quod exponens Ambrosur. super illud Beati immaculati. Manus tuae domine fecerunt me & plasma-
109 640 1843 710 uerunt me. dicit. Hic ergo homo geminae substantiae est. Alia enim est facta substantia: alia figurata
114 695 1841 760 Et vt dicit Augustinus. vi. libro super Gen. ad literam. visibiliter in corpore, inuisibiliter in anima:
109 757 1845 816 constans ex anima & corpore. Vnde & Eze. propheta. xxxvii. capuia loquens de corporum reparatione in
116 801 1850 867 gloriosa resurrectione, vt dicit Glos. dicit. Accesserunt ossa ad ossa vnumquodque ad iuncturam suam: &
113 865 1843 920 ecce super ea carnes & nerui ascenderunt: & extensa est in eis cutis desuper: & spiritum non habebant.
109 906 1847 967 Glos. lacebant tantum humana corpora non habentia spiritum. Et super illud quod sequitur. Et ingressus
107 961 1850 1028 est in ea spiritus, & vixerunt. Glos. Vt quomodo in prima productione hominis sufflauit deus in faciem
111 1016 1847 1079 eius, & factus est homo in animam viuentem: sic & secunda conditio. i. resurrectio mortuorum insufflan-
116 1075 1857 1136 te spiritu viuificetur. Exercitus grandis. i. congregatio mortuorum. Ecce quod in primi hominis crea
119 1122 1848 1183 tione: & in vltima omnium reparatione describat scriptura aliam corporum formationem quam per anima
116 1173 1846 1236 rum coniunctionem. de quo Ambro. super illud. Manus tuae domine fecerunt me. Accepit deus pul-
106 1229 1854 1281 uerem de terra: & plasmauit hominem: vbi puluis, ibi plasmatio: quod de limo est resuscitatur. terra
114 1279 1852 1342 enim in terram redit. Sed forte dicet aliquis quod homo est ex corpore & anima: non quod corpus sit ali
116 1333 1854 1396 quid seorsum ab anima nisi ratione materiae: sed quod corpus sit aliquid ratione eius quid est forma qua
108 1391 1850 1448 est corpus. & hoc non est nisi ab anima. Per hunc enim modum asinus potest dici esse compositus ex
113 1438 1842 1495 anima & corpore: quia etiam de anima bruti dicitur in secundo de anima: quod ipsa est actus corporis. Com-
114 1485 1839 1557 stat autem quod ipsum est compositum ex actum & eo cuius est actus. Quod videtur sensisse Augustinus
104 1544 1842 1599 etiam de anima rationali: vbi dicit in fine de immortalitate animae. Anima non localiter iungitur sum
115 1597 1844 1660 mis illis aeternis rationibus prior quam corpus: quanto etiam corpore melior, nam ista propinquitas non
114 1650 1848 1713 loco sed naturae ordine dicta sit. Hoc autem ordine intelligitur a summa essentia species corpori per
111 1703 1840 1768 animam tribui, qua est in quantuncumque est. Per animam ergo corpus subsistit: & eo ipso est quo anima
118 1763 1843 1826 tum: siue vniuer saliter vt mundus: siue particulariter vnumquodque animal intra mundum. & in-
112 1810 1846 1865 fra. Manente quippe anima corpus per illam subsistit dantem speciem non adimentem. & infra. Tradit enim
115 1856 1844 1927 speciem anima corpori vt sit corpus inquantum est. & infra. Quia non nisi traditione speciei sit corpus
115 1920 1849 1984 per animam. & infra. Corpus enim nuilum fit nisi accipiendo per animam speciem. Quod totum plene re
116 1968 1847 2033 tractat explicando quod non erat de intentione sua esse corporeum in homine esse ab anima: licet aliquando
113 2023 1851 2081 hoc ei visum fuit. Sic enim dicit in libro retractationum: retractando iam dicta a se in libro de immorta
114 2075 1854 2132 litate animae. Illud temere dictum est: a summa essentia speciem corpori per animam tribui qua est
113 2129 1849 2188 inquantum est. Per animam ergo corpus subsistit: & eo ipso est quo animatur: siue vniuersaliter vt mun
118 2180 1852 2237 dus, siue particulariter vt vnumquodque animal intra mundum. Hoc totum prorsus temere dictum est.
119 2233 1848 2296 Quia si sic: ergo contrarium discrete dictum est: corpori speciem non per animam tribui qua est inquantum
113 2292 1851 2351 est: et quod non per animam subsistit inquantuncumque corpus: & quod non eo est inquantum corpus quo animatur: & caete
114 2339 1847 2396 ra huiusmodi. Et hoc intellexit Augustinus procul dubio retractando hoc generaliter tam de anima mundi quam po
117 2395 1857 2452 suit Plato, quam de anima hominis. sed de anima hominis solummodo quo ad hoc quod dicit eam corpori
118 2451 1845 2503 dare esse corporeum. De anima vero mundi quo ad hoc idem: & quo ad hoc quod videtur asserere quod mundus
117 2497 1848 2567 habet animam: sed hoc non quia sentiret hoc esse falsum. Sed quia non certitudinaliter nouit hoc esse verum
116 2553 1852 2615 secundum quod retractationem hanc quo ad illam clausulam. Siue vniuersaliter vt mundus, exponit in libro retra
119 2607 1839 2663 ctationum: retractando quaedam dicta in libro Musicae, dicit sic. Animal esse istum mundum sicut Plato sensit
114 2663 1839 2726 aliique philosophi plurimi: nec ratione certa indagare: nec diuinarum scripturarum auctoritate persuaderi posse
117 2716 1836 2777 cognoui. Vnde tale aliquid a me dictum quo id accipi possit, etiam in libro de immortalitate animae teme-
113 2757 1840 2826 re dictum notaui: non quia falsum hoc esse confirmo: sed quia nec verum esse comprehendo quod sit animal
109 2815 1841 2878 mundus. Vnde quia dictae clausulae retractationem factam in libro de immortalitate animae exposuit
120 2872 1843 2926 alia autem retractata ibidem de eo quod dixit animam humanam dare esse corporeum: omnino non exposuit: nec
109 2926 1847 2987 super eam reuersus est: cum tamen aeque occasionem habuit reuertendi super vnum sicut supra alterum, vt patet ex
113 2987 1851 3039 eis quae de proximo praecedunt iam dicta: clarum est & dilucidum quod retractationem illam quo ad dicta de anima
116 3028 1854 3091 hominis omnino ratam habuit: nec eam in aliquo exponendam putauit. Quid dico propter aliquos illud dictum iam
109 3081 1867 3151 Non quia hoc falsum confirmo, volentes retorquere etiam ad retractationem dictam de anima hominis, quod
