2344 3673
110 216 1849 292 ctionem aut vltimatam corruptionem neque dispositionem ad quam statim sequitur necessario actus putre-
107 280 1851 339 factionis: aut aptus est sequi. Et sic ponere quod talis forma sic ponitur conseruari, nullo modo est pone-
116 335 1840 394 re quod forma aliqua ponatur in suo proprio possibili sine propria operatione. quod necessario sequeretur si prae-
116 388 1838 457 dicta forma putredinis superinducta poneretur: quia illa forma non est nata dare esse materiae: neque conserua
108 448 1845 504 re eam aut compositum ex ipsa & materia: nisi vt est in via ad putrefactionem & vltimatam corruptionem
118 497 1847 566 quam statim & necessario consequitur actus. Et sic ponendo quod corpus est homo a dicta forma, saluatur quod
114 549 1838 613 idem Corpus Christi erat viuum & mortuum, manens omnino idem & incorruptum. ldem dico non solum secundum
121 602 1845 661 rationem diuini suppositi: sed secundum rationem formae naturalis. Quod non potest saluari ponendo quod homo
121 655 1849 717 dicatur corpus ab anima rationali: quia hoc ponens non potest saluare corpus Christi non fuisse corruptum
119 706 1839 768 secundum vera rationem corporis. In quo illam positionem quod corpus in homine dicatur a partibus materiae extra
119 761 1847 821 partes, commendaui comparatiue respectu alterius positionis quae dicit quod corpus in homine dicitur ab anima rationa
115 812 1856 876 li: Et hoc quo ad articulum de corporis Christi incorruptione: cui non est contrarium illum eundem articulum
119 864 1849 935 postmodum improbare simpliciter: maxime quia in illa quaestione nullam dictarum trium positionum conmenda
121 917 1849 991 ui nisi comparatiue: sed nullam earum absolute tenui aut sustinui sicut patet inspicienti. Sic igitur vt mihi
123 972 1843 1032 videtur clarum est: quod secundum dicta sanctorum homo Christus sicut & caeteri, est ex corpote & anima, corpo
119 1026 1848 1089 re existente seorsum aliquid ab anima: non ratione materiae tantum & pertium eius existentium extra partes: sed est ratione
119 1079 1847 1146 formae substantialis corporeitatis, alterius a forma quae est anima. Quali modo non potest dici asinus composi
123 1133 1851 1198 tus ex corpore & anima: quia in ipso non est corpus aliquid seorsum ab anima nisi ratione materiae. sed quod est
121 1183 1845 1243 corpus, hoc non est nisi a forma: quae est ipsa anima bruti. Vnde quemadmodum materia nuda se habet ad ani
118 1237 1842 1299 mam bruti: sic materia sub forma corporeitatis siue ipsum corpus simpliciter ad animam hominis. est enim
123 1293 1847 1353 vtrumque eorum potentia vitam habens abiiciens animam: siue a quo anima dans esse est ablata per intellectum. Dicum
121 1342 1841 1407 tur enim ambo potentia vitam habentia quemadmodum semen habet potentiam vt viuat. Corpus autem organi-
116 1392 1836 1457 cum in vtrisque eodem modo se habet ad animam vtramque. Est enim in vtrisque quod organicum est potentia vitam ha-
113 1449 1840 1506 bens non abiiciens animam. Dicitur enim in vtrisque quid organicum est potentia vitam habens: quia habet iam animam qua
116 1500 1840 1566 agat: & patiatur. sed in illo tempore quo dicitur potentia vitam habens: nec agit nec patitur: sed est sicut animal
115 1556 1846 1617 dormiens. Et dicitur in potentia, in tempore in quo non agit: cui respondet actus secundus egrediens ab actu
120 1604 1846 1672 primo qui est anima: vt non sit hoc modo aliquid habens vitam in potentia nisi actu animatum anima: quae est princi
120 1666 1836 1728 pium secundorum actuum vitae: quos respicit illa potentia. Et est differentia in essendo animam actum corpo
122 1718 1833 1781 ris organici in bruto & in homine, quo ad duo. Primo quia anima bruti non solum est forma & actus cor
119 1766 1839 1836 poris organici secundum quod est organicum: dans organico inquantum est organicum, esse organicum: inclu-
117 1829 1835 1887 dendo substantiam animae in ratione organici corporis: sed etiam forma & actus corporis simpliciter:
118 1871 1837 1938 secundum quod est mixtum absolute. sed secundum aliam & aliam intentionem: quia est forma & actus corporis simpli-
115 1926 1844 1982 citer vt est mixtum, ratione qua est forma simplex habens vim formae mixti: immo vere existens for-
115 1978 1841 2034 ma mixti. Est vero forma & actus corporis organici: ratione qua est forma quae est anima. & est illa
113 2028 1846 2102 intentio prior & imperfectior: ista vero posterior & perfectior. Vnde & includit: illam in eodem simplici
109 2086 1848 2147 secundum rem. Sed illa persectior distinguitur in duas, quia secundum intentionem vegetabilis est perfectio orga
116 2138 1842 2196 nici nutritiui inquantum nutritiuum est: secundum vero intentionem sensitiui est perfectio organici sensiti-
107 2190 1846 2244 ui: nec habet vlteriorem intentionem. Et secundum hoc habet anima talis tres intentiones: quarum vltima in
125 2241 1839 2295 cludit alias in eodem: & habet eas secundum idem simplex in re. Sed aliae duae stant in planta fine ter-
121 2295 1845 2360 tia: & prima stat in lapide sine aliis. Anima vero hominis non est forma & actus corporis simplici-
113 2349 1844 2412 ter secundum quod est mixtum: sed tale est ab alia forma secundum praedicta: in qua convenit cum lapidibus: sed est so-
119 2401 1848 2455 lum forma & actus corporis organici secundum quod est organicum, dans ei esse organicum: includendo substan-
112 2455 1843 2518 tiam animae in ratione corporis organici. sed secundum duas intentiones: quia secundum rationem siue intentionem vegetabilis est
115 2506 1841 2575 perfectio organici nutritiui inquantum nutritiuum est: in quo convenit homo cum plantis. secundum vero intentionem
112 2561 1834 2623 sensitiui est perfectio organici sensitiui. Et hoc non solum secundum substantiam animae: sed secundum potentias organi-
109 2614 1835 2681 cas consimiles in hoc potentiis organicis brutorum. Sed habet vlteriorem intentionem scilicet rationabilem siue intellectu
115 2666 1841 2720 alem: secundum quam est perfectio hominis inquantum homo est: & corporis organici vt hominis est. et hoc secundum substantiam
116 2719 1838 2786 sed non secundum eius potentiam: quia potentia ista separata est non organica: quia habet operationem intelligendi non vt in
110 2768 1845 2839 organo existens: quod perficit potentia illa: quemadmodum potentia visiua perficit oculum: licet indigeat organis
102 2822 1846 2877 sensitiuis & eorum operibus ad suam operationem. Vnde quo ad rationem vegetabilis & sensibilis, definitio illa Aima
108 2879 1847 2937 est actus corporis organici potentia vitam habentis, omnino vniuoce conuenit animae hominis & bruti: inquantum anima
108 2929 1842 2985 hominis perficit secundum rationem vegetabilis & sensibilis. Licet enim ista educta est de potentia materiae: & substan
112 2982 1847 3045 tialiter extensa secundum eius extensionem: illa vero nequaquam: hoc non refert ad rationem actus. secundum enim omnem eundem
108 3045 1845 3122 modum & eandem rationem anima hominis & anima bruti perficiunt corpus organicum secundum rationem vegetabilis & sensibilis
