2452 3715
510 182 2281 285 ita quod non aliter anima perficit modo secundum has rationes, quam si esset educta de potentia materiae. Inquan
516 274 2287 336 tum vero anima hominis perficit secundum rationem rationalis siue intellectualis: licet quantum ad naturam sub-
512 327 2280 400 stantiae animae vniuoce perficit semper: quantum tamen ad rationem ipsius potentiae rationalis, pure aequiuoce
516 380 2287 452 perficit cum aliis potentiis. Et ideo dicit Commnen. post principium super secundum de anima. Si possibile est defini
520 438 2286 490 ri animam definitione in vniversal, nulla definitio est magis vniversalis quam ista: nec magis conueniens substantiae animae.
514 488 2278 560 Et induxit hunc sermonem sub forma dubitationis cum dixit. Si igitur aliquod vel dicendum est in omni
522 542 2286 612 anima, dicemus quod est prima perfectio corporis naturalis organici. excusando se ab aequiuocatione accidem
517 594 2290 666 te in partibus huius definitionis. Perfectio enim in anima rationali & in aliis virtutibus animae, fere dicitur pura
520 649 2280 713 aequiuocatione. quoniam vt dicit inferius, non latet: sed manifestum est ex hac definitione: quod impossibile sit quod
512 703 2280 769 anima sit abstracta a corpore, aut secundum omnes partes, aut secundum aliquam eius. Apparet enim quod quaedam eius virtutes
515 757 2284 825 sunt perfectiones partium corporis. secundum quod formae naturales perficiuntur per materiam. & tale impossibile est vt
522 810 2277 877 sit abstractum ab eo per quod perficitur. Sed hoc non est manifestum in omnibus partibus eius: cum sit possibile vt aliquis
524 859 2271 918 dicat quod quaedam pars eius non est perfectio alicuius membri corporis. Et in hoc solo restat: quod definitio praedicta
524 918 2277 983 sit pure aequiuoca. Propter quod dixit fere. Nos autem qui ponimus quod anima secundum suam substantiam est forma
526 966 2272 1039 & actus corporis: multo maiorem necesse habemus ponere vniuocationem quam posuit Auer. Et licet in
525 1025 2278 1091 homine sint duae formae secundum praedeterminatum modum: quia tamen vna perficit secundum rationem corporis simpliciter: alia
518 1074 2277 1143 secundum rationem organici: et sic perfectio ab vna materialis est respectu perfectionis ab alia: ideo vere vnum na
526 1133 2272 1199 turale compositum est homo ex corpore organico: vt est brutum: in quo non est nisi vnica forma. & hoc
532 1183 2278 1244 ab vnitate formae vltimae: quia compositum ex materia & forma praecedens non est aliquid in actu perfecto re
522 1236 2275 1297 spectu formae vltimae: sed solum in potentia sicut materia. Aliter enim compositum non diceretur vnum: sicut
524 1291 2275 1361 non diceretur vnum compositum ex materia & vnica forma, si materia esset aliquid in actu in composito: nisi
522 1341 2282 1404 sicut dicuntur vnum illa quae sunt vnum per contactum & ligamen. Nunc autem quia quid est materia respectu animae
521 1397 2283 1453 in homine: licet in se sit compositum: non comperatione ad ipsam nisi sicut materia ad formam: ideo compositum quod est
524 1451 2275 1519 homo non dicitur vnum nisi quia sua forma vltima est vna. Propter quod non est proprie dicendum quod homo est
520 1504 2270 1570 corpus & anima: nec quod est anima vtens corpore: sed quod est vere compositum naturale ex corpore & anima: vt ex
521 1557 2276 1627 materia & forma. quae licet non dat esse corporis secundum quod est corpus simpliciter: dat tamen esse
529 1612 2273 1670 corporis secundum quod est organicum: vt patet ex determinatis. Vnde Augustinus quando dixit in libro de immor
529 1663 2273 1720 talitate animae, speciem corpori per animam tribui qua est in quantuncumque est: per animam ergo subsistit: & eo
517 1718 2268 1784 ipso est quo animatur, & caetera huiusmodi: procul dubio verum dicit loquendo de corpore sub ratione qua est or
521 1771 2270 1841 ganicum: quia ipsa anima dat esse organicum: nec ipsum est abiiciens animam, vt dictum est. Falsum autem est loquendo
522 1840 2280 1894 de corpore sub ratione quaest corpus simpliciter, vt patet ex dictis. Et quia Augustinus sup hoc nihil distin
522 1891 2272 1950 xerat in libro de immortalitate anime: ideo retractando dixit totum illud temere esse dictum: maxime respiciendo
516 1935 2270 1997 ad illud quod dixit, inquantuncumque est. Quo proculdubio implicauit quod anima homini dat speciem & esse corpori
517 1985 2279 2040 secundum quancumque rationem in esse corporis consideratur: quid non est verum vt dictum est propter quod illud bene indi-
521 2040 2274 2108 guit retractatione. Ex quibus soluitur argumentatio aliquorum dicentium quod si anima hominis non perficeret hominem
522 2092 2277 2158 secundum quod est corpus simpliciter: sed alia forma quae non est anima educta de potentia materiae, duplex inconue-
515 2154 2276 2220 niens & impossibile sequitur. Vnum: quod tunc corpus simpliciter in homine non possit nutriri aut augeri: quia nu-
514 2196 2278 2269 tritum & augmentatum agit in nutrimentum sua forma: ipsum in se convertendo, in fine faciendo simile quod in princi
530 2262 2270 2324 pio est contrarium: secundum philosopum secundo de anima, & primo de generatione. Forma autem dicta puta caro. Vnde ca
517 2321 2268 2376 ro cum non est anima: sed mixtum simpliciter: ista nullo modo habet agere actiones nutritionis & augmenti: quia
522 2360 2271 2418 non sunt actiones formae nisi quae est anima. secundum philosopum secundo de anima. Aliud vero: quod cum omnis forma quae est anima no
516 2406 2280 2483 bilior est quam illa quae non est anima: sicut & viuens non viuente: & forma qua brutum est corpus simpliciter &
520 2465 2275 2534 mixtum, est anima si in bruto non sit ponere gradus formarum. Forma vero qua homo est corpus simplici-
521 2523 2265 2591 ter & mixtum: non est anima nec dans vitam. Nobilius ergo mixtum est corpus bruti quam corpus hominis. ET est
525 2573 2265 2645 dicendum ad primum quod sicut in bruto materia in nutritione & augmento non agit neque ratione sui: neque
515 2631 2270 2695 ratione formae bruti: secundum quod dat esse mixti: licet nutritio non habet esse in ipso: aut augmentatio:
522 2683 2275 2751 nisi per conversionem in ipsam principaliter. secundum quod est aliquid in forma mixti: licet principaliter agit or
524 2744 2273 2807 ganicum forma sua secundum rationem vegetabilis: quae secundum substantiam & secundum potentiam vegetabilis est actus to
521 2798 2270 2860 tius mixti: quid secundum quod mixtum, in potentia est ad vegetabile in planta & in bruto: licet non secundum aliam for
521 2855 2261 2908 mam: secundum rationem tamen alterius intentionis & potentiae perfectibilis ab eadem forma: & per hoc nutritionem &
516 2904 2265 2966 augmentum recipit corpus vt mixtum est in planta & in bruto: non tamen agendo forma mixti: secundum quod praecise
514 2949 2267 3007 est mixti: sic dico in proposito, quod licet in homine in nutritione & augmentatione non agit forma mi-
512 3008 2261 3072 xti educta de potentia materiae: quamuis in ipsum principaliter habet fieri conversio nutrimenti quo sit nu
508 3066 2261 3143 tritio & augmentum: quia tamen fora hominis quae anima est, pm suam substantiam & potentiam siue intentionem vegetabil, est per-
