<?xml version="1.0" encoding="UTF-8" standalone="yes"?>
<PcGts xmlns="http://schema.primaresearch.org/PAGE/gts/pagecontent/2013-07-15" xmlns:xsi="http://www.w3.org/2001/XMLSchema-instance" xsi:schemaLocation="http://schema.primaresearch.org/PAGE/gts/pagecontent/2013-07-15 http://schema.primaresearch.org/PAGE/gts/pagecontent/2013-07-15/pagecontent.xsd">
    <Metadata>
        <Creator>prov=University of Rostock/Institute of Mathematics/CITlab|PLANET AI GmbH/Gundram Leifert/gundram.leifert@planet-ai.de:name=Badius1518-m3(htr_id=20265)::::v=2.6.6
prov=University of Rostock/Institute of Mathematics/CITlab|PLANET AI GmbH/Tobias Gruening/tobias.gruening@planet-ai.de:name=de.uros.citlab.module.baseline2polygon.B2PSeamMultiOriented:v=2.6.6
prov=University of Rostock/Institute of Mathematics/CITlab|PLANET AI GmbH/Tobias Gruening/tobias.gruening@planet-ai.de:name=/net_tf/LA73_249_0mod360.pb:de.uros.citlab.segmentation.CITlab_LA_ML:v=2.6.0
Transkribus</Creator>
        <Created>2019-12-09T23:46:22.832+01:00</Created>
        <LastChange>2020-04-17T19:32:46.553+02:00</LastChange>
        <TranskribusMetadata docId="291873" pageId="11634376" pageNr="113" tsid="27825379" status="DONE" userId="25065" imgUrl="https://files.transkribus.eu/Get?id=GEBTTCIOYGLANYGALAUPWPKC&amp;fileType=view" xmlUrl="https://files.transkribus.eu/Get?id=NVGMGVITOROBGPCRDHJSPTTF" imageId="8013417"/>
    </Metadata>
    <Page imageFilename="112.jpg" imageWidth="2470" imageHeight="3785">
        <ReadingOrder>
            <OrderedGroup id="ro_1587600599846" caption="Regions reading order">
                <RegionRefIndexed index="0" regionRef="TextRegion_1580605776811_578"/>
            </OrderedGroup>
        </ReadingOrder>
        <TextRegion orientation="0.0" id="TextRegion_1580605776811_578" custom="readingOrder {index:0;}">
            <Coords points="237,381 2000,378 2006,3289 237,3291"/>
            <TextLine id="r2l2" custom="readingOrder {index:0;}">
                <Coords points="235,456 1942,446 2005,435 2005,361 235,379"/>
                <Baseline points="245,431 332,429 420,427 507,426 595,425 682,424 770,424 857,424 945,424 1032,424 1120,424 1207,425 1295,425 1382,425 1470,426 1557,426 1645,426 1732,426 1820,426 1907,426 1995,425"/>
                <TextEquiv>
                    <Unicode>punctus &amp; vnitas. Vnde dicit philosophus in. ii. metaph. Eorum quae non diuiduntur secundum quantitatem illud quod non di-</Unicode>
                </TextEquiv>
            </TextLine>
            <TextLine id="r2l3" custom="readingOrder {index:1;}">
                <Coords points="230,498 1961,502 2003,436 230,456"/>
                <Baseline points="241,484 328,482 416,480 503,479 591,479 678,478 766,478 853,478 941,478 1028,479 1116,479 1203,480 1291,481 1378,481 1466,481 1553,482 1641,482 1728,481 1816,481 1903,480 1991,478"/>
                <TextEquiv>
                    <Unicode>uiditur omnino, nec habet situm, dicitur vnum: &amp; quod non diuiditur omnino &amp; habet situm, dicitur punctus. Iuxta quid di- </Unicode>
                </TextEquiv>
            </TextLine>
            <TextLine id="r2l4" custom="readingOrder {index:2;}">
                <Coords points="230,551 1763,559 1996,544 1996,489 230,498"/>
                <Baseline points="241,541 328,537 415,535 502,533 589,531 677,530 764,530 851,530 938,530 1025,531 1113,532 1200,533 1287,534 1374,535 1461,535 1549,536 1636,536 1723,536 1810,535 1897,534 1985,533"/>
                <TextEquiv>
                    <Unicode>cit &amp; in libro Posteriorum: quod punctus est substantia posita: vnitas vero est substantia non posita. &amp; secundum </Unicode>
                </TextEquiv>
            </TextLine>
            <TextLine id="r2l5" custom="readingOrder {index:3;}">
                <Coords points="231,605 1913,612 2003,554 230,551"/>
                <Baseline points="242,596 329,592 417,589 504,587 592,586 679,585 767,584 854,584 942,584 1029,585 1117,586 1205,586 1292,587 1380,588 1467,589 1555,589 1642,589 1730,589 1817,588 1905,587 1993,585"/>
                <TextEquiv>
                    <Unicode>hoc vnitas inquantum vnitas multo maioris est simplicitatis quam sit punctus, &amp; per consequans quantitas discre</Unicode>
                </TextEquiv>
            </TextLine>
            <TextLine id="r2l6" custom="readingOrder {index:4;}">
                <Coords points="228,656 1933,667 1990,599 228,606"/>
                <Baseline points="239,647 326,645 413,643 500,642 587,641 674,640 761,640 848,640 935,640 1022,640 1109,640 1196,641 1283,641 1370,642 1457,642 1544,642 1631,643 1718,643 1805,643 1892,643 1979,643"/>
                <TextEquiv>
                    <Unicode>ta simplicior est in natura quam continua. &amp; ideo certiores sunt demonstrationes arithmeticae quam geo-</Unicode>
                </TextEquiv>
            </TextLine>
            <TextLine id="r2l7" custom="readingOrder {index:5;}">
                <Coords points="237,720 1856,722 1996,709 1996,648 237,658"/>
                <Baseline points="247,700 333,698 420,697 507,696 594,695 681,694 768,694 855,693 942,693 1029,693 1116,694 1202,694 1289,694 1376,695 1463,695 1550,696 1637,696 1724,697 1811,697 1898,697 1985,697"/>
                <TextEquiv>
                    <Unicode>metricae. secundum quod dicitur in primo metaphysicae. Certissimae scientiarum maxime primarum sunt quae aut ex mi</Unicode>
                </TextEquiv>
            </TextLine>
            <TextLine id="r2l8" custom="readingOrder {index:6;}">
                <Coords points="234,770 1980,762 2000,713 234,720"/>
                <Baseline points="245,753 332,751 419,749 506,748 593,747 681,747 768,746 855,746 942,747 1029,747 1117,747 1204,748 1291,748 1378,749 1465,750 1553,750 1640,750 1727,751 1814,751 1901,750 1989,750"/>
                <TextEquiv>
                    <Unicode>noribus certiores sunt his quae ex appositione dicuntur, vt arithmetica, geometria. &amp; ideo arithmetica de</Unicode>
                </TextEquiv>
            </TextLine>
            <TextLine id="r2l9" custom="readingOrder {index:7;}">
                <Coords points="232,821 1901,831 2000,809 2000,761 232,770"/>
                <Baseline points="243,807 330,804 417,803 504,802 592,801 679,800 766,800 853,800 941,800 1028,800 1115,801 1202,801 1290,802 1377,802 1464,803 1551,803 1639,804 1726,804 1813,804 1900,803 1988,803"/>
                <TextEquiv>
                    <Unicode>monstratio descendit in geometricam inquantum magnitudines numeri sunt, vt dicitur libro posteriorum. Vni-</Unicode>
                </TextEquiv>
            </TextLine>
            <TextLine id="r2l10" custom="readingOrder {index:8;}">
                <Coords points="239,878 1785,881 2000,866 2000,809 239,821"/>
                <Baseline points="249,861 336,859 423,857 510,856 597,855 684,855 771,854 858,854 945,854 1032,854 1119,855 1206,855 1293,855 1380,856 1467,856 1554,857 1641,857 1728,858 1815,858 1902,858 1989,858"/>
                <TextEquiv>
                    <Unicode>tas ergo inquantum vnitas ex ratione simplicitatis suae qua excedit punctum si ipsa in aliquo est separata a ratione</Unicode>
                </TextEquiv>
            </TextLine>
            <TextLine id="r2l11" custom="readingOrder {index:9;}">
                <Coords points="236,939 1989,925 1989,868 236,880"/>
                <Baseline points="247,915 333,913 420,911 506,909 593,908 680,908 766,907 853,907 939,907 1026,908 1113,908 1199,908 1286,909 1372,910 1459,910 1546,911 1632,911 1719,911 1805,911 1892,911 1979,911"/>
                <TextEquiv>
                    <Unicode>puncti: cum punctus non determinat sibi situm in corporali magnitudine nisi ratione suae compositionis qua exceditur</Unicode>
                </TextEquiv>
            </TextLine>
            <TextLine id="r2l12" custom="readingOrder {index:10;}">
                <Coords points="235,989 1981,982 1999,914 235,937"/>
                <Baseline points="247,967 334,966 421,965 508,964 595,963 682,962 769,962 856,962 943,962 1030,962 1118,962 1205,962 1292,962 1379,962 1466,963 1553,963 1640,963 1727,964 1814,964 1901,964 1989,965"/>
                <TextEquiv>
                    <Unicode>ab vnitate qua est separata a ratione puncti, omnino propter conditionem suae simplicitatis nullo modo sibi determi</Unicode>
                </TextEquiv>
            </TextLine>
            <TextLine id="r2l13" custom="readingOrder {index:11;}">
                <Coords points="230,1038 1849,1045 1996,1030 1996,979 230,989"/>
                <Baseline points="241,1021 328,1019 415,1018 502,1017 589,1016 677,1015 764,1015 851,1015 938,1015 1025,1015 1113,1016 1200,1016 1287,1016 1374,1017 1461,1017 1549,1018 1636,1018 1723,1018 1810,1018 1897,1018 1985,1018"/>
                <TextEquiv>
                    <Unicode>nabit rationem situs: non solum huius vel illius, sed nullius omnino. Nunc autem sic est, quod angelus in sua substantia</Unicode>
                </TextEquiv>
            </TextLine>
            <TextLine id="r2l14" custom="readingOrder {index:12;}">
                <Coords points="226,1095 1948,1086 1999,1029 226,1044"/>
                <Baseline points="237,1077 324,1075 412,1073 499,1072 587,1071 674,1070 762,1069 849,1069 937,1069 1024,1069 1112,1069 1199,1070 1287,1070 1374,1071 1462,1071 1549,1072 1637,1072 1724,1072 1812,1073 1899,1073 1987,1073"/>
                <TextEquiv>
                    <Unicode>&amp; essentia simplicitatem habet non ad modum puncti: sed potius ad modum vnitatis: quia natura sua omnino abs</Unicode>
                </TextEquiv>
            </TextLine>
            <TextLine id="r2l15" custom="readingOrder {index:13;}">
                <Coords points="230,1141 1728,1157 2000,1137 2000,1080 230,1088"/>
                <Baseline points="241,1130 328,1128 415,1126 503,1125 590,1124 678,1123 765,1123 853,1122 940,1122 1028,1122 1115,1123 1202,1123 1290,1124 1377,1124 1465,1125 1552,1125 1640,1126 1727,1126 1815,1127 1902,1127 1990,1127"/>
                <TextEquiv>
                    <Unicode>tracta est a natura magnitudinis, nec est magnitudo, nec ita quod in sua natura principium alicuius ma</Unicode>
                </TextEquiv>
            </TextLine>
            <TextLine id="r2l16" custom="readingOrder {index:14;}">
                <Coords points="231,1204 1893,1200 1997,1193 1997,1136 231,1147"/>
                <Baseline points="241,1183 328,1182 415,1180 502,1179 589,1178 677,1178 764,1177 851,1177 938,1177 1025,1177 1113,1177 1200,1177 1287,1178 1374,1178 1461,1178 1549,1179 1636,1179 1723,1179 1810,1180 1897,1180 1985,1180"/>
                <TextEquiv>
                    <Unicode>gnitudinis natus est esse. Quia ergo angelus secundum substantiam suam sit in situ vel in loco, vt ipsa substan</Unicode>
                </TextEquiv>
            </TextLine>
            <TextLine id="r2l17" custom="readingOrder {index:15;}">
                <Coords points="236,1246 1532,1258 1984,1243 2000,1193 236,1205"/>
                <Baseline points="246,1237 333,1235 420,1233 507,1232 594,1231 681,1230 768,1230 856,1230 943,1230 1030,1230 1117,1231 1204,1231 1291,1232 1378,1232 1466,1233 1553,1233 1640,1234 1727,1234 1814,1234 1901,1234 1989,1233"/>
                <TextEquiv>
                    <Unicode>tia angeli sit ratio ipsum essendi in situ aut loco hoc vel illo determinate, vel etiam siue in hoc siue in illo</Unicode>
                </TextEquiv>
            </TextLine>
            <TextLine id="r2l18" custom="readingOrder {index:16;}">
                <Coords points="229,1303 1727,1312 1968,1297 1993,1242 229,1251"/>
                <Baseline points="239,1292 326,1289 413,1287 500,1285 587,1284 674,1283 761,1283 849,1283 936,1283 1023,1283 1110,1284 1197,1284 1284,1285 1371,1286 1459,1287 1546,1287 1633,1288 1720,1288 1807,1288 1894,1288 1982,1287"/>
                <TextEquiv>
                    <Unicode>indeterminate: vt tamen necesse sit ipsum ad modum puncti esse in aliquo: omnino adhuc est impossibile, vt di-</Unicode>
                </TextEquiv>
            </TextLine>
            <TextLine id="r2l19" custom="readingOrder {index:17;}">
                <Coords points="231,1358 1885,1369 1999,1350 1999,1290 231,1303"/>
                <Baseline points="242,1348 329,1344 416,1341 504,1339 591,1337 678,1336 766,1336 853,1335 940,1336 1028,1336 1115,1337 1202,1338 1290,1339 1377,1340 1464,1341 1552,1341 1639,1342 1726,1342 1814,1342 1901,1342 1989,1341"/>
                <TextEquiv>
                    <Unicode>cit praedictus articulus. Vnde dicit Auicenna in iii. metaphysicae. Natura quae est aliquid aliud praeter hoc quod </Unicode>
                </TextEquiv>
            </TextLine>
            <TextLine id="r2l20" custom="readingOrder {index:18;}">
                <Coords points="229,1411 1949,1411 1997,1350 229,1358"/>
                <Baseline points="241,1401 328,1397 415,1393 502,1391 590,1389 677,1388 764,1387 851,1387 939,1387 1026,1388 1113,1389 1200,1390 1288,1392 1375,1393 1462,1394 1549,1395 1637,1396 1724,1396 1811,1396 1898,1395 1986,1394"/>
                <TextEquiv>
                    <Unicode>non diuiditur, si illa natura est situs, vel quod convenit situi, hoc est punctum, vel si natura illa non erit si</Unicode>
                </TextEquiv>
            </TextLine>
            <TextLine id="r2l21" custom="readingOrder {index:19;}">
                <Coords points="235,1462 1902,1473 2003,1460 2003,1401 235,1418"/>
                <Baseline points="245,1454 332,1450 419,1446 507,1444 594,1443 681,1442 769,1441 856,1441 943,1441 1031,1442 1118,1443 1205,1444 1293,1445 1380,1446 1467,1447 1555,1448 1642,1449 1729,1450 1817,1450 1904,1450 1992,1449"/>
                <TextEquiv>
                    <Unicode>tus, nec quod convenit ei, est igitur sicut intelligentia &amp; anima. Intelligentia enim habet esse praeter id quod intelli</Unicode>
                </TextEquiv>
            </TextLine>
            <TextLine id="r2l22" custom="readingOrder {index:20;}">
                <Coords points="250,1524 1988,1524 1988,1458 251,1462"/>
                <Baseline points="261,1505 346,1502 432,1499 518,1497 604,1496 690,1495 775,1494 861,1494 947,1494 1033,1495 1119,1496 1204,1497 1290,1498 1376,1499 1462,1500 1548,1501 1633,1503 1719,1504 1805,1504 1891,1505 1977,1505"/>
                <TextEquiv>
                    <Unicode>gitur de illa: quid non diuiditur. Illud autem esse non est cum situ: nec diuiditur in sua natura, nec alio modo. Quod </Unicode>
                </TextEquiv>
            </TextLine>
            <TextLine id="r2l23" custom="readingOrder {index:21;}">
                <Coords points="227,1574 1971,1573 2004,1512 227,1523"/>
                <Baseline points="239,1560 326,1557 414,1553 501,1551 589,1550 677,1548 764,1548 852,1547 940,1548 1027,1548 1115,1549 1203,1550 1290,1551 1378,1552 1466,1553 1553,1555 1641,1556 1729,1557 1816,1558 1904,1559 1992,1559"/>
                <TextEquiv>
                    <Unicode>autem est in quo non est natura alia: ipsum est vnitas &amp; vnum, de quo intelligitur quod non diuiditur intellectu</Unicode>
                </TextEquiv>
            </TextLine>
            <TextLine id="r2l24" custom="readingOrder {index:22;}">
                <Coords points="238,1631 1993,1637 1958,1567 238,1576"/>
                <Baseline points="249,1612 335,1609 422,1606 508,1605 595,1603 682,1602 768,1601 855,1601 942,1601 1028,1601 1115,1602 1202,1603 1288,1604 1375,1605 1462,1606 1548,1607 1635,1609 1722,1610 1808,1611 1895,1612 1982,1612"/>
                <TextEquiv>
                    <Unicode>nedum diuidatur in materiam localem. Qui ergo non possunt angelum intelligere secundum rationem substantiae suae: vt</Unicode>
                </TextEquiv>
            </TextLine>
            <TextLine id="r2l25" custom="readingOrder {index:23;}">
                <Coords points="243,1677 1996,1682 1996,1629 1908,1620 243,1631"/>
                <Baseline points="255,1666 341,1663 428,1661 514,1659 601,1657 687,1656 774,1655 860,1655 947,1655 1033,1655 1120,1656 1206,1656 1293,1657 1379,1658 1466,1659 1552,1661 1639,1662 1725,1663 1812,1664 1898,1666 1985,1666"/>
                <TextEquiv>
                    <Unicode>vnitatem absque ratione puncti: sunt illi de quibus dicit Commentator super secundum metaphysicae: in quibus virtus</Unicode>
                </TextEquiv>
            </TextLine>
            <TextLine id="r2l26" custom="readingOrder {index:24;}">
                <Coords points="235,1738 1834,1740 1994,1727 1994,1674 235,1683"/>
                <Baseline points="246,1719 332,1716 419,1714 506,1712 593,1711 680,1710 767,1709 854,1709 941,1709 1028,1709 1115,1709 1201,1710 1288,1711 1375,1712 1462,1713 1549,1714 1636,1715 1723,1716 1810,1717 1897,1718 1984,1719"/>
                <TextEquiv>
                    <Unicode>imaginatiua dominatur super virtutem cognitiuam. Et ideo, vt dicit, videmus istos non credere demonstra-</Unicode>
                </TextEquiv>
            </TextLine>
            <TextLine id="r2l27" custom="readingOrder {index:25;}">
                <Coords points="231,1782 2003,1779 2003,1731 1916,1724 231,1731"/>
                <Baseline points="242,1773 329,1770 417,1768 504,1766 592,1764 679,1763 767,1762 854,1762 942,1762 1029,1762 1117,1763 1204,1763 1292,1764 1379,1765 1467,1766 1554,1767 1642,1768 1729,1769 1817,1771 1904,1772 1992,1772"/>
                <TextEquiv>
                    <Unicode>tionibus nisi imaginatio concomitetur eos. Non enim possunt credere plenum non esse, aut vacuum, aut tempus ex</Unicode>
                </TextEquiv>
            </TextLine>
            <TextLine id="r2l28" custom="readingOrder {index:26;}">
                <Coords points="232,1839 1932,1850 1996,1841 1996,1780 232,1784"/>
                <Baseline points="243,1827 330,1825 417,1822 504,1820 591,1819 678,1818 765,1817 852,1817 939,1817 1026,1817 1114,1817 1201,1817 1288,1818 1375,1819 1462,1820 1549,1821 1636,1822 1723,1823 1810,1824 1897,1825 1985,1826"/>
                <TextEquiv>
                    <Unicode>tra mundum. Neque possunt credere hic esse entia non corporea, neque in loco, neque in tempore. Primum non pos</Unicode>
                </TextEquiv>
            </TextLine>
            <TextLine id="r2l29" custom="readingOrder {index:27;}">
                <Coords points="228,1898 1999,1887 1999,1834 1867,1829 229,1843"/>
                <Baseline points="239,1881 326,1878 413,1875 501,1873 588,1872 676,1871 763,1870 851,1870 938,1870 1026,1871 1113,1871 1200,1872 1288,1873 1375,1874 1463,1875 1550,1876 1638,1876 1725,1877 1813,1878 1900,1878 1988,1878"/>
                <TextEquiv>
                    <Unicode>sunt credere quod imaginatio eorum non stat in quantitate finita: &amp; ideo mathematicae imaginationes</Unicode>
                </TextEquiv>
            </TextLine>
            <TextLine id="r2l30" custom="readingOrder {index:28;}">
                <Coords points="236,1944 1958,1956 1999,1886 236,1894"/>
                <Baseline points="247,1935 334,1932 421,1928 508,1926 595,1925 682,1924 769,1923 856,1923 943,1923 1030,1924 1117,1925 1204,1925 1291,1927 1378,1928 1465,1929 1552,1930 1639,1931 1726,1932 1813,1932 1900,1932 1988,1932"/>
                <TextEquiv>
                    <Unicode>&amp; quod est extra caelum: videntur eis infinita. Sed in hoc non est rectum credere imaginationi, vt dicit philosophus in </Unicode>
                </TextEquiv>
            </TextLine>
            <TextLine id="r2l31" custom="readingOrder {index:29;}">
                <Coords points="230,2003 1868,2005 1996,1997 1996,1942 230,1953"/>
                <Baseline points="241,1989 328,1986 415,1983 502,1981 589,1979 677,1978 764,1978 851,1977 938,1977 1025,1978 1113,1979 1200,1979 1287,1980 1374,1981 1461,1982 1549,1984 1636,1984 1723,1985 1810,1986 1897,1987 1985,1987"/>
                <TextEquiv>
                    <Unicode>tertio physicorum. Secundum non possunt credere quia intellectus eorum non potest transcendere imaginationem vt tran</Unicode>
                </TextEquiv>
            </TextLine>
            <TextLine id="r2l32" custom="readingOrder {index:30;}">
                <Coords points="230,2052 1989,2058 1989,1999 1928,1990 230,2004"/>
                <Baseline points="240,2040 326,2038 413,2036 500,2035 587,2034 674,2033 761,2032 848,2032 935,2032 1022,2032 1109,2032 1195,2033 1282,2033 1369,2034 1456,2035 1543,2036 1630,2038 1717,2039 1804,2041 1891,2043 1978,2045"/>
                <TextEquiv>
                    <Unicode>scendat imaginabilia, &amp; non stat nisi super magnitudinem, aut habens situm &amp; positionem in magnitudine. pro </Unicode>
                </TextEquiv>
            </TextLine>
            <TextLine id="r2l33" custom="readingOrder {index:31;}">
                <Coords points="236,2115 2004,2102 2004,2052 1923,2047 236,2052"/>
                <Baseline points="247,2096 334,2093 421,2091 508,2089 596,2087 683,2086 770,2085 858,2085 945,2085 1032,2086 1120,2086 1207,2087 1294,2088 1381,2089 1469,2090 1556,2091 1643,2092 1731,2093 1818,2094 1905,2094 1993,2095"/>
                <TextEquiv>
                    <Unicode>pter quod sicut non possunt credere nec concipere extra naturam vniuersi hoc est extra mundum nihil esse</Unicode>
                </TextEquiv>
            </TextLine>
            <TextLine id="r2l34" custom="readingOrder {index:32;}">
                <Coords points="239,2168 1755,2171 1996,2158 1996,2106 239,2116"/>
                <Baseline points="250,2151 336,2147 423,2144 510,2142 597,2141 683,2140 770,2139 857,2139 944,2140 1030,2140 1117,2141 1204,2142 1291,2143 1377,2144 1464,2145 1551,2146 1638,2147 1724,2148 1811,2148 1898,2148 1985,2147"/>
                <TextEquiv>
                    <Unicode>neque locum neque tempus neque plenum neque vacuum: secundum quod philosophus determinat in primo caeli &amp; mundi: sic non </Unicode>
                </TextEquiv>
            </TextLine>
            <TextLine id="r2l35" custom="readingOrder {index:33;}">
                <Coords points="241,2225 1921,2222 2002,2209 2002,2156 241,2166"/>
                <Baseline points="251,2203 338,2200 425,2198 512,2196 599,2195 686,2194 773,2194 860,2194 947,2194 1034,2195 1121,2195 1208,2196 1295,2197 1382,2198 1469,2199 1556,2200 1643,2201 1730,2201 1817,2202 1904,2202 1992,2203"/>
                <TextEquiv>
                    <Unicode>possunt credere neque concipere hic, hoc est inter res &amp; de numero rerum vniuersi quae sunt in mundo, esse</Unicode>
                </TextEquiv>
            </TextLine>
            <TextLine id="r2l36" custom="readingOrder {index:34;}">
                <Coords points="245,2263 1890,2283 2002,2268 2002,2209 245,2226"/>
                <Baseline points="257,2254 343,2252 430,2251 517,2250 604,2249 690,2248 777,2248 864,2248 951,2248 1037,2249 1124,2249 1211,2250 1298,2251 1384,2252 1471,2253 1558,2254 1645,2255 1731,2255 1818,2256 1905,2257 1992,2258"/>
                <TextEquiv>
                    <Unicode>aliqua incorporea quae in sua natura &amp; essentia careant omni ratione magnitudinis &amp; situs siue positionis in </Unicode>
                </TextEquiv>
            </TextLine>
            <TextLine id="r2l37" custom="readingOrder {index:35;}">
                <Coords points="243,2322 2000,2322 1957,2263 243,2263"/>
                <Baseline points="253,2308 339,2306 426,2305 513,2303 600,2302 687,2302 774,2302 860,2302 947,2302 1034,2303 1121,2303 1208,2304 1295,2305 1382,2306 1468,2307 1555,2308 1642,2308 1729,2309 1816,2310 1903,2310 1990,2310"/>
                <TextEquiv>
                    <Unicode>magnitudine: sed quicquid cogitant quantum est aut situm habens in quanto vt punctus. Vnde tales melan</Unicode>
                </TextEquiv>
            </TextLine>
            <TextLine id="r2l38" custom="readingOrder {index:36;}">
                <Coords points="237,2375 1748,2388 1979,2376 2008,2330 237,2326"/>
                <Baseline points="249,2361 336,2359 423,2357 511,2356 598,2355 685,2355 773,2355 860,2355 947,2355 1035,2356 1122,2357 1209,2357 1297,2358 1384,2359 1471,2360 1559,2361 1646,2362 1733,2363 1821,2363 1908,2364 1996,2364"/>
                <TextEquiv>
                    <Unicode>cholici sunt, &amp; optimi fiunt mathematici: sed pessimi metaphysici: quia non possunt intelligentiam suam ex</Unicode>
                </TextEquiv>
            </TextLine>
            <TextLine id="r2l39" custom="readingOrder {index:37;}">
                <Coords points="235,2421 1874,2440 2003,2430 2004,2371 236,2381"/>
                <Baseline points="247,2414 334,2412 421,2411 508,2410 596,2409 683,2409 770,2409 858,2409 945,2410 1032,2410 1120,2411 1207,2412 1294,2413 1381,2414 1469,2415 1556,2415 1643,2416 1731,2417 1818,2418 1905,2418 1993,2419"/>
                <TextEquiv>
                    <Unicode>tendere vltra situm &amp; magnitudinem in quibus fundantur mathematicalia: &amp; metaphysicalia per se abstracta</Unicode>
                </TextEquiv>
            </TextLine>
            <TextLine id="r2l40" custom="readingOrder {index:38;}">
                <Coords points="243,2478 2001,2479 2001,2427 1931,2424 244,2425"/>
                <Baseline points="254,2469 340,2467 427,2466 514,2465 601,2465 688,2464 774,2464 861,2464 948,2465 1035,2465 1122,2465 1208,2466 1295,2467 1382,2467 1469,2468 1556,2469 1642,2470 1729,2470 1816,2471 1903,2471 1990,2471"/>
                <TextEquiv>
                    <Unicode>sunt secundum rem a situ &amp; magnitudine: quia metaphysica abstractio excedit mathematicam. &amp; fiunt natura </Unicode>
                </TextEquiv>
            </TextLine>
            <TextLine id="r2l41" custom="readingOrder {index:39;}">
                <Coords points="243,2533 2002,2531 2002,2478 1925,2475 243,2478"/>
                <Baseline points="254,2523 340,2521 427,2519 514,2518 601,2518 688,2517 775,2517 862,2518 949,2518 1036,2519 1123,2519 1209,2520 1296,2521 1383,2522 1470,2523 1557,2523 1644,2524 1731,2524 1818,2524 1905,2524 1992,2524"/>
                <TextEquiv>
                    <Unicode>les inepti: quia sub finito non possunt intelligentiam suam excludere: &amp; vt dicitur in ii. de anima, Natura constantium</Unicode>
                </TextEquiv>
            </TextLine>
            <TextLine id="r2l42" custom="readingOrder {index:40;}">
                <Coords points="240,2583 1944,2597 2008,2586 2008,2525 240,2541"/>
                <Baseline points="251,2577 338,2575 425,2574 513,2573 600,2572 687,2572 775,2572 862,2572 949,2572 1037,2573 1124,2573 1211,2574 1299,2575 1386,2575 1473,2576 1561,2577 1648,2577 1735,2578 1823,2578 1910,2578 1998,2577"/>
                <TextEquiv>
                    <Unicode>omnium est terminus &amp; ratio magnitudinis &amp; augmenti. Si ergo angelus secundum substantiam suam nullo modo pos</Unicode>
                </TextEquiv>
            </TextLine>
            <TextLine id="r2l43" custom="readingOrder {index:41;}">
                <Coords points="243,2640 1937,2652 2000,2582 243,2585"/>
                <Baseline points="254,2629 340,2628 427,2627 514,2626 601,2626 688,2626 774,2626 861,2626 948,2626 1035,2626 1122,2627 1208,2627 1295,2628 1382,2629 1469,2629 1556,2630 1642,2631 1729,2631 1816,2632 1903,2632 1990,2632"/>
                <TextEquiv>
                    <Unicode>sit intelligi esse in situ, aut in loco, vt substantia sit ratio essendi ipsum in situ aut in loco, oportet quod eis ratio sit aliquid </Unicode>
                </TextEquiv>
            </TextLine>
            <TextLine id="r2l44" custom="readingOrder {index:42;}">
                <Coords points="240,2701 1956,2706 1995,2640 240,2655"/>
                <Baseline points="252,2684 338,2682 425,2680 511,2680 598,2679 685,2679 771,2679 858,2679 945,2679 1031,2680 1118,2681 1205,2681 1291,2682 1378,2683 1465,2683 1551,2684 1638,2684 1725,2684 1811,2684 1898,2684 1985,2683"/>
                <TextEquiv>
                    <Unicode>aliud in eo. Nunc autem praeter substantiam vel essentiam in angelo contingit intelligere eius potentias quae sunt intelle</Unicode>
                </TextEquiv>
            </TextLine>
            <TextLine id="r2l45" custom="readingOrder {index:43;}">
                <Coords points="242,2750 1960,2758 1997,2693 242,2699"/>
                <Baseline points="253,2738 339,2736 426,2734 512,2733 599,2732 686,2732 772,2732 859,2732 946,2733 1032,2733 1119,2734 1206,2735 1292,2736 1379,2737 1466,2738 1552,2738 1639,2739 1726,2739 1812,2739 1899,2738 1986,2737"/>
                <TextEquiv>
                    <Unicode>ctus &amp; voluntas: vel ipsam substantiae limitationem, vt quidam dicunt, aut aliquid aliud quidcumque sit illud. Intel</Unicode>
                </TextEquiv>
            </TextLine>
            <TextLine id="r2l46" custom="readingOrder {index:44;}">
                <Coords points="241,2807 1999,2795 1999,2751 1900,2742 242,2750"/>
                <Baseline points="252,2789 338,2787 425,2786 512,2786 599,2786 686,2786 772,2786 859,2787 946,2787 1033,2788 1120,2789 1206,2790 1293,2790 1380,2791 1467,2792 1554,2792 1640,2793 1727,2793 1814,2792 1901,2792 1988,2791"/>
                <TextEquiv>
                    <Unicode>lectus autem &amp; voluntas in angelo considerari possunt dupliciter. Vno modo vt sunt in suo actu &amp; virtu-</Unicode>
                </TextEquiv>
            </TextLine>
            <TextLine id="r2l47" custom="readingOrder {index:45;}">
                <Coords points="237,2862 1957,2870 2001,2805 237,2811"/>
                <Baseline points="249,2843 336,2841 423,2840 510,2840 597,2840 684,2840 771,2840 858,2840 945,2841 1032,2842 1119,2842 1206,2843 1293,2844 1380,2845 1467,2845 1554,2846 1641,2846 1728,2846 1815,2845 1902,2844 1989,2843"/>
                <TextEquiv>
                    <Unicode>te sua quam applicant circa substantiam corporalem aliquid operando circa ipsam. Alio modo vt sunt in habitu</Unicode>
                </TextEquiv>
            </TextLine>
            <TextLine id="r2l48" custom="readingOrder {index:46;}">
                <Coords points="243,2906 1864,2921 2004,2904 2004,2853 243,2864"/>
                <Baseline points="253,2896 340,2895 427,2894 514,2893 601,2893 688,2893 775,2893 862,2894 949,2895 1036,2895 1123,2896 1210,2897 1297,2898 1384,2898 1471,2899 1558,2899 1645,2900 1732,2900 1819,2899 1906,2898 1993,2897"/>
                <TextEquiv>
                    <Unicode>vel in actum operandi circa aliquid aliud quam circa substantiam corporalem. Primo modo indubitanter verum est</Unicode>
                </TextEquiv>
            </TextLine>
            <TextLine id="r2l49" custom="readingOrder {index:47;}">
                <Coords points="236,2963 1883,2975 1999,2960 2000,2906 236,2904"/>
                <Baseline points="247,2949 334,2948 421,2947 508,2947 595,2947 682,2947 769,2947 856,2948 943,2948 1030,2949 1118,2950 1205,2951 1292,2952 1379,2952 1466,2953 1553,2953 1640,2954 1727,2954 1814,2954 1901,2953 1989,2952"/>
                <TextEquiv>
                    <Unicode>substantiam angeli esse in situ &amp; loco per suam virtutem applicatam in opus quid exercet in substantia corporali</Unicode>
                </TextEquiv>
            </TextLine>
            <TextLine id="r2l50" custom="readingOrder {index:48;}">
                <Coords points="242,3015 1975,3020 2002,2961 242,2963"/>
                <Baseline points="254,3004 340,3003 427,3002 514,3001 601,3001 688,3001 774,3001 861,3001 948,3002 1035,3002 1122,3003 1208,3004 1295,3005 1382,3005 1469,3006 1556,3007 1642,3007 1729,3007 1816,3007 1903,3007 1990,3007"/>
                <TextEquiv>
                    <Unicode>&amp; situali vt iam dictum est secundum Damascenum. Sed hoc nihil determinationis ponit in eius natura vel</Unicode>
                </TextEquiv>
            </TextLine>
            <TextLine id="r2l51" custom="readingOrder {index:49;}">
                <Coords points="239,3072 1983,3082 1997,3014 239,3015"/>
                <Baseline points="250,3058 336,3056 423,3055 510,3055 597,3054 683,3054 770,3055 857,3055 944,3056 1030,3056 1117,3057 1204,3058 1291,3059 1377,3059 1464,3060 1551,3060 1638,3061 1724,3061 1811,3061 1898,3060 1985,3060"/>
                <TextEquiv>
                    <Unicode>essentia. Hoc enim modo deus habet esse in loco, dicente Damasceno. Dicitur autem in loco esse, &amp; dicitur</Unicode>
                </TextEquiv>
            </TextLine>
            <TextLine id="r2l52" custom="readingOrder {index:50;}">
                <Coords points="243,3125 1996,3122 1904,3064 243,3072"/>
                <Baseline points="253,3111 339,3110 426,3109 512,3108 599,3108 686,3108 772,3108 859,3109 945,3109 1032,3110 1119,3111 1205,3111 1292,3112 1378,3113 1465,3114 1552,3114 1638,3114 1725,3115 1811,3115 1898,3114 1985,3114"/>
                <TextEquiv>
                    <Unicode>locus dei vbi manifesta eius operatio fit. Nam ipse qui per omnia inuisibiliter transit, in omnibus tradit suam</Unicode>
                </TextEquiv>
            </TextLine>
            <TextLine id="r2l53" custom="readingOrder {index:51;}">
                <Coords points="232,3182 2002,3191 1985,3123 232,3131"/>
                <Baseline points="242,3166 329,3164 416,3163 504,3163 591,3162 679,3162 766,3162 853,3162 941,3163 1028,3163 1116,3164 1203,3165 1290,3165 1378,3166 1465,3167 1553,3167 1640,3168 1727,3168 1815,3168 1902,3168 1990,3168"/>
                <TextEquiv>
                    <Unicode>operationem secundum vniuscuiusque aptitudinem &amp; † susceptiuam virtutem. Sed hoc an est proprie esse in loco</Unicode>
                </TextEquiv>
            </TextLine>
            <TextLine id="r2l54" custom="readingOrder {index:52;}">
                <Coords points="232,3236 1998,3234 1945,3174 232,3181"/>
                <Baseline points="242,3220 329,3219 416,3218 503,3218 591,3217 678,3217 765,3217 853,3218 940,3218 1027,3218 1115,3218 1202,3219 1289,3219 1376,3220 1464,3220 1551,3220 1638,3221 1726,3221 1813,3221 1900,3221 1988,3221"/>
                <TextEquiv>
                    <Unicode>sed in moto. vnde super illud primo caeli &amp; mundi: Quod est illic non est in loco: dicit Commentator. Primam causam</Unicode>
                </TextEquiv>
            </TextLine>
            <TextLine id="r2l55" custom="readingOrder {index:53;}">
                <Coords points="231,3304 1877,3309 2008,3299 2009,3231 232,3236"/>
                <Baseline points="243,3276 330,3275 418,3274 506,3273 593,3273 681,3273 769,3273 856,3273 944,3274 1032,3274 1120,3275 1207,3276 1295,3276 1383,3277 1470,3277 1558,3278 1646,3278 1733,3278 1821,3278 1909,3277 1997,3276"/>
                <TextEquiv>
                    <Unicode>tribuit continenti Arist. quoniam motio eius apparet prius illic, scilicet in conuexo sphaerae. Et ideo dixit</Unicode>
                </TextEquiv>
            </TextLine>
            <TextEquiv>
                <Unicode>punctus &amp; vnitas. Vnde dicit philosophus in. ii. metaph. Eorum quae non diuiduntur secundum quantitatem illud quod non di-
uiditur omnino, nec habet situm, dicitur vnum: &amp; quod non diuiditur omnino &amp; habet situm, dicitur punctus. Iuxta quid di- 
cit &amp; in libro Posteriorum: quod punctus est substantia posita: vnitas vero est substantia non posita. &amp; secundum 
hoc vnitas inquantum vnitas multo maioris est simplicitatis quam sit punctus, &amp; per consequans quantitas discre
ta simplicior est in natura quam continua. &amp; ideo certiores sunt demonstrationes arithmeticae quam geo-
metricae. secundum quod dicitur in primo metaphysicae. Certissimae scientiarum maxime primarum sunt quae aut ex mi
noribus certiores sunt his quae ex appositione dicuntur, vt arithmetica, geometria. &amp; ideo arithmetica de
monstratio descendit in geometricam inquantum magnitudines numeri sunt, vt dicitur libro posteriorum. Vni-
tas ergo inquantum vnitas ex ratione simplicitatis suae qua excedit punctum si ipsa in aliquo est separata a ratione
puncti: cum punctus non determinat sibi situm in corporali magnitudine nisi ratione suae compositionis qua exceditur
ab vnitate qua est separata a ratione puncti, omnino propter conditionem suae simplicitatis nullo modo sibi determi
nabit rationem situs: non solum huius vel illius, sed nullius omnino. Nunc autem sic est, quod angelus in sua substantia
&amp; essentia simplicitatem habet non ad modum puncti: sed potius ad modum vnitatis: quia natura sua omnino abs
tracta est a natura magnitudinis, nec est magnitudo, nec ita quod in sua natura principium alicuius ma
gnitudinis natus est esse. Quia ergo angelus secundum substantiam suam sit in situ vel in loco, vt ipsa substan
tia angeli sit ratio ipsum essendi in situ aut loco hoc vel illo determinate, vel etiam siue in hoc siue in illo
indeterminate: vt tamen necesse sit ipsum ad modum puncti esse in aliquo: omnino adhuc est impossibile, vt di-
cit praedictus articulus. Vnde dicit Auicenna in iii. metaphysicae. Natura quae est aliquid aliud praeter hoc quod 
non diuiditur, si illa natura est situs, vel quod convenit situi, hoc est punctum, vel si natura illa non erit si
tus, nec quod convenit ei, est igitur sicut intelligentia &amp; anima. Intelligentia enim habet esse praeter id quod intelli
gitur de illa: quid non diuiditur. Illud autem esse non est cum situ: nec diuiditur in sua natura, nec alio modo. Quod 
autem est in quo non est natura alia: ipsum est vnitas &amp; vnum, de quo intelligitur quod non diuiditur intellectu
nedum diuidatur in materiam localem. Qui ergo non possunt angelum intelligere secundum rationem substantiae suae: vt
vnitatem absque ratione puncti: sunt illi de quibus dicit Commentator super secundum metaphysicae: in quibus virtus
imaginatiua dominatur super virtutem cognitiuam. Et ideo, vt dicit, videmus istos non credere demonstra-
tionibus nisi imaginatio concomitetur eos. Non enim possunt credere plenum non esse, aut vacuum, aut tempus ex
tra mundum. Neque possunt credere hic esse entia non corporea, neque in loco, neque in tempore. Primum non pos
sunt credere quod imaginatio eorum non stat in quantitate finita: &amp; ideo mathematicae imaginationes
&amp; quod est extra caelum: videntur eis infinita. Sed in hoc non est rectum credere imaginationi, vt dicit philosophus in 
tertio physicorum. Secundum non possunt credere quia intellectus eorum non potest transcendere imaginationem vt tran
scendat imaginabilia, &amp; non stat nisi super magnitudinem, aut habens situm &amp; positionem in magnitudine. pro 
pter quod sicut non possunt credere nec concipere extra naturam vniuersi hoc est extra mundum nihil esse
neque locum neque tempus neque plenum neque vacuum: secundum quod philosophus determinat in primo caeli &amp; mundi: sic non 
possunt credere neque concipere hic, hoc est inter res &amp; de numero rerum vniuersi quae sunt in mundo, esse
aliqua incorporea quae in sua natura &amp; essentia careant omni ratione magnitudinis &amp; situs siue positionis in 
magnitudine: sed quicquid cogitant quantum est aut situm habens in quanto vt punctus. Vnde tales melan
cholici sunt, &amp; optimi fiunt mathematici: sed pessimi metaphysici: quia non possunt intelligentiam suam ex
tendere vltra situm &amp; magnitudinem in quibus fundantur mathematicalia: &amp; metaphysicalia per se abstracta
sunt secundum rem a situ &amp; magnitudine: quia metaphysica abstractio excedit mathematicam. &amp; fiunt natura 
les inepti: quia sub finito non possunt intelligentiam suam excludere: &amp; vt dicitur in ii. de anima, Natura constantium
omnium est terminus &amp; ratio magnitudinis &amp; augmenti. Si ergo angelus secundum substantiam suam nullo modo pos
sit intelligi esse in situ, aut in loco, vt substantia sit ratio essendi ipsum in situ aut in loco, oportet quod eis ratio sit aliquid 
aliud in eo. Nunc autem praeter substantiam vel essentiam in angelo contingit intelligere eius potentias quae sunt intelle
ctus &amp; voluntas: vel ipsam substantiae limitationem, vt quidam dicunt, aut aliquid aliud quidcumque sit illud. Intel
lectus autem &amp; voluntas in angelo considerari possunt dupliciter. Vno modo vt sunt in suo actu &amp; virtu-
te sua quam applicant circa substantiam corporalem aliquid operando circa ipsam. Alio modo vt sunt in habitu
vel in actum operandi circa aliquid aliud quam circa substantiam corporalem. Primo modo indubitanter verum est
substantiam angeli esse in situ &amp; loco per suam virtutem applicatam in opus quid exercet in substantia corporali
&amp; situali vt iam dictum est secundum Damascenum. Sed hoc nihil determinationis ponit in eius natura vel
essentia. Hoc enim modo deus habet esse in loco, dicente Damasceno. Dicitur autem in loco esse, &amp; dicitur
locus dei vbi manifesta eius operatio fit. Nam ipse qui per omnia inuisibiliter transit, in omnibus tradit suam
operationem secundum vniuscuiusque aptitudinem &amp; † susceptiuam virtutem. Sed hoc an est proprie esse in loco
sed in moto. vnde super illud primo caeli &amp; mundi: Quod est illic non est in loco: dicit Commentator. Primam causam
tribuit continenti Arist. quoniam motio eius apparet prius illic, scilicet in conuexo sphaerae. Et ideo dixit</Unicode>
            </TextEquiv>
        </TextRegion>
    </Page>
</PcGts>
