2396 3708
514 221 2260 313 rexit vno in loco esse oportet. Veritas autem eius vbique diffunditur. Vnde istud: Hoc est corpus meum
516 288 2253 362 nuiium requirit spiritualem intellectum. Sed illud, Nisi manducaueritis, quodammo literalem, quo
514 347 2246 423 dammodo spiritualem requirit. Literalem quo ad id quod manducatur: quia secundum Ambrosium
512 400 2248 463 de sacra, sicut verus est dei filius dominus lesus Christus, ita vera Christi caro est quam accipimus.
511 458 2244 514 Spiritualem quo ad modum manducandi: quia dicit Augustinus super psal. iiii. exponens verbum praedictum
511 516 2246 583 spiritualiter. quae locutus sum: quia. scilicet non in propria specie dentibus laniando carnem Christi
509 566 2248 636 manducamus, quemadmodum ludaei intellexerunt manducationem, cum dictum est eis, Nisi ma
511 635 2254 690 ducaueritis. Hoc enim modo caro non prodest quicquam: sed sub specie sacramenti manducandum cor
506 679 2260 743 poraliter: illud verum corpus manducando spiritualiter. Propter quid dicit Augustinus super Ioan. Vt
513 730 2254 804 quid paras dentes & ventrem: crede & manducasti. Vnde manducando sacramentum corporaliter, corpus
512 786 2269 863 Christi manducandum est in fide spiritualiter. Sic enim spiritus est qui viuificat. Quare cum opor-
500 840 2261 911 tet ipsum corpus Christi verum sub specie panis esse in sacramento: & vt iam dictum est supra, non
513 895 2252 953 habet ibi esse per aliquam loci mutationem, oportet quod hoc sit per alicuius mutationem quod prius
505 948 2253 1024 ibi erat, quemadmodum ignis per corruptionem aquae incipit esse vbi prius non erat, quod si nec sic, nec per loci
514 1011 2242 1081 mutationem illuc adueniret, nullo modo esset ibi. & tunc habet locum dubitatio magis generaliter
520 1065 2244 1133 quam proposita est scilicet vtrum post conuersionem maneat substantia panis tota, vel aliquid eius, vt materia: de
512 1121 2238 1186 qua proposita est quaestio. Et erat opinio aliquorum quod non manet: reputantium conuersionem vnius
513 1174 2245 1241 naturae in aliam fore impossibilem. Cum enim necesse habebant ponere secundum iam dicta quod sub spe
511 1230 2246 1291 ciebus sacramenti erat verum corpus Christi, & quod non conuersa substantia panis, & manente non posset
513 1282 2245 1352 ibi esse verum corpus Christi absque loci mutatione illius quam non ponebant fieri, necesse habebant po-
514 1333 2242 1411 nere quod substantia panis non maneret, & per eius absentiam statim ibi fieret corpus Christi. Quorum ali
512 1396 2249 1462 qui posuerunt quod substantia panis non manet, quia omnino adnihilatur. Alii vero quia resoluitur in pri
513 1458 2252 1519 mam materiam. Primum horum non potenst poni, quia deus immediate & solus est causa per se eius quod sit in
518 1499 2246 1566 isto sacramento. lpse autem vt dicit Augustinum xxxiii, qod nullius est causa tendendi in non esse. Praeter
511 1555 2257 1629 ipsum non est causa aliqua sufficiens ad hoc. Similiter secundum non potest poni. quia resolu-
516 1611 2259 1678 tio in materiam primam non est nisi formae quae erat in potentia in illa. Ista ergo resolutio non
511 1676 2249 1741 potest esse nisi formae panis in materiam panis, ita quod ipsa materia panis existat sine forma panis
522 1719 2246 1782 quia materia vlterius in materiam resolui non potest. In illa ergo materia resoluta forma panis
523 1776 2245 1849 ipsa materia aut manet intra species illas, aut exit. Quia exiens de sub illis speciebus, siue fiat sub
522 1841 2248 1902 aliis speciebus, siue non, siue materia maneat sine forma substantiali, siue non: hoc non po-
516 1895 2239 1952 test poni: quia hoc est respectu specierum sacramenti purus defectus & priuatio: qui ex se nullius
520 1948 2246 2011 est positiuus. Per hoc ergo non posset poni ibi de nouo esse corpus Christi. Si vero materia illa ma
520 1985 2239 2059 net sub illis speciebus: aut ergo in illa fit alia forma sub speciebus illis, aut non. Si sic, tunc erit idem
509 2037 2244 2118 impedimentum quid prius, ne possit ibi de nouo esse corpus Christi: quia resolutio formae panis non
513 2096 2243 2179 est causa essendi ibi nisi illius alterius formae. quia corruptio vnius formae quam concomitatur generatio
517 2158 2245 2230 alterius, non est causa nisi generationis illius. Si autem non sit alia forma in illa materia subillis spe
512 2210 2249 2287 ciebus, adhuc ipsa sola tantum impediet praesentiam corporis Christi quantum si fieret sub noua for
519 2263 2244 2342 ma: quia sic manere forma resoluta in ipsam, non est nisi purus defectus: qui ex se nullius positiuus
518 2313 2239 2390 est: neque ex aliquam virtute procedit: sed potius ex virtutis defectu. Praesentia autem corporis Christi sub speciebus
515 2360 2243 2450 panis debet esse agente virtute illa quae agit quod sub speciebus panis nihil habet esse substantiae panis. Nec
519 2426 2253 2495 est ergo dicere quod substantia panis aut annihilatur, aut in primam materiam resoluitur. Propter
517 2484 2247 2561 quid alii omnes ponunt substantiae panis conuersionem in corpus Christi: & per illam ibi esse de nouo cor
522 2534 2246 2613 pus Christi: & quod ad hoc nulla alia transmutatio circa substantiam panis sufficeret, quemadmodum nulla
518 2599 2259 2660 sufficeret transmutatio vt sub speciebus symbolis aeris cum igne fieret ignis quam generatio ignis ex aere. Sed
518 2638 2259 2710 dicunt aliqui quod ista conversione facta non manet substantia panis conuersa, licet non annihiletur. sicut non
517 2694 2254 2765 sequitur quod si aer ex quo generatus est ignis non sit ibi vbi erat: sed aliud vice ipsius: quod sit annihilla-
514 2750 2260 2826 tus. sed cum non maneat, in eo quod non manet, aliquo modo ad minus est non ens: quia si nullo modo
513 2805 2258 2880 esset non ens factum, omnino maneret ens non annihilatum: aut in eo quod non annihilatum, ad mi
516 2871 2255 2939 nus aliquo modo est ens. Aliter enim esset omnino nihil factum, & ideo annihilarum. Non est ergo
515 2919 2260 2982 dicendum simpliciter quod ista conuersione facta substantia panis non manet, sicut nec est simpliciter
516 2964 2251 3033 dicendum quod manet, sed est dicendum quod quodammodo manet, & quodammodo non manet. Et quia
516 3027 2255 3104 quid sic manet vt dicunt aliqui non potest manere secundum rationem formae, sed tantum secundumra
507 3078 2253 3154 tionem materiae: Materia enim quia est ens in potentia: medium est inter non ens simpliciter, & omnino ens.
513 3126 2248 3216 actum, secundum philosophum secundo Metaphysicae: idcirco dicunt quod forma panis resoluitur in
