2356 3673
80 243 1828 327 exigebant, sed postmodum simul cum eo votum virginitatis emisit. Aliis vero videtur quod ante ma
81 324 1826 381 trimonium vouit, sed tantummodo voto simplici expresso in corde, cum firmo proposito tenendi
81 381 1824 440 ipsum. & hoc non absolute: sed sub conditione nisi deus aliter ordinaret. Et ideo diuinitus certi-
83 436 1822 501 ficata ex speciali spiritus sancti consilio quod loseph erat in consimili proposito, virginitatem suam
86 487 1820 548 deo committens, loseph se matrimonio coniunxit, & potestati eius tradidit, & consensit simplici-
81 541 1822 607 ter & absolute in copulam coniugalem, tradendo alteri corporis sui potestatem: in quo consensu
80 593 1817 647 consistit verum & perfectum matrimonium quantum est de prima perfectione rei quam attingit
82 646 1819 701 ex forma sibi essentiali, & ex fine suo intra. Forma enim essentialis matrimonii non est nisi indiuisibi
80 694 1814 755 lis coniunctio animorum in traductione potestatis corporum, per quam coniuges sibi mutuo fidem
87 748 1826 811 conseruare tenentur. In copulam autem carnalem (vt dicunt) non consensit simpliciter & absolute, sed
86 805 1831 871 solummodo sub conditione, si deo placeret quod scilicet copularetur carnaliter: quod & deo non placuit: sed vt
83 860 1822 923 voueret consensum viri obtinuit: qui in consimili desiderio erat: & sic post contractum matrimonium cum ip
84 917 1828 983 so solenne votum virginitatis emisit. Et est opinio magistri sententiarum libro quarto distinctione
84 965 1820 1026 xxx. cap. Praemissis. vbi dicit sic. Sane credi potest non solum Mariam, sed etiam loseph apud se dispo
76 1018 1824 1079 suisse seruare virginitatem, nisi deus aliter iuberet: eosque sic consensisse in coniugalem societatem
84 1065 1823 1132 vt vterque de altero reuelante spiritu sancto intelligeret quod virginitatem seruare vellet nisi deus
82 1129 1825 1187 aliter inspiraret. Sed illam voluntatem verbis non expresserant: postea vero expresserunt, & in vir
84 1184 1817 1248 ginitate permanserunt. Consensit ergo Maria in maritalem societatem, sed non in carnalem copu-
77 1225 1815 1286 lam, nisi de ea spiritus sanctus praeciperet: cuius consilio in maritalem consensit copulam &c. Quod con
82 1286 1814 1344 firmat ibidem auctoritate Augus. Vnde si prolem diuinitus non concepisset, matrimonium illud non
77 1338 1815 1393 fuisset perfectum quantum est de perfectione rei secunda: quam attingit exercendo opus debitum for-
84 1394 1821 1457 mae: quo consequitur finem suum extra. Opus enim extra est carnalis copula: quo proles quae fi
89 1443 1819 1506 nis est extra, procreatur. Quae quidem copula quia non erat consecuta, quo ad hoc non fuit perfectum
88 1498 1812 1566 matrimonium. Sed quia in actu qui est, propria rei operatio non consistit rei perf:ctio nisi quia per ip
82 1552 1812 1606 sum assequitur finem, ita quod si absque omni operatione res aliqua finem suum consequitur, non est ex hoc imper-
85 1595 1824 1660 fectior, immo multo perfectior quam si operatione illam attingeret: dicente philosopho in secundo caeli &
79 1655 1818 1710 mundi: quod quaedam sunt res imperfectae quae nulla operatione perfectionem possunt attingere: quaedam vero plu
86 1709 1825 1764 ribus operationibus suam perfectionem attingunt: quaedam vero paucioribus, aut vna, & modica: quae ideo
87 1761 1817 1833 perfectior est: quaedam vero habet suam perfectionem absque omni operatione, & illa est perfectis-
85 1819 1822 1878 sima: licet ergo matrimonium Mariae cum loseph operatione copulae carnalis perfectionem non
87 1869 1812 1924 habuit: non minus tamen perfectum fuit. dicente Ambrosio in libro de virginitate, vt habetur
85 1922 1815 1980 xxvii. quaest. ii. cap. Cum initiatur. Defloratio virginis non facit coniugium, sed pactio coniu-
89 1967 1828 2041 galis. Denique cum coniungitur viro coniugium est, non cum viri admixtione coniungitur. Super
86 2029 1823 2092 illud Pactio est. Glos. scilicet consensus de praesenti. Sed hoc maxime in matrimonio Mariae: quia
80 2081 1828 2146 licet matrimonium inter ipsam & loseph ex matrimonio per carnalem copulam non habuit prolem
85 2132 1826 2200 progenitam: tamen prolem habuit matrimonialiter a Maria & loseph educandam: & idcirco
85 2186 1824 2239 simpliciter perfectionem matrimonii quo ad bonum prolis & finem eius, licet absque copula carna
77 2237 1821 2309 li: & ideo perfectius habuit. Omne itaque (ur dicit Augustinus primo de nuptiis & concupiscentia),
86 2298 1823 2355 nuptiarum bonum impletum est in illis parentibus Christi, proles, fides, & sacramentum. Prolem
85 2345 1826 2401 cognoscimus ipsum dominum lesum. Fidem, quia nuiium adulterium. Sacramentum, quia nuiium
81 2397 1822 2453 diuortium. Solus ibi nuptiarum concubitus non fuit, quia in carne peccati fieri non poterat sine
86 2449 1821 2506 vlla carnis concupiscentia. Vnde & per talem prolem sic conceptam virgo Maria maledictum
80 2503 1821 2559 legis euasit. dicente Augustino in sermone praedicto. Dedit ergo ei vt & virgo, quod magis optabat
90 2563 1825 2622 permaneret, & vt nemo illam a maledicto legis liberrimam dubitaret, foecunda fieret. Et vnde
83 2603 1817 2664 foecunda: foecunda spiritu sancto qui omnia foecundat. vt secundum hoc edictum legis quantum
87 2661 1815 2724 ad intentionem Legislatoris de matrimonium contrahendo non erat nisi propter prolem haben
86 2712 1812 2773 dam ex copula, ita quod si posset ab aliqua haberi proles fine copula, casum istum intellexit Le-
83 2762 1822 2834 gislator exceptum, vt simul existens perfectus Tegislator & Epieices: vt talis mater intelligere
80 2825 1819 2890 tur excepta a legis maledicto & edicto si nec matrimonium contraxisset, sicut nec copulam susti-
83 2879 1813 2929 nuit. Vnde in edicto legis & maledicto non erant nisi sterilitas & subtractio partus volunta-
78 2929 1826 2988 ria. Deuter. sexto & septimo. Non erit apud vos sterilis vtriusque sexus. Propter quod causa contrahen
80 2981 1819 3040 di matrimonium in Maria non fuit proles ex matrimonio generanda, sed educanda, & vt
79 3028 1829 3088 suspitio tolleretur qua de incestu genuisse suspicaretur. Sic ergo dicunt quod votum Mariae quia simplex
77 3084 1840 3164 fuit, verum matrimonium contraxit. quia non votum simplex, sed solenne impedit matrimonium
