2391 3732
567 235 2285 311 contrahendum. & quia sub conditione fuit: super qua reuelatione diuina certificata eratu: & in illa
560 295 2284 350 conditione continebatur implicite dispositio dei de eius consensu in matrimonialem copulam: ideo
553 347 2282 407 non peccauit. & licet non consensit in carnalem copulam: quia talis huiusmodi consenlus non fuit
549 405 2278 481 appositus & expressus, ideo matrimonium non impediuit, quia expressus impediuisset: quia. scilicet est
559 459 2279 522 contra bonum matrimonis scilicet prlem procurandam, & omnis talis conditio apposita omnino tollit ma-
556 508 2274 579 trimonium. & sic nec implicite in carnalem copulam consensit: quia nec super hoc consilium spiritusan-
554 570 2287 622 cti habuit. Quo ad hoc ergo quod dicunt aliqui Mariam ante matrimonium affectasse & desideriumha i
551 618 2278 684 buisse seruandae virginitatis: bene verum est, quia forte non continuo post habitam discretionem
560 674 2282 746 habuit deliberationem de virginitate perpetuo conseruanda nisi statim habuisset reuelationem spi
560 731 2289 807 ritus sancti: quam forte non habuit. Ex deliberatione enim virginitatem se seruaturam sine reuelatia
551 785 2288 853 ne aut aliqua certificatione non disposuit, aut voluntate etiam absque voto firmauit. quoniam si absolutt
566 844 2290 903 vouisset, aut disposuisset custodire perpetuam virginitatem absque aliqua certificatione, autreuela
551 889 2286 965 latione super hoc habita: & maxime si voluntatem suam super hoc voto etiam simplici confirmas
555 950 2279 1009 set, quamuis sub conditione tali, nisi deus aliter disponeret & inspiraret ei quod eam vellet consentire in
558 1004 2289 1062 copulam: tamen quantum est ex se, simpliciter copulam abnegauit. Talis enim conditio de voluntate su
566 1063 2288 1128 perioris pro non adiecta habetur. Et sic quantum est de se legi contrariaretur voluntate, etsi non
562 1116 2293 1187 voto solenni expresso verbis, & voluntate etiam absque omni voto, siue contrahens matrimonium si
557 1170 2286 1232 ue non contrahens peccasset: et non minus absque voto quam cum voto, & sine matrimonio quam cum matri
559 1228 2277 1295 monio: quia si cum matrimonio, tunc cum hoc quod contrariaretur legi per voluntatem, periculo
553 1294 2278 1355 contrario voto se exponeret. Propter quod dicitur. xxvii. quaest. ii. in. &. Sed quare. Quianunquam seco
560 1338 2289 1409 gnituram proposuerat, sed contra suum propositum postea consensit in carnalem copulam, rea fa
557 1398 2288 1459 cta est voti virginalis mente etsi non corpore violati, quod de ea sentire: nefas est. Propter quod quaestioni re
569 1441 2285 1516 spondendo inducit cap. Augustinus. Beata virgo proposuit se seruaturam viginitatem nisi deus ali
560 1510 2285 1567 ter reuelaret. Committens ergo virginitatem suam diuinae dispositioni consensit in carnalem co
566 1555 2288 1627 pulam, non illam appetendo, sed diuinae inspirationi in vtroque obediendo. Glos. super illud. Reuel-
563 1613 2283 1678 ret. Inde est quod licite potuit contrahere matrimonium deo reuelante: etsi vouisset etiam solenniter
563 1668 2285 1738 quia votum fuit sub conditione. Immo quantumcunque absolutum sit votum, semper intelligitur excepta
559 1715 2314 1799 auctoritas maioris, vt extra de iureiuram. Venientes. Sic ergo vt mihi videtur, beata virgo etsi an E
561 1776 2281 1836 te matrimonium affectum & desiderium seruandae virginitatis habuit absque reuelatione aut cer
556 1829 2283 1890 tificatione, nihil super hoc firmauit siue voluntate simplici, siue voto. Sic ergo necesse est ponere quod re
564 1879 2282 1962 uelationem aut certificationem habuit de praeseruantia in virginitate antequam super hoc aliquid vo
559 1941 2285 2011 luntate firmauit, aut vouit: postquam autem talem certificationem habuit, aequaliter voluntate firma-
564 1992 2274 2064 re, & vouere etiam solenniter quantum est ex se potuit. Quare cum huiusmodi certificationem aequaliter po
563 2046 2279 2115 tuit habuisse ante matrimonium, & post: aequaliter ergo ante & post potuit vouisse etiam solenni-
566 2101 2284 2173 ter quantum erat ex se. Quia autem dicta opinio dicit secundum praedictum modum Matiamprius
555 2156 2275 2218 se matrimonio loseph coniunxisse quam vouisse, non videtur mihi tenendum, quia Augustinus in principio
565 2205 2274 2281 de sancta virginitate videtur significare eam primo vouisse, deinde contraxisse: & tertio filium deicum
567 2268 2280 2342 cepisse. dicit enim sic. Prius quam conciperetur iam deo dicatam de qua nasceretur elegit. Hoc indicantur
572 2317 2283 2397 verba quae sibi foetum annuncianti angelo Maria reddidit. Quomodo (inquit) siet istud, quoniam vitum non
563 2373 2283 2451 cognosco. Quod profecto non diceret nisi deo se. virginem ante vouisset. Ecce quia ante vouit quam concepit Qui-
569 2437 2278 2503 vero ante vouit quam nupsit, indicat quod immediate sequitur. Sed quia hoc lsraelitarum mores adlucre
566 2490 2280 2562 cusabant, desponsata est viro iusto. Sed ne aliquis posset dicere: verum est, sed prius quasouit: sequitur
566 2531 2288 2621 continue. Non violenter ablatura: sed potius contra violentias custoditura quod illa iam vouerat non
566 2588 2290 2671 violenter ablature. scilicet ne a viro volente eam violare, violaretur, vt Christus de ea virgine existente con
562 2648 2284 2718 ciperetur, secundum quod praemisit ante verbum praeassumptum dicens. ldeoque virginitas eius gratior
566 2699 2277 2775 & acceptior: quia non eam conceptus Christus viro violaturo quam conseruaret, paripuit, sed prius quam
563 2756 2287 2818 conciperetur &c. vt iam supra. Non praeripuit voto castitatis post coniugium emisso, sediamdeo di-
566 2801 2284 2888 catam ante scilicet. coniugium elegit. Quod bene indicat Augustinus in eo quod addit. lam illa vouerat. Quid inquam
567 2863 2290 2931 vouerat de praeterito: nisi quod propter lsraelitarum mores desponsanda esset viro iusto non eam violatum
562 2915 2292 2994 ro, sed custodituro: Quid eam vouisse prius nullo modo erat opportunum nisi vt prius quam sciret quod Chri s
560 2980 2278 3050 stus de ea nasceretur voueret libere absque alterius consensu ante contractum matrimonium: ne iam
564 3037 2275 3105 contracto matrimonio de eius consensu voueret, vt de caetero non haberet necessitatem seruim-
562 3064 2282 3164 di ei in copula carnali etiam si vellet. & in hoc exemplum esset virginum futurarum, vt scilicet an
559 3131 2281 3226 te matrimonium vouerent. & sic gratiosior esset virginitas Mariae dependens ex absoluta electione
