2428 3796
180 315 1976 405 sed solum certificatione praedicta ad faciendum quod fecit, vt patet ex dictis. Quin tamen cum tali certifica
178 395 1978 454 tione reuelatio, quam multi ponunt, ei fuerit facta non penitus abnego: quia hoc in puro facto consistit.
185 443 1970 516 Sed siue ex tali reuelatione siue alio modo certificata fuerit: siue post matrimonium vouerit siue non
178 499 1969 566 de quo nihil est ponendum nisi secundum quod dictant recta ratio & dicta sanctorum factum fuisse perfe-
180 561 1972 625 ctius: quod ipsam praesumendum est fecisse: tamen ex dictis patet quod licite ante matrimonium perfectum subse
182 603 1062 657 cuturum potuisset vouisse simpliciter absolute.
521 656 1954 720 Irca quintum ponatur propter obiecta & ad maiorem intellectum quaestionis casus
522 718 1956 776 talis. Rex quidam potentissimus peregre proficiscens cum filio haerede suo successuro
517 766 1964 831 in regno, sepulturam corporis sui simpliciter elegit faciendam in ecclesia quorum
524 819 1960 884 dam monachorum. Mortuo autem rege praedicto in regione longinqua, visum est
508 883 1962 943 filio suo iam succedenti in regno onerosum & periculosum corpus deferre cum
485 934 1963 997 intestinis ad locum sepulcri electum, & intestina extracta destinauit sepeliri in ecclesia
175 985 1964 1047 quorundam fratrum: sed ad instantiam archiepiscopi loci & canonicorum ecclesiae matricis procurato
179 1042 1955 1099 quod intestina in ecclesia eorum sepelirentur, quidam de ordine fratrum praedictorum procurauit erga dictum
177 1089 1955 1152 haeredem quod cor ei conferretur ad sepeliendum in ecclesia sua non multum distante ab ecclsia dictorum mo-
169 1149 1954 1207 nachorum: quo facto, & corde cum corpore delato vsque in ciuitatem regiam: abbas dictorum monacho-
174 1202 1956 1267 rum cum suo conuentu constanter petiit sibi cor cum corpore tradi ad sepeliendum: quid cum eis denegare
176 1252 1954 1318 tur constanter ab haerede iam nouo rege: tandem per proborum intercessionem post multam contradi-
168 1307 1959 1370 ctionem licet inuiti dixerunt dicti abbas & monachi quod sustinerent hoc quod rex de corde faceret. ex quo
168 1359 1957 1421 praesumebat rex ipsos adhibere consensum vt cor sepeliretur in ecclesia dicti fratris & confratrum suo-
165 1419 1957 1479 rum: quid & sic factum fuisse propositum erat. super quo est quaestio: vtrum fratres illi cor illud tenerentur di
164 1471 1949 1528 ctis monachis restituere: & an monachi teneantur illud repetere. Ex arguitur quod sic: quia dicitur. xii.
164 1521 1944 1584 qd ii. S. Nunc quaeritur. in glos. Siquis autem in casu non concesso receperit corpus alienum, etiam sepultum red
158 1576 1943 1637 dere cogetur cum omnibus quae a corpore ipsius receperat. Quare cum eadem sit ratio in parte & in to
164 1632 1951 1697 to: cor ergo illud quod erat dictis fratribus alienum: quia a defuncto cum corpore fuit collatum mo-
161 1683 1948 1742 nachis: nec erat aliquo iure concessum fratribus vt ipsum ad sepulturam acciperent: quia mortuus
154 1739 1948 1798 nec pro corpore nec pro corde sepulturam apud fratres elegerat: fratres ergo cogendi sunt vt restitu
159 1790 1948 1851 ant cor monachis: etiam cum omnibus quae a cor receperant: & si illi tenentur restituere, monachi te-
166 1847 1942 1915 nentur illlud repetere: quia aliter in hoc iniuriaretur ecclesiae eorum: & ipsi tenentur repetere ea in quibus ec
165 1899 1949 1958 clesiae eorum iniuriatur. ITEM si alicui legentur decem, & subtrahatur vnum: subtrahens tenetur
159 1952 1942 2025 illud restituere, & si sint legata ecclesiae tutor eccliae tenetur repetere: quia in hoc ecclesia illa est de-
161 2003 1941 2066 fraudata. ergo cum dictis monachis corpus simpliciter fuit legatum ad sepulturam: & in corpore sim-
163 2061 1941 2119 pliciter legato legatur quicquid est de integritate corporis: ergo &c. IN contrarium arguitur mul
162 2117 1938 2184 tipliciter. Primo sic. Quod in nuilius vergit detrimentum & alicui proficit & cultum diuinum augmen-
165 2166 1943 2223 tat: licitum est. factum in sepeliendo cor est huiusmodi: quia ex hoc monachi nuilum passi sunt detrimen
156 2217 1943 2285 tum: quia non pauciores habuerunt oblationes aut emolumenta pro solo corpore quam si cor fuisset simul cum
162 2274 1942 2341 corpore sepultum apud eos: & hoc multum profecit fratribus & animae defuncti. diuinus etiam
163 2332 1937 2394 cultus augmentatus est: quia plures missae celebrantur pro defuncto propter hoc, quam si simul esset
164 2374 1938 2436 cor sepultum cum corpore apud monachos. ergo factum fratrum in sepeliendo cor, licitum fuit. ex
158 2430 1943 2493 licite facto, nulla restat restitutio aut repetitio. ergo &c. SEcundo sic. qua ratione monachi a di-
166 2490 1942 2556 ctis fratribus tenerentur repetere cor & fratres restituere: eadem ratione tenerentur alia intestina
163 2534 1928 2612 repetere a praedictis canonicis: & illi ipsa restituere monachis. cum ergo hoc falsum sit: ergo &c. TER
165 2592 1936 2659 tio sic. secundum iura ciuilia: vbi sepultum est caput ibidem censetur locus religiosus ac si totum cor-
169 2641 1936 2711 pus ibi esset sepultum: etiam si membra alia alibi fuerint sepulta. ergo multo fortius vbi caput cum
165 2703 1934 2770 humeris et brachiis et aliis membris maioribus est sepultum, & corpus simpliciter censendum est
163 2752 1937 2830 esse sepultum, quare cum haec sepulta sint apud monachos: corpus simpliciter apud eos censendum
166 2805 1938 2868 est esse sepultum. nihil autem aliud quam corpus simpliciter legauit eis sepeliendum defunctus. ergo &c.
163 2854 1926 2928 QVARto sic. in iure ciuili cautum est quod princeps potest mutare tumulos: quod si sic, ergo multo fortius
157 2919 1927 2976 potest non tumulatum corpus diuidere: & partem eius in tumulo seorsum ponere: cum ergo fra-
165 2968 1934 3042 tres quod fecerunt tumulando cor, auctoritate principis fecerunt: ergo &c. QVINto sic. reges praedeces
152 3016 1928 3091 sores eius cuius auctoritate & collatione fratres sepelierunt cor: consueuerunt intestina patrum & vxorum sua
161 3078 1939 3136 rum partiri: & tradere sepelienda vbi voluerunt quoniam in remotis partibus moriebantur: sed consuetudo dat ius maxime
164 3130 1936 3202 regibus & principibus. ergo &c. SExto sic, quid possunt aliqui tumulare alicubi, postquam eis datum est prasent defer
157 3188 1933 3264 re & tumulare alibi vbicumque: quaere cum fratribus dicti ordis data fuerunt omnia intestina, et potuissent ea simul in
