<?xml version="1.0" encoding="UTF-8" standalone="yes"?>
<PcGts xmlns="http://schema.primaresearch.org/PAGE/gts/pagecontent/2013-07-15" xmlns:xsi="http://www.w3.org/2001/XMLSchema-instance" xsi:schemaLocation="http://schema.primaresearch.org/PAGE/gts/pagecontent/2013-07-15 http://schema.primaresearch.org/PAGE/gts/pagecontent/2013-07-15/pagecontent.xsd">
    <Metadata>
        <Creator>prov=University of Rostock/Institute of Mathematics/CITlab|PLANET AI GmbH/Gundram Leifert/gundram.leifert@planet-ai.de:name=Badius1518-m5(htr_id=23184)::::v=2.6.6
prov=University of Rostock/Institute of Mathematics/CITlab|PLANET AI GmbH/Tobias Gruening/tobias.gruening@planet-ai.de:name=de.uros.citlab.module.baseline2polygon.B2PSeamMultiOriented:v=2.6.6
prov=University of Rostock/Institute of Mathematics/CITlab|PLANET AI GmbH/Tobias Gruening/tobias.gruening@planet-ai.de:name=/net_tf/LA73_249_0mod360.pb:de.uros.citlab.segmentation.CITlab_LA_ML:v=2.6.0
Transkribus</Creator>
        <Created>2019-12-09T23:46:23.464+01:00</Created>
        <LastChange>2020-04-22T13:58:35.934+02:00</LastChange>
        <TranskribusMetadata docId="291873" pageId="11634383" pageNr="116" tsid="28122346" status="IN_PROGRESS" userId="25065" imgUrl="https://files.transkribus.eu/Get?id=QTNDSEJKVPLNHAIIFPDIIZDA&amp;fileType=view" xmlUrl="https://files.transkribus.eu/Get?id=IIOANXRWGWMRQGGFDQLIZBCG" imageId="8013424"/>
    </Metadata>
    <Page imageFilename="115.jpg" imageWidth="2495" imageHeight="3749">
        <ReadingOrder>
            <OrderedGroup id="ro_1587600600324" caption="Regions reading order">
                <RegionRefIndexed index="0" regionRef="TextRegion_1580605997256_702"/>
            </OrderedGroup>
        </ReadingOrder>
        <TextRegion orientation="0.0" id="TextRegion_1580605997256_702" custom="readingOrder {index:0;}">
            <Coords points="532,319 2286,316 2266,3289 512,3287"/>
            <TextLine id="r2l2" custom="readingOrder {index:0;}">
                <Coords points="535,380 2294,372 2294,293 535,323"/>
                <Baseline points="545,360 631,360 718,360 805,360 892,360 979,360 1066,360 1152,360 1239,361 1326,361 1413,361 1500,361 1587,361 1674,361 1760,361 1847,361 1934,361 2021,361 2108,360 2195,360 2282,359"/>
                <TextEquiv>
                    <Unicode>nerare. Et quo ad vtrunque modum simul determinat Augustinus in auctoritate tacta vbi dicit. Alimenta</Unicode>
                </TextEquiv>
            </TextLine>
            <TextLine id="r2l3" custom="readingOrder {index:1;}">
                <Coords points="534,441 2296,429 2281,370 535,380"/>
                <Baseline points="546,418 637,417 729,417 820,417 912,417 1003,417 1095,417 1186,417 1278,417 1369,417 1461,417 1552,417 1644,417 1735,417 1827,417 1918,418 2010,418 2101,418 2193,418 2285,418"/>
                <TextEquiv>
                    <Unicode>carnis corrupta, i i. amittentia formam suam in membrorum istorum fabricam migrant: &amp; corrupta</Unicode>
                </TextEquiv>
            </TextLine>
            <TextLine id="r2l4" custom="readingOrder {index:2;}">
                <Coords points="526,489 2228,493 2294,429 526,439"/>
                <Baseline points="537,474 624,473 711,472 798,472 886,471 973,471 1060,471 1147,471 1235,471 1322,472 1409,472 1496,472 1584,472 1671,472 1758,472 1845,472 1933,472 2020,472 2107,472 2194,471 2282,470"/>
                <TextEquiv>
                    <Unicode>reficiunt in aliam formam per conuenientiam transeuntia: &amp; per vitalem motum diiudicantur quo </Unicode>
                </TextEquiv>
            </TextLine>
            <TextLine id="r2l5" custom="readingOrder {index:3;}">
                <Coords points="539,537 2293,552 2293,482 539,485"/>
                <Baseline points="549,527 635,527 722,527 808,527 895,527 982,527 1068,527 1155,527 1242,527 1328,528 1415,528 1502,528 1588,528 1675,528 1762,528 1848,528 1935,528 2022,528 2108,528 2195,528 2282,527"/>
                <TextEquiv>
                    <Unicode>dammodo: vt ex eis in structuram huius corporis visibilis quae apta sunt assumantur: non apta vero</Unicode>
                </TextEquiv>
            </TextLine>
            <TextLine id="r2l6" custom="readingOrder {index:4;}">
                <Coords points="535,609 2289,592 2213,533 535,550"/>
                <Baseline points="546,584 632,583 719,583 805,582 892,582 979,582 1065,582 1152,582 1238,582 1325,582 1412,582 1498,582 1585,583 1671,583 1758,583 1845,583 1931,583 2018,583 2104,583 2191,583 2278,582"/>
                <TextEquiv>
                    <Unicode>per congruos meatus eiiciantur: quorum aliud faeculentissimum redditur terrae ad alias formas</Unicode>
                </TextEquiv>
            </TextLine>
            <TextLine id="r2l7" custom="readingOrder {index:5;}">
                <Coords points="532,648 2025,662 2296,651 2296,587 532,609"/>
                <Baseline points="544,640 631,640 718,639 805,639 892,639 979,639 1066,639 1153,639 1240,639 1327,639 1415,639 1502,640 1589,640 1676,640 1763,640 1850,640 1937,640 2024,640 2111,639 2198,639 2286,638"/>
                <TextEquiv>
                    <Unicode>assumendas, aliud per totum corpus exhalat, aliud totius animalis latentes neruos accipit, &amp; inchoatur</Unicode>
                </TextEquiv>
            </TextLine>
            <TextLine id="r2l8" custom="readingOrder {index:6;}">
                <Coords points="523,718 2289,717 2289,649 524,662"/>
                <Baseline points="535,695 622,695 709,695 796,694 883,694 970,694 1057,694 1145,694 1232,694 1319,694 1406,694 1493,694 1580,694 1667,695 1755,695 1842,695 1929,695 2016,695 2103,695 2190,695 2278,695"/>
                <TextEquiv>
                    <Unicode>in prolem, &amp; siue congruentia duorum corporum siue tali aliquo phantasmate commotum per ge-</Unicode>
                </TextEquiv>
            </TextLine>
            <TextLine id="r2l9" custom="readingOrder {index:7;}">
                <Coords points="524,774 2290,758 2257,703 525,717"/>
                <Baseline points="535,752 622,750 709,749 796,749 884,748 971,748 1058,748 1145,748 1233,749 1320,749 1407,749 1494,750 1582,751 1669,751 1756,752 1843,752 1931,752 2018,752 2105,752 2192,751 2280,750"/>
                <TextEquiv>
                    <Unicode>nitales vias ab ipso vertice defluit in infima, voluptate. Iam vero in matre per certos numeros tem</Unicode>
                </TextEquiv>
            </TextLine>
            <TextLine id="r2l10" custom="readingOrder {index:8;}">
                <Coords points="530,827 2213,824 2285,815 2285,761 530,769"/>
                <Baseline points="541,807 627,806 714,805 800,804 887,804 974,804 1060,803 1147,804 1234,804 1320,804 1407,804 1494,805 1580,805 1667,805 1754,806 1840,806 1927,806 2014,806 2100,805 2187,805 2274,804"/>
                <TextEquiv>
                    <Unicode>porum coaptatur: vt suas regiones quaeque membra occupent. Etsi modum parilitatis seruauerint, nasci</Unicode>
                </TextEquiv>
            </TextLine>
            <TextLine id="r2l11" custom="readingOrder {index:9;}">
                <Coords points="529,878 2135,887 2288,868 2288,813 529,830"/>
                <Baseline points="539,863 630,862 722,860 813,859 905,859 996,859 1088,859 1179,859 1271,859 1362,860 1454,860 1545,861 1637,862 1728,862 1820,862 1911,863 2003,863 2094,862 2186,862 2278,860"/>
                <TextEquiv>
                    <Unicode>tur formosum corpus: &amp; a suis dilectoribus amatur acerrime. Sed quia vt patet ex primo argumento</Unicode>
                </TextEquiv>
            </TextLine>
            <TextLine id="r2l12" custom="readingOrder {index:10;}">
                <Coords points="531,933 2282,939 2282,869 531,878"/>
                <Baseline points="542,918 628,917 714,916 801,915 887,914 974,914 1060,914 1147,914 1233,914 1320,914 1406,915 1492,915 1579,916 1665,916 1752,917 1838,917 1925,917 2011,917 2098,917 2184,917 2271,916"/>
                <TextEquiv>
                    <Unicode>quaestio principaliter retorquetur ad conuersionem alimenti in veritatem naturae hominis aliti, non autem progeniti</Unicode>
                </TextEquiv>
            </TextLine>
            <TextLine id="r2l13" custom="readingOrder {index:11;}">
                <Coords points="531,992 2285,980 2216,926 531,933"/>
                <Baseline points="541,974 627,972 714,971 800,970 887,969 974,969 1060,969 1147,969 1234,970 1320,970 1407,971 1494,972 1580,972 1667,973 1754,973 1840,974 1927,974 2014,974 2100,973 2187,972 2274,971"/>
                <TextEquiv>
                    <Unicode>illa parte de progenito hominis amissa: dicendum est dealito quod in veritatem naturae suae corporalis per</Unicode>
                </TextEquiv>
            </TextLine>
            <TextLine id="r2l14" custom="readingOrder {index:12;}">
                <Coords points="521,1052 2204,1046 2274,1042 2274,983 521,993"/>
                <Baseline points="533,1030 619,1028 705,1027 792,1026 878,1025 965,1025 1051,1025 1138,1025 1224,1025 1311,1026 1397,1026 1483,1027 1570,1027 1656,1028 1743,1028 1829,1028 1916,1028 2002,1028 2089,1027 2175,1026 2262,1024"/>
                <TextEquiv>
                    <Unicode>nutritionem conuertitur substantia alimenti. Nec differunt nutritio &amp; generatio nisi quod generatio formam</Unicode>
                </TextEquiv>
            </TextLine>
            <TextLine id="r2l15" custom="readingOrder {index:13;}">
                <Coords points="524,1090 2218,1101 2288,1047 524,1051"/>
                <Baseline points="536,1084 623,1082 710,1081 797,1080 884,1079 971,1079 1058,1079 1145,1080 1232,1080 1319,1080 1406,1081 1493,1082 1580,1082 1667,1083 1754,1083 1841,1083 1928,1083 2015,1083 2102,1082 2189,1082 2277,1080"/>
                <TextEquiv>
                    <Unicode>suam similem in specie aliam numero ex materia nutrimenti producit in genito. Nutritio vero sub forma</Unicode>
                </TextEquiv>
            </TextLine>
            <TextLine id="r2l16" custom="readingOrder {index:14;}">
                <Coords points="523,1164 2210,1161 2282,1148 2282,1091 523,1107"/>
                <Baseline points="534,1139 620,1138 707,1137 794,1136 881,1136 968,1136 1055,1136 1142,1136 1229,1136 1316,1136 1403,1137 1489,1137 1576,1137 1663,1138 1750,1138 1837,1138 1924,1138 2011,1138 2098,1138 2185,1138 2272,1137"/>
                <TextEquiv>
                    <Unicode>sua eadem numero corrumpendo formam alimenti sibi coniungit materiam alimenti: per quod nutritur &amp; augmen</Unicode>
                </TextEquiv>
            </TextLine>
            <TextLine id="r2l17" custom="readingOrder {index:15;}">
                <Coords points="526,1218 2258,1210 2276,1147 526,1153"/>
                <Baseline points="536,1195 622,1194 709,1193 795,1192 882,1192 968,1191 1055,1191 1141,1192 1228,1192 1314,1192 1401,1192 1487,1193 1574,1193 1660,1193 1747,1194 1833,1194 1920,1194 2006,1193 2093,1193 2179,1192 2266,1192"/>
                <TextEquiv>
                    <Unicode>tatur per actionem carnis secundum speciem, augmentando carnem illam quae deperditur: quae dicitur esse caro se</Unicode>
                </TextEquiv>
            </TextLine>
            <TextLine id="r2l18" custom="readingOrder {index:16;}">
                <Coords points="529,1268 2225,1270 2282,1211 529,1216"/>
                <Baseline points="541,1252 627,1250 713,1249 800,1248 886,1247 973,1246 1059,1246 1146,1246 1232,1247 1319,1247 1405,1248 1491,1248 1578,1249 1664,1249 1751,1250 1837,1250 1924,1250 2010,1250 2097,1249 2183,1249 2270,1247"/>
                <TextEquiv>
                    <Unicode>cundum materiam. de quo magnae sunt difficultates: de quibus nihil ad propositum. AD argumentum in oppo</Unicode>
                </TextEquiv>
            </TextLine>
            <TextLine id="r2l19" custom="readingOrder {index:17;}">
                <Coords points="525,1327 2186,1327 2277,1266 525,1271"/>
                <Baseline points="536,1308 622,1306 709,1304 795,1302 882,1301 968,1301 1055,1301 1141,1301 1228,1301 1314,1302 1401,1303 1487,1303 1574,1304 1660,1304 1747,1305 1833,1305 1920,1305 2006,1305 2093,1305 2179,1304 2266,1302"/>
                <TextEquiv>
                    <Unicode>situm: quod tunc homo posset esse perpetuus: dicendum quod non sequitur: tum quia calor naturalis in agendo </Unicode>
                </TextEquiv>
            </TextLine>
            <TextLine id="r2l20" custom="readingOrder {index:18;}">
                <Coords points="532,1386 2278,1383 2278,1311 532,1321"/>
                <Baseline points="542,1364 628,1361 714,1359 800,1358 886,1357 973,1356 1059,1356 1145,1357 1231,1357 1317,1358 1404,1358 1490,1359 1576,1360 1662,1360 1748,1361 1835,1361 1921,1361 2007,1360 2093,1359 2179,1358 2266,1356"/>
                <TextEquiv>
                    <Unicode>in nutrimentum quod primo est contrarium licet in fine sit simile in agendo, patitur: quia forma ali</Unicode>
                </TextEquiv>
            </TextLine>
            <TextLine id="r2l21" custom="readingOrder {index:19;}">
                <Coords points="529,1431 2244,1430 2273,1378 529,1388"/>
                <Baseline points="540,1419 626,1417 712,1414 798,1413 884,1412 970,1412 1056,1412 1142,1412 1228,1412 1314,1413 1401,1414 1487,1414 1573,1415 1659,1415 1745,1416 1831,1416 1917,1415 2003,1414 2089,1413 2175,1411 2262,1409"/>
                <TextEquiv>
                    <Unicode>menti contra agit: &amp; per hoc semper calor naturalis continue debilitatur: &amp; necesse est in finem eum omnino</Unicode>
                </TextEquiv>
            </TextLine>
            <TextLine id="r2l22" custom="readingOrder {index:20;}">
                <Coords points="524,1495 2181,1484 2274,1477 2274,1423 524,1436"/>
                <Baseline points="534,1476 620,1473 706,1470 793,1469 879,1467 966,1467 1052,1467 1139,1467 1225,1467 1312,1468 1398,1469 1484,1469 1571,1470 1657,1471 1744,1471 1830,1472 1917,1471 2003,1471 2090,1469 2176,1468 2263,1465"/>
                <TextEquiv>
                    <Unicode>extingui: tum quia in corpore humano calor viget in humido vnctuoso, sicut ignis ardet in oleo. Humi</Unicode>
                </TextEquiv>
            </TextLine>
            <TextLine id="r2l23" custom="readingOrder {index:21;}">
                <Coords points="526,1547 2161,1543 2279,1532 2279,1477 526,1493"/>
                <Baseline points="538,1531 624,1528 711,1526 797,1524 884,1522 970,1521 1057,1521 1143,1521 1230,1522 1316,1522 1403,1523 1489,1524 1576,1525 1662,1525 1749,1526 1835,1526 1922,1526 2008,1525 2095,1525 2181,1523 2268,1521"/>
                <TextEquiv>
                    <Unicode>dum autem huiusmodi, duplex est: radicale ex prima regeneratione a parentibus in semine contractum, &amp; nutrimen</Unicode>
                </TextEquiv>
            </TextLine>
            <TextLine id="r2l24" custom="readingOrder {index:22;}">
                <Coords points="527,1602 2098,1601 2273,1585 2273,1533 527,1547"/>
                <Baseline points="537,1585 623,1583 709,1580 795,1579 882,1578 968,1577 1054,1577 1140,1577 1227,1578 1313,1578 1399,1579 1485,1580 1572,1581 1658,1581 1744,1581 1830,1581 1917,1581 2003,1580 2089,1579 2175,1577 2262,1574"/>
                <TextEquiv>
                    <Unicode>tale per nutritionem a nutrimento attractum. in vtroque viget calor naturalis: sed in humido radicali</Unicode>
                </TextEquiv>
            </TextLine>
            <TextLine id="r2l25" custom="readingOrder {index:23;}">
                <Coords points="519,1654 2196,1654 2270,1643 2270,1588 519,1603"/>
                <Baseline points="530,1641 616,1638 702,1636 789,1635 875,1634 962,1633 1048,1633 1135,1633 1221,1633 1308,1633 1394,1634 1480,1634 1567,1635 1653,1635 1740,1635 1826,1635 1913,1635 1999,1635 2086,1634 2172,1633 2259,1631"/>
                <TextEquiv>
                    <Unicode>essentiae cui admiscetur humidum nutrimentale: &amp; fit cum ipso pabulum caloris naturalis: ne humi</Unicode>
                </TextEquiv>
            </TextLine>
            <TextLine id="r2l26" custom="readingOrder {index:24;}">
                <Coords points="518,1715 2184,1712 2260,1707 2260,1644 518,1654"/>
                <Baseline points="530,1696 620,1693 710,1691 801,1690 891,1689 982,1688 1072,1688 1163,1688 1253,1689 1344,1689 1434,1690 1525,1690 1615,1691 1706,1691 1796,1691 1887,1691 1977,1691 2068,1690 2158,1689 2249,1687"/>
                <TextEquiv>
                    <Unicode>dum radicale citius depascat: quia illo consumpto necesse est morte naturali hominem mori. Et quia</Unicode>
                </TextEquiv>
            </TextLine>
            <TextLine id="r2l27" custom="readingOrder {index:25;}">
                <Coords points="519,1763 1860,1774 2259,1756 2259,1706 519,1715"/>
                <Baseline points="530,1753 620,1749 710,1747 801,1745 891,1744 982,1744 1072,1743 1163,1743 1253,1744 1344,1744 1434,1745 1525,1746 1615,1746 1706,1747 1796,1747 1887,1746 1977,1746 2068,1745 2158,1743 2249,1741"/>
                <TextEquiv>
                    <Unicode>nunquam tantum interponit se humidum nutrimentale pro humido radicali, vt sit pabulum caloris, quin</Unicode>
                </TextEquiv>
            </TextLine>
            <TextLine id="r2l28" custom="readingOrder {index:26;}">
                <Coords points="516,1819 2214,1818 2277,1761 516,1764"/>
                <Baseline points="528,1807 614,1804 701,1802 788,1801 875,1800 962,1799 1049,1799 1136,1799 1223,1799 1310,1799 1397,1800 1483,1800 1570,1801 1657,1801 1744,1801 1831,1801 1918,1800 2005,1799 2092,1797 2179,1795 2266,1793"/>
                <TextEquiv>
                    <Unicode>semper simul cum humido nutrimentali necesse est aliquid consumi de humido radicali: ideo cum sit</Unicode>
                </TextEquiv>
            </TextLine>
            <TextLine id="r2l29" custom="readingOrder {index:27;}">
                <Coords points="512,1878 2269,1870 2268,1803 512,1819"/>
                <Baseline points="522,1865 608,1861 695,1858 782,1856 869,1855 956,1854 1042,1854 1129,1854 1216,1854 1303,1854 1390,1855 1476,1855 1563,1856 1650,1856 1737,1857 1824,1857 1910,1856 1997,1855 2084,1854 2171,1851 2258,1848"/>
                <TextEquiv>
                    <Unicode>finitum, necesse est ad vltimum consumi &amp; hominem mori: quia humidum nutrimentale per se ad conti</Unicode>
                </TextEquiv>
            </TextLine>
            <TextLine id="r2l30" custom="readingOrder {index:28;}">
                <Coords points="503,1930 1976,1942 2247,1921 2262,1866 503,1888"/>
                <Baseline points="514,1921 600,1917 687,1914 774,1912 861,1911 948,1910 1035,1910 1121,1910 1208,1910 1295,1910 1382,1911 1469,1912 1556,1912 1643,1913 1729,1913 1816,1912 1903,1912 1990,1910 2077,1908 2164,1905 2251,1902"/>
                <TextEquiv>
                    <Unicode>nuationem vitae &amp; conseruationem naturalis caloris non sufficit. &amp; quomodo hoc, grauem in se ha</Unicode>
                </TextEquiv>
            </TextLine>
            <TextLine id="r2l31" custom="readingOrder {index:29;}">
                <Coords points="502,2000 615,1988 637,1997 694,1985 823,2001 822,1940 715,1937 689,1926 647,1931 630,1947 610,1936 501,1931"/>
                <Baseline points="512,1973 539,1974 566,1974 593,1973 620,1973 647,1972 675,1970 702,1970 729,1970 756,1970 783,1972 811,1974"/>
                <TextEquiv>
                    <Unicode>bet quaestionem.</Unicode>
                </TextEquiv>
            </TextLine>
            <TextLine id="r2l32" custom="readingOrder {index:30;}">
                <Coords points="813,2039 2273,2044 2273,1958 813,1971"/>
                <Baseline points="824,2026 895,2025 967,2024 1039,2024 1111,2025 1183,2025 1255,2026 1326,2026 1398,2027 1470,2028 1542,2029 1614,2029 1686,2029 1758,2029 1829,2028 1901,2027 1973,2026 2045,2024 2117,2021 2189,2017 2261,2013"/>
                <TextEquiv>
                    <Unicode>Irca secundum arguitur quod paruulus contrahat culpam secundum illud apo-</Unicode>
                </TextEquiv>
            </TextLine>
            <TextLine id="r2l33" custom="readingOrder {index:31;}">
                <Coords points="814,2095 2272,2077 2272,2040 2163,2023 814,2040"/>
                <Baseline points="826,2082 897,2081 969,2080 1041,2080 1113,2081 1184,2081 1256,2081 1328,2082 1400,2082 1471,2083 1543,2083 1615,2084 1687,2084 1758,2084 1830,2083 1902,2082 1974,2081 2045,2079 2117,2076 2189,2073 2261,2069"/>
                <TextEquiv>
                    <Unicode>stoli. Omnes in Adam peccauerunt. &amp; hoc non nisi contrahendo culpam ab ipso. ergo </Unicode>
                </TextEquiv>
            </TextLine>
            <TextLine id="r2l34" custom="readingOrder {index:32;}">
                <Coords points="814,2147 2172,2150 2224,2139 2224,2091 814,2095"/>
                <Baseline points="824,2138 893,2137 962,2136 1032,2135 1101,2135 1171,2135 1240,2136 1310,2136 1379,2137 1449,2138 1518,2139 1587,2139 1657,2139 1726,2139 1796,2139 1865,2138 1935,2137 2004,2134 2074,2132 2143,2128 2213,2123"/>
                <TextEquiv>
                    <Unicode>&amp;c. CONtra. Peccatum consistit formaliter in actu voluntatis. sed paruulus num</Unicode>
                </TextEquiv>
            </TextLine>
            <TextLine id="r2l35" custom="readingOrder {index:33;}">
                <Coords points="810,2211 2178,2205 2274,2189 2274,2147 809,2146"/>
                <Baseline points="821,2190 893,2190 965,2190 1037,2190 1109,2190 1181,2191 1253,2191 1325,2192 1397,2193 1469,2193 1541,2193 1613,2194 1685,2193 1757,2193 1829,2192 1901,2191 1973,2189 2045,2186 2117,2184 2189,2180 2262,2176"/>
                <TextEquiv>
                    <Unicode>habuit actum voluntatis, propriae: neque aliquid voluntatis primi parentis potuit deuenire</Unicode>
                </TextEquiv>
            </TextLine>
            <TextLine id="r2l36" custom="readingOrder {index:34;}">
                <Coords points="802,2252 1948,2270 2247,2256 2268,2190 802,2197"/>
                <Baseline points="812,2245 884,2245 956,2245 1028,2245 1101,2246 1173,2246 1245,2246 1317,2247 1390,2247 1462,2248 1534,2248 1606,2248 1679,2248 1751,2247 1823,2247 1895,2246 1968,2245 2040,2243 2112,2241 2184,2238 2257,2235"/>
                <TextEquiv>
                    <Unicode>ad paruulum. ergo &amp;c. DIcendum ad hoc, omissa recitatione opinionum haereticorum </Unicode>
                </TextEquiv>
            </TextLine>
            <TextLine id="r2l37" custom="readingOrder {index:35;}">
                <Coords points="801,2323 2270,2296 2224,2246 801,2249"/>
                <Baseline points="812,2301 884,2300 956,2299 1028,2299 1101,2299 1173,2299 1245,2300 1318,2301 1390,2302 1462,2302 1535,2303 1607,2303 1679,2303 1751,2303 1824,2303 1896,2301 1968,2300 2041,2297 2113,2294 2185,2290 2258,2285"/>
                <TextEquiv>
                    <Unicode>dicentium paruulos nullum peccatum contrahere a parentibus: nihilque esse originale pec</Unicode>
                </TextEquiv>
            </TextLine>
            <TextLine id="r2l38" custom="readingOrder {index:36;}">
                <Coords points="809,2378 2259,2356 2258,2299 809,2319"/>
                <Baseline points="820,2356 891,2355 962,2355 1034,2354 1105,2354 1177,2354 1248,2355 1319,2355 1391,2356 1462,2356 1534,2356 1605,2357 1676,2357 1748,2356 1819,2356 1891,2355 1962,2354 2033,2352 2105,2350 2176,2347 2248,2344"/>
                <TextEquiv>
                    <Unicode>catum: &amp; disputatione contra illud: dicendum quod paruuli contrahunt culpam non solum</Unicode>
                </TextEquiv>
            </TextLine>
            <TextLine id="r2l39" custom="readingOrder {index:37;}">
                <Coords points="504,2436 2261,2411 2260,2354 504,2379"/>
                <Baseline points="514,2416 600,2413 687,2412 774,2411 861,2410 948,2410 1034,2410 1121,2410 1208,2410 1295,2411 1382,2411 1468,2412 1555,2412 1642,2412 1729,2411 1816,2411 1902,2409 1989,2408 2076,2405 2163,2402 2250,2398"/>
                <TextEquiv>
                    <Unicode>poenam pro reatu culpae: secundum quod Augustinus prolixe partractat in libris contra Donatistas, qui peccatum ori</Unicode>
                </TextEquiv>
            </TextLine>
            <TextLine id="r2l40" custom="readingOrder {index:38;}">
                <Coords points="507,2492 2100,2485 2259,2464 2259,2410 507,2438"/>
                <Baseline points="518,2472 604,2469 691,2467 777,2466 864,2465 950,2464 1037,2464 1123,2464 1210,2464 1296,2465 1383,2465 1470,2465 1556,2466 1643,2466 1729,2466 1816,2465 1902,2464 1989,2462 2075,2460 2162,2457 2249,2453"/>
                <TextEquiv>
                    <Unicode>ginale negabant. Sed quia vt visum fuit in opponendo, propter modum contrahendi originale quaestio fuit</Unicode>
                </TextEquiv>
            </TextLine>
            <TextLine id="r2l41" custom="readingOrder {index:39;}">
                <Coords points="512,2540 2101,2537 2267,2529 2267,2462 512,2492"/>
                <Baseline points="522,2527 608,2524 695,2522 781,2520 868,2519 955,2518 1041,2518 1128,2518 1215,2518 1301,2519 1388,2519 1475,2520 1561,2520 1648,2520 1735,2520 1821,2519 1908,2518 1995,2517 2081,2514 2168,2511 2255,2507"/>
                <TextEquiv>
                    <Unicode>principaliter proposita: idcirco ad huius intellectum intelligendum: quod originalis iustitia in primo parente ni</Unicode>
                </TextEquiv>
            </TextLine>
            <TextLine id="r2l42" custom="readingOrder {index:40;}">
                <Coords points="502,2593 2264,2583 2229,2518 502,2540"/>
                <Baseline points="514,2583 600,2579 687,2576 774,2574 861,2572 948,2572 1035,2571 1122,2572 1209,2572 1296,2573 1383,2573 1469,2574 1556,2575 1643,2575 1730,2575 1817,2574 1904,2573 1991,2572 2078,2569 2165,2565 2252,2561"/>
                <TextEquiv>
                    <Unicode>hil aliud fuit quam quaedam supernaturalis gratiam (vtrum gratuita, vel gratis data de hoc nihil ad praesens)</Unicode>
                </TextEquiv>
            </TextLine>
            <TextLine id="r2l43" custom="readingOrder {index:41;}">
                <Coords points="514,2656 2181,2642 2262,2631 2262,2585 514,2599"/>
                <Baseline points="524,2637 610,2633 696,2630 783,2628 869,2627 955,2626 1042,2625 1128,2625 1214,2626 1301,2626 1387,2627 1473,2627 1560,2628 1646,2628 1732,2628 1819,2628 1905,2627 1991,2625 2078,2623 2164,2620 2251,2616"/>
                <TextEquiv>
                    <Unicode>quae naturalem iustitiam roborabatl, &amp; pronitatem inclinandi ad bonum quasi ad dexteram dabat. </Unicode>
                </TextEquiv>
            </TextLine>
            <TextLine id="r2l44" custom="readingOrder {index:42;}">
                <Coords points="507,2702 2113,2702 2261,2682 2261,2638 507,2656"/>
                <Baseline points="518,2690 604,2687 691,2684 777,2682 864,2680 951,2680 1037,2679 1124,2679 1210,2680 1297,2680 1384,2681 1470,2682 1557,2682 1643,2682 1730,2682 1817,2682 1903,2681 1990,2680 2076,2677 2163,2674 2250,2670"/>
                <TextEquiv>
                    <Unicode>quam cum primus homo peruersitate voluntatis suae diuino praecepto contrariando contempsit, il-</Unicode>
                </TextEquiv>
            </TextLine>
            <TextLine id="r2l45" custom="readingOrder {index:43;}">
                <Coords points="512,2759 2250,2755 2265,2680 512,2698"/>
                <Baseline points="524,2745 610,2741 697,2738 783,2735 870,2734 956,2733 1043,2733 1129,2733 1216,2733 1302,2734 1389,2735 1475,2736 1562,2736 1648,2737 1735,2737 1821,2737 1908,2736 1994,2734 2081,2731 2167,2728 2254,2723"/>
                <TextEquiv>
                    <Unicode>lam iustitiam amisit qua inclinabatur, ad dexteram virtutis: sed econtra in rectitudine naturalise</Unicode>
                </TextEquiv>
            </TextLine>
            <TextLine id="r2l46" custom="readingOrder {index:44;}">
                <Coords points="516,2805 2234,2805 2260,2755 516,2759"/>
                <Baseline points="528,2797 614,2794 700,2791 786,2789 872,2788 958,2787 1044,2787 1130,2787 1216,2788 1302,2788 1389,2789 1475,2790 1561,2790 1647,2791 1733,2791 1819,2791 1905,2790 1991,2788 2077,2786 2163,2784 2250,2780"/>
                <TextEquiv>
                    <Unicode>voluntatis debilitatus est: ac pronitatem contrariam inclinationis ad sinistram peccati incurrit. Nunc autem formalit</Unicode>
                </TextEquiv>
            </TextLine>
            <TextLine id="r2l47" custom="readingOrder {index:45;}">
                <Coords points="521,2858 2239,2863 2261,2800 521,2805"/>
                <Baseline points="532,2849 617,2846 703,2844 789,2843 875,2842 961,2841 1047,2841 1132,2841 1218,2842 1304,2842 1390,2843 1476,2844 1562,2844 1648,2844 1733,2844 1819,2844 1905,2843 1991,2842 2077,2839 2163,2836 2249,2833"/>
                <TextEquiv>
                    <Unicode>virtus &amp; vitium siue culpa &amp; peccatum in voiuntate nihil aliud est quam dispositio quaedan dans, pronitatem</Unicode>
                </TextEquiv>
            </TextLine>
            <TextLine id="r2l48" custom="readingOrder {index:46;}">
                <Coords points="521,2908 2263,2913 2263,2859 521,2867"/>
                <Baseline points="532,2902 618,2900 704,2898 790,2896 876,2896 962,2895 1048,2895 1134,2895 1220,2896 1306,2896 1392,2897 1478,2897 1564,2898 1650,2898 1736,2898 1822,2898 1908,2897 1994,2896 2080,2894 2166,2892 2252,2889"/>
                <TextEquiv>
                    <Unicode>rectitudini naturali voluntatis inclinandi se ad bonum dextrae vel ad malum sinistrae: &amp; ab ista deor- </Unicode>
                </TextEquiv>
            </TextLine>
            <TextLine id="r2l49" custom="readingOrder {index:47;}">
                <Coords points="518,2976 2258,2966 2258,2909 2136,2900 518,2907"/>
                <Baseline points="530,2955 615,2952 701,2951 787,2949 873,2948 959,2948 1045,2948 1131,2948 1217,2949 1303,2949 1389,2950 1474,2951 1560,2951 1646,2951 1732,2952 1818,2951 1904,2951 1990,2950 2076,2948 2162,2946 2248,2943"/>
                <TextEquiv>
                    <Unicode>dinatione voluntatis in seipsa consecuta est statim in poenam quasi dyscrasia naturalis in carnem</Unicode>
                </TextEquiv>
            </TextLine>
            <TextLine id="r2l50" custom="readingOrder {index:48;}">
                <Coords points="522,3014 1775,3031 2231,3012 2257,2966 522,2975"/>
                <Baseline points="532,3007 617,3005 703,3004 789,3002 874,3002 960,3001 1046,3002 1131,3002 1217,3002 1303,3003 1389,3004 1474,3004 1560,3005 1646,3005 1731,3005 1817,3005 1903,3005 1988,3004 2074,3003 2160,3001 2246,2998"/>
                <TextEquiv>
                    <Unicode>qua caro cum sensibus suis coepit rebellare contra spiritum. Caro autem sic infecta cum virtute sua</Unicode>
                </TextEquiv>
            </TextLine>
            <TextLine id="r2l51" custom="readingOrder {index:49;}">
                <Coords points="523,3068 2018,3085 2236,3066 2262,3005 523,3014"/>
                <Baseline points="534,3060 619,3058 705,3057 791,3056 877,3055 963,3055 1049,3055 1135,3055 1221,3055 1307,3056 1393,3056 1478,3057 1564,3057 1650,3058 1736,3058 1822,3058 1908,3058 1994,3057 2080,3056 2166,3054 2252,3052"/>
                <TextEquiv>
                    <Unicode>semen informare debuit ad procreationem prolis, morbidam qualitatem suam ei impressit: quae </Unicode>
                </TextEquiv>
            </TextLine>
            <TextLine id="r2l52" custom="readingOrder {index:50;}">
                <Coords points="523,3126 2138,3132 2258,3112 2258,3062 523,3069"/>
                <Baseline points="534,3113 619,3111 705,3109 791,3108 876,3108 962,3108 1048,3108 1133,3108 1219,3109 1305,3109 1391,3110 1476,3110 1562,3111 1648,3112 1733,3112 1819,3112 1905,3112 1990,3111 2076,3110 2162,3109 2248,3107"/>
                <TextEquiv>
                    <Unicode>semper in ea remansit. Cumque complete dispositum esset &amp; organizatum ad animam rationalem: &amp; ei in </Unicode>
                </TextEquiv>
            </TextLine>
            <TextLine id="r2l53" custom="readingOrder {index:51;}">
                <Coords points="529,3187 2133,3185 2255,3172 2255,3115 529,3119"/>
                <Baseline points="540,3164 625,3163 710,3162 795,3161 880,3160 966,3160 1051,3161 1136,3161 1221,3161 1306,3162 1392,3163 1477,3163 1562,3164 1647,3164 1732,3165 1818,3165 1903,3164 1988,3164 2073,3163 2158,3161 2244,3159"/>
                <TextEquiv>
                    <Unicode>fundebatur: ex ipsius animae rationalis connexione cum tali carne in ipsa statim pronitatem ad consentiendum </Unicode>
                </TextEquiv>
            </TextLine>
            <TextLine id="r2l54" custom="readingOrder {index:52;}">
                <Coords points="527,3240 2137,3238 2264,3219 2264,3177 527,3185"/>
                <Baseline points="537,3216 622,3215 708,3214 794,3213 880,3213 966,3213 1052,3213 1137,3214 1223,3214 1309,3215 1395,3215 1481,3216 1567,3216 1653,3217 1738,3217 1824,3217 1910,3217 1996,3217 2082,3216 2168,3215 2254,3213"/>
                <TextEquiv>
                    <Unicode>carni in peccatum concepit: qua paruulus statim aptus erat ad concupiscendum: &amp; factus adultus actu</Unicode>
                </TextEquiv>
            </TextLine>
            <TextLine id="r2l55" custom="readingOrder {index:53;}">
                <Coords points="524,3298 2156,3316 2261,3290 2261,3224 524,3242"/>
                <Baseline points="534,3274 619,3272 705,3270 791,3269 877,3268 963,3268 1048,3268 1134,3268 1220,3269 1306,3270 1392,3270 1477,3271 1563,3272 1649,3273 1735,3273 1821,3273 1906,3273 1992,3272 2078,3271 2164,3270 2250,3268"/>
                <TextEquiv>
                    <Unicode>concupiscit. &amp; talis dispositio pronitatis ad peccatum non nisi culpa est: in ea enim consistit ratio formalis</Unicode>
                </TextEquiv>
            </TextLine>
            <TextEquiv>
                <Unicode>nerare. Et quo ad vtrunque modum simul determinat Augustinus in auctoritate tacta vbi dicit. Alimenta
carnis corrupta, i i. amittentia formam suam in membrorum istorum fabricam migrant: &amp; corrupta
reficiunt in aliam formam per conuenientiam transeuntia: &amp; per vitalem motum diiudicantur quo 
dammodo: vt ex eis in structuram huius corporis visibilis quae apta sunt assumantur: non apta vero
per congruos meatus eiiciantur: quorum aliud faeculentissimum redditur terrae ad alias formas
assumendas, aliud per totum corpus exhalat, aliud totius animalis latentes neruos accipit, &amp; inchoatur
in prolem, &amp; siue congruentia duorum corporum siue tali aliquo phantasmate commotum per ge-
nitales vias ab ipso vertice defluit in infima, voluptate. Iam vero in matre per certos numeros tem
porum coaptatur: vt suas regiones quaeque membra occupent. Etsi modum parilitatis seruauerint, nasci
tur formosum corpus: &amp; a suis dilectoribus amatur acerrime. Sed quia vt patet ex primo argumento
quaestio principaliter retorquetur ad conuersionem alimenti in veritatem naturae hominis aliti, non autem progeniti
illa parte de progenito hominis amissa: dicendum est dealito quod in veritatem naturae suae corporalis per
nutritionem conuertitur substantia alimenti. Nec differunt nutritio &amp; generatio nisi quod generatio formam
suam similem in specie aliam numero ex materia nutrimenti producit in genito. Nutritio vero sub forma
sua eadem numero corrumpendo formam alimenti sibi coniungit materiam alimenti: per quod nutritur &amp; augmen
tatur per actionem carnis secundum speciem, augmentando carnem illam quae deperditur: quae dicitur esse caro se
cundum materiam. de quo magnae sunt difficultates: de quibus nihil ad propositum. AD argumentum in oppo
situm: quod tunc homo posset esse perpetuus: dicendum quod non sequitur: tum quia calor naturalis in agendo 
in nutrimentum quod primo est contrarium licet in fine sit simile in agendo, patitur: quia forma ali
menti contra agit: &amp; per hoc semper calor naturalis continue debilitatur: &amp; necesse est in finem eum omnino
extingui: tum quia in corpore humano calor viget in humido vnctuoso, sicut ignis ardet in oleo. Humi
dum autem huiusmodi, duplex est: radicale ex prima regeneratione a parentibus in semine contractum, &amp; nutrimen
tale per nutritionem a nutrimento attractum. in vtroque viget calor naturalis: sed in humido radicali
essentiae cui admiscetur humidum nutrimentale: &amp; fit cum ipso pabulum caloris naturalis: ne humi
dum radicale citius depascat: quia illo consumpto necesse est morte naturali hominem mori. Et quia
nunquam tantum interponit se humidum nutrimentale pro humido radicali, vt sit pabulum caloris, quin
semper simul cum humido nutrimentali necesse est aliquid consumi de humido radicali: ideo cum sit
finitum, necesse est ad vltimum consumi &amp; hominem mori: quia humidum nutrimentale per se ad conti
nuationem vitae &amp; conseruationem naturalis caloris non sufficit. &amp; quomodo hoc, grauem in se ha
bet quaestionem.
Irca secundum arguitur quod paruulus contrahat culpam secundum illud apo-
stoli. Omnes in Adam peccauerunt. &amp; hoc non nisi contrahendo culpam ab ipso. ergo 
&amp;c. CONtra. Peccatum consistit formaliter in actu voluntatis. sed paruulus num
habuit actum voluntatis, propriae: neque aliquid voluntatis primi parentis potuit deuenire
ad paruulum. ergo &amp;c. DIcendum ad hoc, omissa recitatione opinionum haereticorum 
dicentium paruulos nullum peccatum contrahere a parentibus: nihilque esse originale pec
catum: &amp; disputatione contra illud: dicendum quod paruuli contrahunt culpam non solum
poenam pro reatu culpae: secundum quod Augustinus prolixe partractat in libris contra Donatistas, qui peccatum ori
ginale negabant. Sed quia vt visum fuit in opponendo, propter modum contrahendi originale quaestio fuit
principaliter proposita: idcirco ad huius intellectum intelligendum: quod originalis iustitia in primo parente ni
hil aliud fuit quam quaedam supernaturalis gratiam (vtrum gratuita, vel gratis data de hoc nihil ad praesens)
quae naturalem iustitiam roborabatl, &amp; pronitatem inclinandi ad bonum quasi ad dexteram dabat. 
quam cum primus homo peruersitate voluntatis suae diuino praecepto contrariando contempsit, il-
lam iustitiam amisit qua inclinabatur, ad dexteram virtutis: sed econtra in rectitudine naturalise
voluntatis debilitatus est: ac pronitatem contrariam inclinationis ad sinistram peccati incurrit. Nunc autem formalit
virtus &amp; vitium siue culpa &amp; peccatum in voiuntate nihil aliud est quam dispositio quaedan dans, pronitatem
rectitudini naturali voluntatis inclinandi se ad bonum dextrae vel ad malum sinistrae: &amp; ab ista deor- 
dinatione voluntatis in seipsa consecuta est statim in poenam quasi dyscrasia naturalis in carnem
qua caro cum sensibus suis coepit rebellare contra spiritum. Caro autem sic infecta cum virtute sua
semen informare debuit ad procreationem prolis, morbidam qualitatem suam ei impressit: quae 
semper in ea remansit. Cumque complete dispositum esset &amp; organizatum ad animam rationalem: &amp; ei in 
fundebatur: ex ipsius animae rationalis connexione cum tali carne in ipsa statim pronitatem ad consentiendum 
carni in peccatum concepit: qua paruulus statim aptus erat ad concupiscendum: &amp; factus adultus actu
concupiscit. &amp; talis dispositio pronitatis ad peccatum non nisi culpa est: in ea enim consistit ratio formalis</Unicode>
            </TextEquiv>
        </TextRegion>
    </Page>
</PcGts>
