2391 3702
497 232 2231 322 erat in statu innocentiae hominis: qua potuit non mori per diuinam conseruationem a morte & corruptione ex
498 314 2229 379 esu ligni vitae, quousque raperetur ad secundam immortalitatem quao erit corporum gloriosorum post resurrectionem
493 374 2231 430 Secunda vero immortalitas erit corporum beatorum, qua homo non poterit mori ab aliqua causa intri
491 418 2231 488 seca vel etiam extrinseca creata agente vel possibili agere ad corruptionem & mortem: qualis nec est in
493 474 2223 546 angelis nec in caelestibus corporibus secundum modum infra declarandum. Tertia est immortalitas qua
498 535 2236 598 quis nullo modo potest mori: nec a causa intrinseca nec a causam extriseca omnino, quaele solum est illud quod et
490 584 2237 647 formalitur necesse esse & vita: cuiusmodi est solus deus: respectu cuius omnia alia sunt mortalia & corrupti
491 639 2236 704 bilia in nihilum nisi manu diuina tenerentur: secundum quod etiam testatur Plato: in hoc multo melius sen
493 696 2247 754 tiens Aristotele: quando dixit in secundo Timaei, loquens immortalibus & incorruptibilibus creaturis. O
491 753 2240 819 dii deorum quorum opifex idemque pater ego: opera siquidem vos mea dissolubilia natura: me tamen ita volente
492 806 2247 870 indissolubilia. Omne siquidem quod coniunctum est, natura est dissolubile. At vero quod bona ratione iunm-
495 862 2248 934 ctum atque modulatum est: dissolui velle non est dei: quapropter quia facti genitique estis, immortales qui
491 916 2240 984 dem nequaquam, nec omnino indissolubiles: nec tamen vnquam dissoluemini: nec mortis necessitatem subibitis:
500 972 2245 1042 quia voluntas mea maior est nexus & vegetatior ad aeternitatis vestrae custodiam: quam illi nexus vitales: ex
503 1039 2245 1100 quibus aeternitas vestra coagmentata atque composita est. Impassibilitatis ergo causam penes natu-
494 1089 2243 1154 ram non quaerimus: illa enim repugnat naturae creaturae: & propria est soli naturae increatae: nec illius pe-
499 1134 2239 1208 nes quam habetur immortalitas primo modo: quia illa non ponit necessitatem non moriendi sed solum possi
502 1196 2234 1254 bilitatem. Sed quaerimus causam impassibilitatis tertio modo: penes quam necesse est quantum ex ratione prin
504 1247 2229 1319 cipiorum intrinsecorum non mori. Nec possumus dicere quod illius causa sit mera voluntas dei: secundum
498 1315 2236 1369 quod dictum est de immortalitate & de incorruptibilitate deorum in auctoritate Platonis: vt ipsa talis
499 1356 2237 1421 impassibilitas sit ipsa dos. quoniam diuina voluntas est causa extrinseca respectu talis impassibilitatis: &
496 1420 2239 1483 respicit proprie finalem corruptionem qua res decidat in nihilum. Nec possumus dicere quod illius cau
494 1467 2241 1540 sa sit aliquid tale quale in diis deorum, siue sint angeli siue corpora: quia illorum incorruptibilitas est ex
504 1529 2244 1595 puris principiis naturalibus: quia est absque omni contrarietate: ratione cuius etsi subtracta custodia di
502 1579 2244 1653 uinae voluntatis caderent in nihilum: propter quod dixit Plato. Immortales quidem nequaquam &c, non tamen
492 1634 2234 1705 hoc est propter aliquam necessitatem ex principiis intrinsecis impellentibus ad dissolutionem: qualiter im
494 1682 2243 1762 pellunt miscibilia mixtum. Nec possumus dicere quod illius causa est ablatio quaelitatum actiuarum & pas i
495 1738 2242 1816 siuarum ab elementis: quia pertinent ad perfectionem elementorum & formae mixti in corpore humano. Et non est
494 1801 2232 1870 ponendum quod aliquid perfectionis naturae auferetur a corporibus gloriosis. Nec possumus dicere quod illius causam ablatio
497 1863 2236 1922 actionum naturalium qualitatum actiuarum & passiuarum quae sunt calefacere aut infrigidare & huiusmodi: quae non ma
492 1904 2223 1983 nebunt eo quod non sunt de perfectione rei in se propter necessitatem indiuidui: sed propter perfectionem speciei in
498 1969 2224 2038 alio extra: quales actiones non manebunt in corporibus sanctorum: sed tantum actiones quae pertinent adperfectio
499 2014 2228 2081 nem rei in se: qualis est calidi calere. in qualibus actionibus conseruabitur mixtio & forma mixti in cor-
490 2070 2228 2146 poribus iustorum: quia sic impassibile & incorruptibile non esset corpus beatum ex aliqua dispositio
497 2119 2240 2193 ne positiua sed priuatiua tantum. Diceretur enim solummodo impassibile ex defectu agentis & inferentis pal
493 2189 2236 2254 sionem: quemad modum si terra tota quiescens in centro dicatur immobilis quia deficit virtus fortior ex-
507 2238 2239 2308 pellens ipsam a centro, quam sit virtus eius, propria qua se tenet in centro. secundum quod dicit Auerus in fine de sub-
497 2280 2233 2360 stantia orbis, quod terra habet perpetuam quietem quia habet perpetuam carentiam virtutis mouentis ipsam. Quod
501 2339 2233 2419 autem sic dicitur impassibile aut immobile, simpliciter est passibile & mobile quantum est ex se, quod ei tale est
497 2396 2224 2477 natum est pati aut moueri, licet nunquam patietur aut mouebitur. terra enim simpliciter mobile quid est: etsi nunquam
498 2455 2237 2527 habeat mouens. Similiter tale corpus ex se simpliciter passibile & corruptibile esset etsi deficeret cor
504 2508 2243 2582 rumpens. Nos autem cum hoc dotem ponimus aliquid positiuum in corpore super eius naturalia. Nec potestad
502 2547 2245 2634 huc dici quod illud positiuum sit aliquid in mixto quo conseruatur ne quantum est ex se ab intra aliquapal
501 2622 2240 2692 sione moueatur: quae omnino praeseruat qualitates passiuas a passione quantumcunque agantur
495 2667 2242 2741 actiue: quemadmodum Adam conseruasset quoquo modo esu ligni vitae. Quod enim sic est impalsi
495 2726 2242 2792 bile ab intra: non ex hoc praecluditur quin possit pati ab aliquo extra: quemadmodum terra etsi non so
502 2781 2247 2852 lum quiescat in centro ex carentia causae mouentis ipsam extra centrum, sed etiam ex virtute positiua eadem quiescat in
498 2840 2245 2903 centro qua mouetur ad centrum: mobilis tamen dicitur et passibilis quia moueri potest a centro per virtutem extetio
495 2888 2238 2960 rem excedentem virtutem quietis eius. dicente philosopho de causis motus animalium. Oportet virtutem aequare mo
496 2934 2234 3014 uentis & eam quae moti. Est enim aliqua multitudo vigoris secundum quam manet quod manet: quemadmodum & se
502 2997 2240 3067 cundum quam mouet mouens: & est quaedam proportio ex necessitate: quemadmodum contrariorum motuum sic &
498 3057 2232 3126 quietum: & aequales quidem impassibiles abinuicem. sicut enim pellens pellit sic pulsum pellitur secundum virtutemi.
492 3095 2233 3175 Si enim aliquis excedat virtute actiua motus terrae quietem, mouebit ipsam a medio. Et virtus haec quod non
487 3152 2239 3247 infinita, manifestum. neque enim terra infinita: quare neque grauitas ipsius. Quid ergo hoc modo est impallibileautem
