2442 3747
218 269 2005 373 in infinitum: in essentialiter tamen ordinatis vt probatur secundo metaphysicae necesse est ponere sta-
220 367 2003 429 tum. Quantum est ergo de ratione specierum hominis & seminis & indiuiduorum ipsorum simpliciter status
219 409 1999 480 est: vt non semper procedat homo ex semine & semen ex homine: sed simpliciter semen ex homine: & hoc
223 472 1997 534 in aliquo indiuiduo, hoc semine procedente ex isto homine qui non processit ex semine. Simpliciter ergo pro
219 517 1993 585 ductionem hominis facti ex semine sicut & productionem seminis reducere oportet ad productionem
217 568 1988 640 hominis facti non ex semine: & ideo ex aliqua alia sua causa efficiente immediate aut caelesti corpo
215 623 1985 695 re aut aliqua alia non caelesti corpore, vt iam habitum est, ergo a deo: & hoc non secundum speciem se-
224 674 1991 747 paratam: sed in aliquo eius indiuiduo vno vel pluribus. Sic ergo etsi caelum & elementa essent aeterna, quae in
218 729 1981 799 singulis indiuiduis facta fuissent a deo: tamen necesse est ponere aliquem vnum hominem aut plures
211 793 1989 856 immediate factos a deo: ante quos nulli & a quibus caeteri. Quare cum vnus homo vel plures idem nu
219 840 1986 908 mero non potuerunt facti fuisse ab aeterno: quia certa est periodus totius vitae generabilis & corrupti
222 890 1985 964 bilis: necesse est ergo huiusmodi indiuidua a deo incepisse: cum nec ipsa nec alia indiuidua hominis prae
217 958 1978 1021 cessissent. Et eadem ratio est de omnibus perfectis quae immediate a caelo produci non possunt: & sic
218 999 1979 1067 necesse est species omnium talium incepisse cum prius non fuissent. Non est ergo verum quid dictum est su-
222 1064 1978 1125 pra secundum philosophum: species generabilium & corruptibilium non esse causatas nisi per gene-
226 1116 1980 1174 rationem vnius ab alio & a caelo ex potentia materiae. immo necesse est ipsas immediate causari a deo in ali
222 1176 1980 1233 quibus suis indiuiduis: & tunc primo ex semine illorum cum virtute caeli produci indiuidua consi-
209 1222 1987 1284 milia in specie ex materia: & aliter non. Et per hunc modum cum in diuersis actus simpliciter praecedat po-
216 1278 1988 1337 tentiam: licet potentia in hoc, praecedat actum in illo: vt licet potentia in hoc ouo praecedit tempore
216 1326 1981 1394 actum in gallina ex illo generata: & sic tempore praecedit potentia actum: & actus in hac gallina poten-
218 1386 1985 1446 tiam in ouo ex quo alia gallina est generanda: hoc tamen non procedit in infinitum. immo necesse est stare
220 1439 1974 1497 in gallina quae non habet esse ex ouo: sed quae praecedit omne ouum & omnem gallinam generatam ex ouo
209 1494 1979 1554 & sic actus simpliciter necessario praecedit potentiam tempore. Quid etiam ipse Aristoteles testatur esse ne
219 1538 1984 1610 cessarium. ix, metaphysicae vbi dicit quod licet in eodem secundum numerum quod de potentia procedit ad actum
217 1590 1980 1659 potentia tempore praecedit actum: idem tamen secundum speciem in aliquo indiuiduo existit in actu prius
223 1646 1974 1708 quam aliquod aliorum existit in potentia. dico materiae: vt ex qua aliquid procedit de potentia in actum.
212 1702 1964 1767 Quia ergo arguitur primo: quod secundum philosophum homo semper generatur ab homine: Dicendum
221 1753 1962 1820 quod reuera hoc erat de mente sua: sed non est verum vt dictum est. AD secundum: quod formae in potentia in ma
222 1812 1971 1875 teria, sunt actu in motore primo &c. Dicendum quod verum est appellando motorem primum deum. Omnia
213 1874 1976 1927 enim antequam fiant sunt in actu in eius notitia: & in eius substantia secundum rationes ideales & per
218 1915 1983 1981 fectionales vt habitum est supra: & bene potest ex materia omnia producere immediate: secundum, quod
218 1969 1983 2036 produxit, vt habetur Gen. primo. Sed haec non est intentio philosophi: qui intendit quod non potest produ-
223 2019 1975 2087 cere aliquid qualitercumque existat in ipso, nisi mediante motu caelesti: secundum quod dicit Commentator viii. phy.
227 2075 1983 2139 Voluntas antiqua nihil nouum facit nisi mediante alio antique scilicet motu caelesti. Et sic argumentum in
222 2137 1978 2199 tendit concludere quod motor primus naturali cursu mediante caelo posset omnia ex materia produ-
213 2181 1972 2248 cere: vt non sit opus hominem semper generari ab homine. Et est dicendum: quod licet omnia sint actu in primo
218 2239 1974 2305 motore quae sunt in potentia in materia: non tamen sic quin oportet vt perfecta sint primo ab ipso produ-
216 2287 1970 2366 cta immediate sicut & caelum. & tunc mediante caelo & mediantibus perfectis ex materia producit in
222 2346 994 2410 diuidua consimilia in specie vt dictum est.
560 2361 1963 2463 lrca tertium arguitur quod nobilis semper procedit ab initio ab aliquo nobili: quia cauam semper
556 2459 1955 2518 nobilior est suo effectu. ergo quanto. quis recedit a primo stipite: tanto est minus
555 2506 1965 2574 nobilis stipite. ergo &c. IN contrarium est philosophus secundo rheto. DIcendum quod secundum
562 2553 1962 2628 philosophum primo politic. Nihil aliud quam virtus & malitia determinant seruum & li-
555 2617 1972 2684 berum: & nobiles & ignobiles. Sed hoc non est tam aspiciendo ad habitus generatos, quam ad na
509 2669 1979 2746 aturales dispositiones quibus homines nati sunt recipere eos: vt habetur secundo Ethicoru. nec tam
209 2714 1972 2786 aspiciendo ad dispositionem huiusmodi vt habita est absolute ab aliquo: quam vt diu tracta est per multos medios
218 2769 1973 2842 ab antiquis progenitoribus nobilibus: qui propter naturalem nobilitatem quao bene vsi sunt in actus nobiles exercen
221 2818 1976 2903 do: & per hoc habitus nobiles acquirendo: meruerunt praefici populis, & post haeredes sui iure haeredita
217 2877 1980 2958 rio. Et secundum hoc philosophus determinat quod nobilitas requirit antiquitatem. Cum ergo quaeritur vtrum nobilitas generis proce
219 2931 1978 3000 dat ab aliquam nobili an ignobili: Dicendum quod si loquamur de nobilitate simpliciter secundum naturam rei: sic non opor
222 2988 1977 3055 tet quod nobilis procedat a nobili. immo ignobilis natura & moribus bene potest generare nobilem natura: qui bono
222 3045 1978 3108 vsu naturae sit vere nobilis habitu: sicut econuerso a vere nobili potest procedere vere ignobilis: vt
213 3087 1979 3161 iam dicetur. Si vero loquamur de nobilitate generis secundum quam vulgo solent appellari nobiles, qui sae
217 3147 1978 3236 pius secundum rei veritatem multum sunt ignobiles: sic nobilitas includit antiquitatem. Et tunc disti
