2466 3737
497 247 2270 312 illi pro quo ordinata est ad dicendum: licet sacerdos dicat eam in peccato mortali existens. AD argumen
496 307 2265 367 tum in oppositum: quod datum non placet ex dato sed ex animo: Dicendum quod verum est secundum dictum modum. Cum au
496 366 2268 427 tem assumitur quod non proficit nisi ex animo: verum est. illi enim cui proficit oportet quod ex animo eius proficiat: sed
497 421 2266 487 non oportet quod profectus iste ex animo alterius dependeat. Vnde si debet eleemosyna proficere danti eam, opor
497 467 2268 527 tet quod proficiat ex animo eius qui placet: & ideo danti eam in mortali non proficit: vt probat ratio proficit tamen defun
497 525 2266 589 cto ex animo illius: vt dictum est. Vnde quid dicit Greg. Cum is qui displicet &c. Dicendum quod verum est quod contra mis
497 578 2264 633 sum prouocatur: non autem contra mittentem prouocatur etiam si mittat malum: de quo tamen multum praesumit quod sit
496 630 2263 696 bonus non prouocatur dominus contra mittentem: sed potius contra missum qui praesumit orare cum displiceat. Vnde
495 686 2189 752 mittenti prouidendum est qualem mittat, ne tam contra mittentem quam contra missum prouocetur.
825 739 2271 814 lrca tertium arguitur: quod scandalizans in verbo otioso peccat mortaliter: quia si quis ope
828 790 2265 865 ram exhibendo tali in quo esset peccatum veniale, occideret corporaliter: peccaret
824 856 2274 920 mortaliter. ergo multo fortius in verbo otioso in quo est peccatum veniale scanda-
840 898 2272 956 lizando: quia per hoc occiditur spiritualiter. CONtra. Si in verbo otioso quis scanda-
835 952 2270 1012 lizetur non est scandalum datum: quia non est tale vnde quis deberet scandalizari: sed est scanda
807 1010 2264 1073 lum acceptum tantum: in quo non peccat scandalizans sed scandalizatus tantum. DIcendum quod omne
496 1062 2259 1125 opus omittendum est de quo praesumi potest quod scandalum oriatur: nisi tale sit quod in ipso omisso veritas pericli-
501 1114 2272 1182 tatur: quae propter scandalum quod posset oriri non est permittenda periclitari. Melius est enim, vt dicit Ber. vt scan
497 1167 2261 1220 dalum oriatur quam veritas relinquatur siue vitae: siue iustitiae: siue doctrinae. Vnde & opus alias licitum omitten-
497 1219 2266 1281 dum est propter scandalum. primae Corinth. viii. Si esca scandalizat fratrem meum, non manducabo car
495 1273 2264 1332 nes in aeternum ne fratrem meum scandalizem. Vnde Glos. super principium. ix. capitu. dicit. Inci-
496 1327 2262 1399 pit proponere exemplum: vt sicut ipse abstinet a licitis, ita & illi abstineant. Et intelligo quod quili-
497 1380 2266 1450 bet abstinere debet: quod si non abstineat: & periculum scandali percipiat: credo quod mortaliter peccat: et
496 1431 2269 1499 si non ex genere operis: tamen ex circunstantia operantis. Quare & multo fortius si quis consideret quod ex verbo
496 1496 2274 1557 otioso quis scandalizatur & non abstineat, arbitror quod mortaliter peccat. Si vero debitam diligentiam adhibeat
497 1541 2270 1602 ne quis infirmus assistat qui scandalizari valeat: etsi facto peccati venialis operam exhibeat: eo quod non
495 1597 2271 1664 est peccatum mortale ex genere facti, sed ex circunstantia ex parte facientis: non credo quod mortaliter peccet:
497 1648 2273 1712 quia ex parte operantis non esset scandalum datum, sed solum acceptum ex parte scandaliczati: qui non deberet
503 1702 2272 1766 scandalizari eo quod factum non est malum mortale de genere sui: secundum quod processit secunda obiectio. Si autem fa
496 1753 2265 1822 ctum esset malum de genere suo, eo quod tale quantuncumque veniale est ex se, praebet infirmo occasionem ruinae: cre
497 1815 2270 1883 do quod qualitercumque ex tali facto scandalum oriatur quod mortaliter peccet: sicut qui rei illicitae ex gene-
495 1865 2269 1934 re facti operam adhiberet: quantumcunque esset veniale, si mors corporalis inde contingeret peccaret
496 1917 2267 1985 mortaliter vt procedit prima obiectio. Si tamen non esset opus malum de genere suo, sed ex sola circunstantia
496 1970 2267 2038 ex parte operantis, & adhiberet diligentiam quam deberet: etsi sequeretur mors corporalis, non credo
496 2024 940 2092 quod mortaliter peccaret.
830 2073 2267 2139 Equuntur quaesita circa homines pertinentes ad diuersos status. Et primo pertinentia
829 2146 2273 2203 ad praelatos: deinde pertinentia ad subditos. Circa praelatos quaerebantur, tria circa praela
836 2186 2267 2256 tos ecclesiasticos: circa superiores vnum: & circa alios duo: & quaerebatur vnum circa prae
832 2240 2274 2297 latos saeculares. Quorum primum erat: vtrum potestas episcoporum sit a Christo
833 2294 2270 2362 immediate: an mediante papa. Secundum erat: vtrum sacerdos habens competens
825 2348 2262 2412 beneficium possit alii deseruire pro lucro temporali. Tertium erat: vtrum sacerdos
502 2399 2258 2470 curatus possit absoluere parochianam suam cum qua peccauit: nec illa possit ad alium ire fine eius
514 2457 2272 2519 obtenta licentia. Quartum erat: vtrum iudex saecularis possit cogere reum ad confitendum aliquid
508 2509 2264 2573 ad quid sequitur mors corporalis. ClRca primum arguitur: quod episcopi immediate habent potesta-
515 2559 2269 2629 tem a Christo, quia sunt sponsi ecclesiae: & hoc non nisi immediate gerendo vicem Christi veri sponsi.
509 2620 2274 2686 ergo &c. ltem actuum. xv. super quaestione mota de legalibus veteris testamenti obseruandis vel non cum
503 2673 2267 2732 fide Christi, scribitur: secundum quod etiam dicit magister in histo. quomodo Petrus surgens primus ratioci
500 2721 2273 2783 nando ondit non esse imponendum fidelibus iugum legis. Facto autem silentio lacobus Hierosolymorum epi-
505 2776 2272 2840 scopus adhaerens verbis Petri, auctoritate pontificali protulit definitiuam sententiam dicens. Vi
501 2826 2268 2885 ri fratres audite me. Simon narrauit & caetera. Propter quod ego iudico & caetera, quasi dicat, meum
503 2882 2265 2947 est proferre sententiam: quia est in dicecesi mea. hoc autem non faceret post iudicium Petri & in prae
503 2934 2272 2998 sentia eius si iurisdictionem haberet ab ipso Petro: quare nec episcopi qui sunt successores aposto-
507 2987 2267 3053 lorum iurisdictionem habent a papa qui est successor Petri. CONtra. Papa est caput ecclesiae: aquo
498 3040 2269 3105 alii dependent vt membra, quare cum membra habent virtutem a capite, & episcopi atque caeteri prae
501 3096 2279 3173 lati a papa. DIcendum quod in praelatis super ecclesiam duplex residet potesta scilicet ordinis & iurisdictio-
