2533 3745
519 243 2329 335 necessitate vrgentur pauperes, & non inueniunt subsidium: aut non Si primo modo, bene potest: quia non
530 322 2320 380 solum licitum est sed summe meritorium. tali enim de causa vendi possunt ecclesiae vasa. Secundo modo etiam
532 376 2322 434 si liceat facere, melius tamen esset tempore quo alteri beneficio vacaret, si orationi & contemplationi in
537 431 2318 491 suo loco & beneficio vacaret. talis enim actio non debet esse in desiderio voluntatis sed solummodo in
535 484 2316 547 ministerio necessitatis. Per dicta patet ad primum. AD secundum quod consuetudo ex parte praelatorum
547 538 2321 600 instituentium sacerdotes in alio beneficio: non est nisi propter illius necessitatem: & ideo bona & ap-
540 595 1942 658 probanda: licet cupiditas sacerdotum quae ad hoc eos trahit, sit reprobanda.
859 643 2323 713 lrcatertium arguitur quod sacerdos possit absoluere parochianam suam cum qua pecca-
868 708 2321 763 uit: nec ipsa alium adire fine eius licentia: quia ex peccato suo non amisit potesta
867 753 2331 813 tem super parochianam. CONtra. sacerdos non potest minuere virtutem sacramenti
863 805 2332 867 sed minueretur si eam audiret & absolueret: quia compellendo eam non posset adire alium:
867 858 2331 923 & sic tolleretur eius erubescentia, quae est magna pars satisfactionis: quae est vna pars
874 914 2326 987 principalis poenitentiae. Quin sacerdos licet esset perseuerans in peccato suo, si il
866 969 2323 1033 la vere poenitens confiteretur ei, posset eam audire & absoluere: de hoc nulla est dubi-
544 1020 2323 1091 tatio: quare & multo fortius si ipse esset vere poenitens & correctus. Sed an ipsa si velit alteri confite
534 1073 2324 1142 ri, teneatur ab ipso licentiam petere: & an illo licentiam denegante ipsa non obtenta licentia possit alterum
550 1129 2326 1187 adire: de hoc est dubitatio. ET est dicendum: quod quousque permittitur ab ecclesia in suo seruitio, nullam potest
539 1185 2320 1247 habere excusationem propter quam non debet licentiam petere ab illo, secundum statutum concilii generalis.
543 1234 2331 1301 Omnis vtriusque sexus. nisi forte sentiens se fragilem timet quod in petendo debeat eam sollicitare. Si autem petierit: &
541 1290 2322 1357 ille denegauerit: aut ergo timet de sollicitatione ad recidiuum: cognoscens fragilitatem suam et illius: aut
539 1349 2329 1414 non: sed confidit quod ipse bene sit correctus: nec ei est periculum de confitendo illi. Si primo modo:
540 1406 2330 1467 nullo modo debet ei confiteri: sed adire poenitentiarium: vel aliquem habentem absolute potestatem superio-
543 1459 2329 1520 ris: & illi confiteri: vel ab illo petere licentiam confitendi alieno sacerdoti: non tamen sic causam exprime-
545 1505 2333 1578 re, vt possit per hoc quoquo modo sacerdotem suum infamare. Sinautem: arbitror quod petita licentia & non
548 1568 2329 1629 obtenta poterit alterum adire. AD argumentum in oppositum quod diminueretur virtus sacramenti poeniten-
553 1612 2332 1676 tiae per subtractionem verecundiae: Dicendum quod quaedam sunt in poenitentia quae sacramento poenitentiae sunt essen
541 1667 2331 1737 tialia: & de eius integritate: vt competens contritio, integra confessio:, conveniens satisfactio. Si quo ad ali
551 1725 2334 1788 quid horum minueretur sacramentum poenitentiae in ipsam audiendo & absoluendo: tunc nihil posset agere
545 1775 2331 1842 circa illam. Alia vero sunt quae sunt accidentalia sacramento poenitentiae: vt acerbissima contritio, & omnium
549 1829 2337 1896 circunstantiarum non aggrauantium confessio: & in summo satisfactio. Siquid autem horum deficiat: non ex
548 1881 2336 1949 hoc diminuitur virtus sacramenti, & effectus essentialis & principalis, qui est peccatorum ablutio per
547 1940 2335 2021 gratiae collationem: licet diminuatur effectus eius secundarius: qui est remissio: vltra quam se extendit per se
563 1993 1708 2054 virtus sacramenti. & tale diminuens est verecundiae subtractio.
875 2034 2340 2112 Irca quartum arguitur quod iudex saecularis neminem potest cogere ad confitendum aliquid ad quid
887 2096 2326 2161 sequitur mors alterius, quoniam in hoc committitur frequenter mortale peccatum puniendo
880 2152 2329 2225 iniuste innocentem: quia frequenter sperando cito euadere poenas, accusant innocentes.
877 2207 2330 2272 In contrarium est iudicum saecularium consuetudo. Si liceat: poenis extorquaere veritatem a
871 2260 2335 2325 teste vel accusatore: & quomodo, secundum quod notatur. v. q. vii. super cap. llli qui. de hoc ni
879 2315 2332 2380 hil ad praesens. Sed quaestio est de illis qui morti sunt adiudicati, vel in viculis seruam
869 2372 2335 2431 tur condemnati: a quibus iudices per poenas nituntur exquirere complices suos male
555 2428 2334 2493 factores: vtrum liceat hoc iudicibus. Et est dicendum quod talium complicum facta aut sunt omnino occulta: & non
557 2472 2337 2542 sunt super factis suis in iudicium vocati: aut tanquam infamati super factis suis ad iudicium sunt vocati:
558 2526 2333 2598 quia diffamati sunt. Si primo modo: nullo modo debent eos ad confitendum sic occulta cogere per poe-
553 2578 2333 2656 nas: quia prodere sic occulta peccatum mortale est: & mortaliter peccat quicumque alium ad mortaliter
564 2643 2337 2712 peccandum compellit. Vnde tales nullis poenis compulsi debent talia confiteri: & debent sacerdotes
556 2697 2337 2761 hoc inhibere qui audiunt eorum confessiones. Si vero sunt propter famam vocati ad iudicium: arbitror
561 2741 2341 2828 quod super illis certis articulis qui eis imponuntur a iudice, si praesumeret quod absque poenis non vellent
568 2804 2340 2866 dicere veritatem, posset eam poenis extorquere. Vt secundum quod dicitur in praedicto capitulo:
565 2856 2345 2926 dum poenis corporalibus subiiciuntur, quae gesta sunt fideliter & veraciter exprimantur, sed non
560 2904 2337 2977 ad hoc vt isti sint testes: & dictis eorum aliquis condemnetur: sed vt ex hoc praesumptio ali-
558 2956 2333 3028 qua habeatur. PER haec patet ad primum: dicendo quod ex eorum confessione nunquam debet sequi
554 3009 2341 3087 mors. immo iniquus esset iudex qui propter talium confessionem aliquem morti addiceret, siue
559 3070 2340 3136 esset innocens siue nocens, nisi aliter constaret facinus iudici: & ei illa confessio aliquam prae-
562 3119 2353 3208 sumptionem daret Nam plaerique ita. tormenta. contemnunt, vt exprimi veritas ab eis
