<?xml version="1.0" encoding="UTF-8" standalone="yes"?>
<PcGts xmlns="http://schema.primaresearch.org/PAGE/gts/pagecontent/2013-07-15" xmlns:xsi="http://www.w3.org/2001/XMLSchema-instance" xsi:schemaLocation="http://schema.primaresearch.org/PAGE/gts/pagecontent/2013-07-15 http://schema.primaresearch.org/PAGE/gts/pagecontent/2013-07-15/pagecontent.xsd">
    <Metadata>
        <Creator>prov=University of Rostock/Institute of Mathematics/CITlab|PLANET AI GmbH/Gundram Leifert/gundram.leifert@planet-ai.de:name=Badius1518-m5(htr_id=23184)::::v=2.6.6
prov=University of Rostock/Institute of Mathematics/CITlab|PLANET AI GmbH/Tobias Gruening/tobias.gruening@planet-ai.de:name=de.uros.citlab.module.baseline2polygon.B2PSeamMultiOriented:v=2.6.6
prov=University of Rostock/Institute of Mathematics/CITlab|PLANET AI GmbH/Tobias Gruening/tobias.gruening@planet-ai.de:name=/net_tf/LA73_249_0mod360.pb:de.uros.citlab.segmentation.CITlab_LA_ML:v=2.6.0
Transkribus</Creator>
        <Created>2019-12-09T23:48:44.620+01:00</Created>
        <LastChange>2020-04-22T21:17:14.383+02:00</LastChange>
        <TranskribusMetadata docId="291873" pageId="11635570" pageNr="832" tsid="28166163" status="IN_PROGRESS" userId="25065" imgUrl="https://files.transkribus.eu/Get?id=UMGZNSVTQXADYNYKLGJYPBYG&amp;fileType=view" xmlUrl="https://files.transkribus.eu/Get?id=EQFIOIOHTQWQIZYVQARTFFUI" imageId="8014609"/>
    </Metadata>
    <Page imageFilename="831.jpg" imageWidth="2361" imageHeight="3702">
        <ReadingOrder>
            <OrderedGroup id="ro_1587600695627" caption="Regions reading order">
                <RegionRefIndexed index="0" regionRef="TextRegion_1584741494545_1209"/>
            </OrderedGroup>
        </ReadingOrder>
        <TextRegion orientation="0.0" id="TextRegion_1584741494545_1209" custom="readingOrder {index:0;}">
            <Coords points="537,234 2230,229 2258,3211 537,3211"/>
            <TextLine id="r2l2" custom="readingOrder {index:0;}">
                <Coords points="536,318 2222,305 2221,237 2013,209 535,237"/>
                <Baseline points="547,298 630,299 713,298 796,298 879,297 963,296 1046,295 1129,294 1212,293 1295,292 1379,291 1462,289 1545,288 1628,288 1711,287 1795,287 1878,287 1961,288 2044,289 2127,290 2211,292"/>
                <TextEquiv>
                    <Unicode>tamen dimensiones corporis Christi essent in substantia panis dimensionaliter: quia tunciplainsomiam</Unicode>
                </TextEquiv>
            </TextLine>
            <TextLine id="r2l3" custom="readingOrder {index:1;}">
                <Coords points="526,366 2218,365 2177,304 526,316"/>
                <Baseline points="537,354 620,354 704,354 787,353 871,352 954,351 1038,350 1121,349 1205,348 1288,347 1372,346 1455,345 1539,344 1622,343 1706,343 1789,342 1873,342 1956,343 2040,343 2123,344 2207,346"/>
                <TextEquiv>
                    <Unicode>rent &amp; extenderent vt haberet partem extra partem sub partibus dimensionum Christi: sicut primo habuit sub di- </Unicode>
                </TextEquiv>
            </TextLine>
            <TextLine id="r2l4" custom="readingOrder {index:2;}">
                <Coords points="535,423 2148,423 2216,366 534,375"/>
                <Baseline points="545,409 628,409 711,408 794,407 877,407 960,406 1043,404 1126,403 1209,402 1292,401 1375,400 1458,399 1541,398 1624,397 1707,397 1790,397 1873,397 1956,397 2039,398 2122,399 2205,401"/>
                <TextEquiv>
                    <Unicode>mensionibus, propriis: aut si non informarent substantiam panis: sed solummodo suam substantiam quae ibidt per con</Unicode>
                </TextEquiv>
            </TextLine>
            <TextLine id="r2l5" custom="readingOrder {index:3;}">
                <Coords points="533,472 2161,482 2214,418 533,424"/>
                <Baseline points="543,465 626,464 709,463 792,462 875,461 958,460 1041,459 1124,458 1207,457 1290,456 1373,455 1456,455 1539,454 1622,453 1705,453 1788,453 1871,453 1954,453 2037,453 2120,454 2203,455"/>
                <TextEquiv>
                    <Unicode>comitantiam: &amp; esset substantia panis in simplici &amp; indiuisibili existens: quia vt dicitur primolliis. si</Unicode>
                </TextEquiv>
            </TextLine>
            <TextLine id="r2l6" custom="readingOrder {index:4;}">
                <Coords points="527,534 2207,529 2217,471 527,474"/>
                <Baseline points="537,518 620,518 704,517 787,517 871,517 954,516 1038,515 1121,514 1205,513 1288,513 1372,512 1455,511 1539,510 1622,509 1706,509 1789,508 1873,507 1956,507 2040,507 2123,507 2207,507"/>
                <TextEquiv>
                    <Unicode>substantia sola est, neque magnitudinem habebit vllam: non enim posset haibene partem absque dimensionibus infomam</Unicode>
                </TextEquiv>
            </TextLine>
            <TextLine id="r2l7" custom="readingOrder {index:5;}">
                <Coords points="539,588 2085,587 2224,577 2224,535 538,537"/>
                <Baseline points="549,573 632,573 715,573 798,572 881,572 965,571 1048,570 1131,570 1214,569 1297,568 1381,567 1464,566 1547,565 1630,565 1713,564 1797,563 1880,562 1963,561 2046,561 2129,560 2213,560"/>
                <TextEquiv>
                    <Unicode>tibus: nisi forte speciali miraculo: adhuc non essent ibi dimensiones corporis Christi dimensionalitr</Unicode>
                </TextEquiv>
            </TextLine>
            <TextLine id="r2l8" custom="readingOrder {index:6;}">
                <Coords points="541,644 2237,633 2221,574 540,585"/>
                <Baseline points="551,627 634,627 718,627 802,626 885,626 969,625 1053,625 1136,624 1220,623 1304,623 1388,622 1471,621 1555,620 1639,620 1722,619 1806,618 1890,618 1973,617 2057,617 2141,616 2225,616"/>
                <TextEquiv>
                    <Unicode>quia non essent ibi nisi ratione illius substantiae manentis: quae non est ibi dimensionaliter quare etsi totum</Unicode>
                </TextEquiv>
            </TextLine>
            <TextLine id="r2l9" custom="readingOrder {index:7;}">
                <Coords points="536,695 2233,698 2232,639 2145,631 536,644"/>
                <Baseline points="547,682 630,682 714,682 798,682 881,681 965,681 1049,680 1132,680 1216,679 1300,678 1384,677 1467,677 1551,676 1635,675 1718,674 1802,674 1886,673 1969,673 2053,673 2137,673 2221,673"/>
                <TextEquiv>
                    <Unicode>in totum conuertitur multo minus erunt ibi dimensionaliter. quia quocumque modo ponatur ibi esse virtute</Unicode>
                </TextEquiv>
            </TextLine>
            <TextLine id="r2l10" custom="readingOrder {index:8;}">
                <Coords points="529,761 2129,755 2237,735 2237,689 528,703"/>
                <Baseline points="539,736 623,737 707,737 792,737 876,737 961,736 1045,736 1129,735 1214,734 1298,734 1383,733 1467,732 1551,731 1636,730 1720,730 1805,729 1889,728 1973,728 2058,727 2142,727 2227,727"/>
                <TextEquiv>
                    <Unicode>conuersionis, hoc non potest poni dimensionaliter. Vnde etsi aliqui dicunt quod propter conversionem factam</Unicode>
                </TextEquiv>
            </TextLine>
            <TextLine id="r2l11" custom="readingOrder {index:9;}">
                <Coords points="536,805 2196,809 2240,747 535,760"/>
                <Baseline points="547,793 631,793 715,793 799,792 883,792 967,791 1051,791 1135,790 1219,789 1303,788 1388,787 1472,787 1556,786 1640,785 1724,784 1808,784 1892,783 1976,783 2060,782 2144,782 2229,782"/>
                <TextEquiv>
                    <Unicode>alicubi totum conuertendo in totum dimensiones &amp; substantiam: corpus esset vbi erat prius quod convertebatur</Unicode>
                </TextEquiv>
            </TextLine>
            <TextLine id="line_1584741508292_1218" custom="readingOrder {index:10;}">
                <Coords points="541,870 2241,844 2240,798 2020,793 540,807"/>
                <Baseline points="550,849 635,849 720,848 806,848 891,847 977,847 1062,846 1147,845 1233,844 1318,844 1404,843 1489,842 1574,841 1660,841 1745,840 1831,839 1916,839 2001,838 2087,838 2172,837 2230,837"/>
                <TextEquiv>
                    <Unicode>puta in aere: non tamen erit ibi dimensionaliter plus quam modo est in sacramento. Quid tamen nec poni potest l</Unicode>
                </TextEquiv>
            </TextLine>
            <TextLine id="r2l13" custom="readingOrder {index:11;}">
                <Coords points="539,917 2248,903 2228,846 538,870"/>
                <Baseline points="549,905 633,905 717,904 802,903 886,903 971,902 1055,901 1139,900 1224,900 1308,899 1393,898 1477,897 1561,897 1646,896 1730,896 1815,895 1899,894 1983,894 2068,893 2152,893 2237,893"/>
                <TextEquiv>
                    <Unicode>aut debet: quia cum corpus non ponitur esse alicubi extra caelum manens in caelo nisi sacramentaliter: &amp;non</Unicode>
                </TextEquiv>
            </TextLine>
            <TextLine id="r2l14" custom="readingOrder {index:12;}">
                <Coords points="539,970 2238,969 2188,904 539,917"/>
                <Baseline points="549,960 632,959 716,958 800,958 884,957 968,956 1052,956 1135,955 1219,954 1303,954 1387,953 1471,952 1555,952 1639,951 1722,950 1806,950 1890,949 1974,948 2058,948 2142,947 2226,946"/>
                <TextEquiv>
                    <Unicode>habet esse sacramentaliter nisi propter species visibiles quae sunt de ratione sacramenti: vnde &amp; cum desinunt</Unicode>
                </TextEquiv>
            </TextLine>
            <TextLine id="r2l15" custom="readingOrder {index:13;}">
                <Coords points="533,1024 2216,1027 2237,968 532,969"/>
                <Baseline points="543,1014 627,1014 711,1013 795,1013 879,1012 964,1011 1048,1011 1132,1010 1216,1010 1300,1009 1385,1008 1469,1008 1553,1007 1637,1006 1721,1005 1806,1004 1890,1003 1974,1002 2058,1000 2142,999 2227,998"/>
                <TextEquiv>
                    <Unicode>esse illae species visibiles: desinit ibi esse corpus Christi: si ergo totum cum dimensionibus &amp; aliis accideum</Unicode>
                </TextEquiv>
            </TextLine>
            <TextLine id="r2l16" custom="readingOrder {index:14;}">
                <Coords points="532,1084 2247,1064 2231,1016 531,1031"/>
                <Baseline points="543,1069 627,1068 712,1068 796,1068 881,1067 966,1066 1050,1066 1135,1065 1220,1064 1304,1064 1389,1063 1474,1062 1558,1061 1643,1061 1728,1060 1812,1059 1897,1059 1982,1058 2066,1057 2151,1057 2236,1056"/>
                <TextEquiv>
                    <Unicode>tibus conuertatur, cum non sit ibi manens aliqua species sacramentalis: nullo modo dicendum est corpus.</Unicode>
                </TextEquiv>
            </TextLine>
            <TextLine id="r2l17" custom="readingOrder {index:15;}">
                <Coords points="540,1137 2185,1136 2242,1127 2242,1065 540,1087"/>
                <Baseline points="551,1123 635,1123 719,1123 803,1123 887,1122 971,1121 1055,1121 1139,1120 1223,1119 1307,1119 1391,1118 1475,1117 1559,1116 1643,1116 1727,1115 1811,1114 1895,1114 1979,1113 2063,1113 2147,1113 2232,1113"/>
                <TextEquiv>
                    <Unicode>Christi esse vbi totum conuersum est in totum &amp; secundum substantiam &amp; secundum accasmentia: quoniannom posset po-</Unicode>
                </TextEquiv>
            </TextLine>
            <TextLine id="r2l18" custom="readingOrder {index:16;}">
                <Coords points="534,1190 2120,1194 2238,1178 2238,1127 533,1138"/>
                <Baseline points="545,1179 629,1178 713,1178 797,1177 881,1176 965,1176 1049,1175 1133,1174 1217,1174 1301,1173 1386,1172 1470,1172 1554,1171 1638,1170 1722,1170 1806,1169 1890,1169 1974,1169 2058,1168 2142,1168 2227,1167"/>
                <TextEquiv>
                    <Unicode>ni ibi esse nisi sacramentaliter, qualiter ibi non est: quoniam si non incipit esse sacramentaliter ibi species sunt</Unicode>
                </TextEquiv>
            </TextLine>
            <TextLine id="r2l19" custom="readingOrder {index:17;}">
                <Coords points="542,1250 2139,1247 2238,1240 2238,1181 542,1193"/>
                <Baseline points="553,1235 636,1234 720,1233 804,1232 888,1231 971,1231 1055,1230 1139,1229 1223,1228 1306,1227 1390,1227 1474,1226 1558,1225 1641,1225 1725,1224 1809,1224 1893,1224 1976,1224 2060,1224 2144,1224 2228,1224"/>
                <TextEquiv>
                    <Unicode>nisi sub speciebus: &amp; desinit esse ibi desinentibus speciebus esse: secundum quod dicit Hugo libro iip iii.capxii.</Unicode>
                </TextEquiv>
            </TextLine>
            <TextLine id="r2l20" custom="readingOrder {index:18;}">
                <Coords points="534,1308 2110,1305 2207,1298 2230,1241 534,1249"/>
                <Baseline points="544,1292 627,1290 711,1288 795,1287 879,1286 963,1285 1046,1284 1130,1283 1214,1283 1298,1283 1382,1282 1465,1282 1549,1282 1633,1281 1717,1281 1801,1280 1884,1279 1968,1278 2052,1276 2136,1275 2220,1272"/>
                <TextEquiv>
                    <Unicode>si in aliquo a similitudine recederet: verum sacramentum non esset. Et ca. xiii. Si in aliquo similitudo de</Unicode>
                </TextEquiv>
            </TextLine>
            <TextLine id="r2l21" custom="readingOrder {index:19;}">
                <Coords points="541,1358 2079,1357 2224,1337 2224,1294 541,1305"/>
                <Baseline points="552,1348 635,1346 718,1344 801,1343 884,1341 967,1341 1050,1340 1133,1339 1216,1339 1299,1338 1382,1338 1465,1337 1548,1337 1631,1336 1714,1336 1797,1335 1880,1333 1963,1332 2046,1330 2129,1328 2213,1326"/>
                <TextEquiv>
                    <Unicode>ficeret illic proculdubio sacramentum non esset: nec vllo modo est sacramentum vbi species penitus non sunt</Unicode>
                </TextEquiv>
            </TextLine>
            <TextLine id="r2l22" custom="readingOrder {index:20;}">
                <Coords points="532,1419 2224,1405 2223,1338 532,1360"/>
                <Baseline points="542,1402 625,1400 709,1399 792,1397 876,1396 959,1395 1043,1395 1126,1394 1210,1394 1293,1394 1377,1393 1461,1393 1544,1393 1628,1392 1711,1392 1795,1391 1878,1390 1962,1389 2045,1388 2129,1386 2213,1383"/>
                <TextEquiv>
                    <Unicode>Alio autem modo ibi esse poni non potest: quoniam si alio modo ibi esset: res ipsa, vt dicit Hugo infine dici</Unicode>
                </TextEquiv>
            </TextLine>
            <TextLine id="r2l23" custom="readingOrder {index:21;}">
                <Coords points="537,1467 2220,1464 2230,1402 536,1422"/>
                <Baseline points="548,1460 631,1457 715,1455 798,1453 882,1452 966,1451 1049,1450 1133,1449 1217,1449 1300,1448 1384,1448 1468,1448 1551,1448 1635,1447 1719,1447 1802,1446 1886,1445 1970,1443 2053,1442 2137,1440 2221,1437"/>
                <TextEquiv>
                    <Unicode>cap. xiii. proderetur &amp; manifestaretur euidenti miraculo: quid non contingit quamdiu fides locum habet. Posthoc</Unicode>
                </TextEquiv>
            </TextLine>
            <TextLine id="r2l24" custom="readingOrder {index:22;}">
                <Coords points="542,1522 2092,1524 2233,1465 541,1469"/>
                <Baseline points="552,1514 635,1512 719,1510 802,1509 886,1507 969,1506 1053,1506 1136,1505 1220,1505 1303,1504 1387,1504 1471,1504 1554,1503 1638,1503 1721,1502 1805,1501 1888,1500 1972,1499 2055,1497 2139,1495 2223,1492"/>
                <TextEquiv>
                    <Unicode>ergo si corporalem Christi praesentiam quaeris: in caelo quaere. lbi quaere vbi &amp; prius fuit quam per sacramentum suum corpo</Unicode>
                </TextEquiv>
            </TextLine>
            <TextLine id="r2l25" custom="readingOrder {index:23;}">
                <Coords points="542,1589 2083,1575 2233,1559 2233,1499 541,1521"/>
                <Baseline points="551,1571 634,1568 718,1565 801,1563 885,1562 968,1561 1052,1560 1135,1559 1219,1559 1302,1559 1386,1558 1470,1558 1553,1558 1637,1557 1720,1557 1804,1556 1887,1555 1971,1553 2054,1551 2138,1548 2222,1545"/>
                <TextEquiv>
                    <Unicode>raliter tecum esse inciperet: &amp; vnde non discessit quando ad te venit. Sic ergo etsi dimensiones nanis fu</Unicode>
                </TextEquiv>
            </TextLine>
            <TextLine id="r2l26" custom="readingOrder {index:24;}">
                <Coords points="542,1635 2208,1629 2239,1563 541,1588"/>
                <Baseline points="553,1625 636,1622 720,1620 804,1619 888,1617 972,1616 1055,1615 1139,1614 1223,1614 1307,1614 1391,1613 1474,1613 1558,1612 1642,1612 1726,1611 1810,1610 1893,1608 1977,1606 2061,1604 2145,1602 2229,1599"/>
                <TextEquiv>
                    <Unicode>erint ante conuersionem in aliquo loco aeris: nullo modo est dicendum quod post earum conuersionem cum sublantia.</Unicode>
                </TextEquiv>
            </TextLine>
            <TextLine id="r2l27" custom="readingOrder {index:25;}">
                <Coords points="548,1701 2238,1673 2161,1617 548,1646"/>
                <Baseline points="558,1682 641,1679 725,1676 808,1674 892,1672 975,1671 1059,1670 1142,1669 1226,1668 1309,1668 1393,1667 1476,1667 1560,1667 1643,1666 1727,1666 1810,1665 1894,1664 1977,1663 2061,1661 2144,1658 2228,1655"/>
                <TextEquiv>
                    <Unicode>panis in corpus Christi, corpus Christi habet in illo loco aeris esse: quia non erat aliquid de intaneispa-</Unicode>
                </TextEquiv>
            </TextLine>
            <TextLine id="r2l28" custom="readingOrder {index:26;}">
                <Coords points="543,1743 1899,1750 2222,1722 2222,1681 543,1701"/>
                <Baseline points="553,1737 635,1734 718,1731 801,1729 884,1727 967,1726 1050,1725 1133,1724 1216,1723 1299,1723 1382,1723 1464,1722 1547,1722 1630,1722 1713,1721 1796,1720 1879,1719 1962,1718 2045,1717 2128,1715 2211,1713"/>
                <TextEquiv>
                    <Unicode>nis: &amp; ita non pertinet ad sacramentum. Praeterea cum corpus Christi ibi non esset dimensionaliter, non im</Unicode>
                </TextEquiv>
            </TextLine>
            <TextLine id="r2l29" custom="readingOrder {index:27;}">
                <Coords points="550,1811 2257,1780 2256,1700 550,1756"/>
                <Baseline points="560,1791 644,1788 728,1785 812,1783 897,1781 981,1780 1065,1780 1150,1779 1234,1779 1318,1779 1403,1779 1487,1778 1571,1778 1655,1778 1740,1777 1824,1776 1908,1774 1993,1772 2077,1768 2161,1765 2246,1761"/>
                <TextEquiv>
                    <Unicode>pleret locum quem prius impleuerunt dimensiones panis: &amp; ita non maneret illa capacitas: sed ininstanti qua </Unicode>
                </TextEquiv>
            </TextLine>
            <TextLine id="r2l30" custom="readingOrder {index:28;}">
                <Coords points="546,1856 2185,1850 2227,1784 546,1816"/>
                <Baseline points="556,1845 639,1842 722,1840 805,1838 888,1837 971,1836 1054,1835 1137,1835 1220,1834 1303,1834 1386,1834 1469,1834 1552,1834 1635,1833 1718,1832 1801,1831 1884,1830 1967,1828 2050,1826 2133,1823 2217,1819"/>
                <TextEquiv>
                    <Unicode>conuersionis partes aeris cito concurrerent in vnum continuum, &amp; desineret aer esse locus quiprius: &amp;</Unicode>
                </TextEquiv>
            </TextLine>
            <TextLine id="r2l31" custom="readingOrder {index:29;}">
                <Coords points="540,1912 2056,1911 2207,1901 2236,1833 540,1856"/>
                <Baseline points="550,1900 633,1897 717,1895 801,1893 885,1891 969,1890 1052,1890 1136,1889 1220,1889 1304,1889 1388,1889 1471,1889 1555,1888 1639,1888 1723,1888 1807,1887 1890,1886 1974,1884 2058,1882 2142,1879 2226,1876"/>
                <TextEquiv>
                    <Unicode>sic per ipsum non maneret ibi corpus: sicut nec modo manet corruptis speciebus panis S ergo ad </Unicode>
                </TextEquiv>
            </TextLine>
            <TextLine id="r2l32" custom="readingOrder {index:30;}">
                <Coords points="547,1961 2023,1968 2243,1941 2243,1886 547,1908"/>
                <Baseline points="558,1953 641,1950 725,1947 809,1946 892,1944 976,1944 1060,1943 1143,1943 1227,1943 1311,1943 1395,1943 1478,1943 1562,1943 1646,1943 1729,1943 1813,1942 1897,1940 1980,1939 2064,1936 2148,1933 2232,1929"/>
                <TextEquiv>
                    <Unicode>huc maneret: hoc non esset nisi propter substantiam partium aeris, quae immediate prius tangebaintdimen</Unicode>
                </TextEquiv>
            </TextLine>
            <TextLine id="r2l33" custom="readingOrder {index:31;}">
                <Coords points="550,2029 2076,2017 2226,1999 2226,1939 549,1963"/>
                <Baseline points="560,2008 642,2004 725,2001 808,1999 891,1997 973,1996 1056,1996 1139,1995 1222,1996 1304,1996 1387,1996 1470,1997 1553,1997 1635,1997 1718,1997 1801,1996 1884,1995 1966,1994 2049,1991 2132,1988 2215,1984"/>
                <TextEquiv>
                    <Unicode>siones panis: &amp; sic semper maneret ibi corpus Christi: quia semper manere possent in lubstantia illae</Unicode>
                </TextEquiv>
            </TextLine>
            <TextLine id="r2l34" custom="readingOrder {index:32;}">
                <Coords points="551,2081 2010,2077 2232,2044 2232,1993 551,2028"/>
                <Baseline points="562,2063 649,2058 736,2055 823,2053 911,2051 998,2050 1085,2050 1173,2050 1260,2050 1347,2051 1435,2051 1522,2052 1609,2052 1697,2052 1784,2052 1871,2051 1959,2050 2046,2048 2133,2045 2221,2040"/>
                <TextEquiv>
                    <Unicode>partes aeris. Quid omnino absurdum est dicere: &amp; vt credo contra veritatem sacramenti: ita quod siibisit sacra</Unicode>
                </TextEquiv>
            </TextLine>
            <TextLine id="r2l35" custom="readingOrder {index:33;}">
                <Coords points="546,2125 1947,2148 2106,2125 2106,2057 546,2080"/>
                <Baseline points="556,2118 633,2114 710,2112 787,2109 864,2108 941,2107 1018,2106 1095,2105 1172,2105 1249,2105 1326,2106 1403,2106 1480,2107 1557,2107 1634,2108 1711,2108 1788,2108 1865,2108 1942,2108 2019,2107 2096,2106"/>
                <TextEquiv>
                    <Unicode>mentum quod inconueniens sit dicere corpus Christi esse extra certum locum quem habet in caelo.-</Unicode>
                </TextEquiv>
            </TextLine>
            <TextLine id="r2l36" custom="readingOrder {index:34;}">
                <Coords points="813,2242 1935,2255 1952,2147 813,2170"/>
                <Baseline points="823,2222 881,2221 940,2219 999,2217 1058,2217 1117,2216 1176,2216 1235,2215 1294,2215 1353,2216 1411,2216 1470,2216 1529,2217 1588,2217 1647,2218 1706,2218 1765,2218 1824,2219 1883,2219 1942,2219"/>
                <TextEquiv>
                    <Unicode>Hic incipit Decimum Quodlibet Magistri Henrici a Gandauo. </Unicode>
                </TextEquiv>
            </TextLine>
            <TextLine id="r2l37" custom="readingOrder {index:35;}">
                <Coords points="1057,2389 1928,2405 2228,2372 2228,2294 2185,2283 1057,2290"/>
                <Baseline points="1067,2374 1124,2372 1182,2370 1239,2370 1297,2369 1354,2369 1412,2370 1469,2370 1527,2371 1584,2372 1642,2372 1699,2373 1757,2373 1814,2373 1872,2373 1929,2371 1987,2370 2044,2368 2102,2365 2159,2360 2217,2355"/>
                <TextEquiv>
                    <Unicode>n nostra disputatione gene</Unicode>
                </TextEquiv>
            </TextLine>
            <TextLine id="r2l38" custom="readingOrder {index:36;}">
                <Coords points="1056,2455 2135,2448 2239,2426 2239,2373 1055,2398"/>
                <Baseline points="1066,2435 1124,2434 1182,2433 1240,2432 1298,2432 1356,2432 1414,2433 1473,2433 1531,2434 1589,2434 1647,2435 1705,2435 1763,2435 1821,2435 1880,2434 1938,2432 1996,2430 2054,2427 2112,2424 2170,2419 2229,2413"/>
                <TextEquiv>
                    <Unicode>rali Decima proponebantur quaestiones. xvii. Quarum quaedam erantde perti-</Unicode>
                </TextEquiv>
            </TextLine>
            <TextLine id="r2l39" custom="readingOrder {index:37;}">
                <Coords points="1054,2509 2240,2480 2239,2425 1890,2464 1054,2456"/>
                <Baseline points="1064,2490 1122,2489 1180,2487 1238,2486 1297,2486 1355,2486 1413,2486 1471,2487 1530,2488 1588,2488 1646,2489 1704,2489 1763,2489 1821,2489 1879,2488 1937,2487 1996,2485 2054,2482 2112,2479 2170,2474 2229,2468"/>
                <TextEquiv>
                    <Unicode>nentibus ad sacra: quaedam vero de pertinentibus ad non sacraQuaedam: </Unicode>
                </TextEquiv>
            </TextLine>
            <TextLine id="r2l40" custom="readingOrder {index:38;}">
                <Coords points="1061,2557 2193,2555 2242,2546 2242,2480 1060,2512"/>
                <Baseline points="1072,2543 1133,2541 1194,2540 1255,2540 1316,2540 1377,2540 1438,2541 1499,2542 1560,2542 1621,2543 1682,2544 1743,2544 1804,2544 1865,2543 1926,2542 1987,2540 2048,2537 2109,2533 2170,2528 2231,2522"/>
                <TextEquiv>
                    <Unicode>vero pertinebant ad sacramentum poenitentiae: quaedam vero ad sanctacor</Unicode>
                </TextEquiv>
            </TextLine>
            <TextLine id="r2l41" custom="readingOrder {index:39;}">
                <Coords points="1068,2621 1979,2623 2176,2609 2243,2587 2243,2545 1068,2557"/>
                <Baseline points="1078,2598 1135,2596 1193,2595 1251,2594 1309,2594 1366,2595 1424,2595 1482,2596 1540,2597 1597,2598 1655,2599 1713,2599 1771,2599 1828,2599 1886,2598 1944,2597 2002,2595 2059,2592 2117,2588 2175,2582 2233,2576"/>
                <TextEquiv>
                    <Unicode>ora Christi &amp; beatorum. ClRCAprimum istorum proponebanturqua- </Unicode>
                </TextEquiv>
            </TextLine>
            <TextLine id="r2l42" custom="readingOrder {index:40;}">
                <Coords points="1060,2670 2074,2671 2239,2651 2239,2593 1060,2619"/>
                <Baseline points="1070,2652 1131,2650 1192,2648 1253,2648 1314,2648 1375,2648 1436,2649 1497,2650 1558,2651 1619,2652 1680,2653 1741,2653 1802,2653 1863,2653 1924,2651 1985,2649 2046,2647 2107,2643 2168,2637 2229,2631"/>
                <TextEquiv>
                    <Unicode>tuor. Quorum primum pertinet ad actum confitendi: vtrum. scertorsit di- </Unicode>
                </TextEquiv>
            </TextLine>
            <TextLine id="r2l43" custom="readingOrder {index:41;}">
                <Coords points="1046,2720 2134,2723 2219,2716 2252,2658 1045,2673"/>
                <Baseline points="1056,2704 1115,2703 1174,2702 1233,2701 1293,2701 1352,2702 1411,2703 1470,2703 1530,2704 1589,2705 1648,2706 1707,2706 1767,2707 1826,2706 1885,2706 1944,2705 2004,2702 2063,2700 2122,2696 2181,2691 2241,2685"/>
                <TextEquiv>
                    <Unicode>cere quod vere poenitens &amp; confessus rite absclutus ab eo qui potest eu</Unicode>
                </TextEquiv>
            </TextLine>
            <TextLine id="r2l44" custom="readingOrder {index:42;}">
                <Coords points="1047,2769 2120,2779 2239,2751 2239,2709 1046,2716"/>
                <Baseline points="1057,2755 1115,2754 1174,2754 1232,2754 1291,2754 1350,2755 1408,2756 1467,2757 1525,2758 1584,2759 1643,2760 1701,2761 1760,2761 1818,2761 1877,2760 1936,2759 1994,2757 2053,2754 2111,2751 2170,2746 2229,2740"/>
                <TextEquiv>
                    <Unicode>absoluere de gratia &amp; ex priuilegio speciali: teneatur eadem peccataiai</Unicode>
                </TextEquiv>
            </TextLine>
            <TextLine id="r2l45" custom="readingOrder {index:43;}">
                <Coords points="1045,2826 2081,2833 2240,2811 2240,2754 1803,2789 1045,2770"/>
                <Baseline points="1056,2809 1114,2808 1173,2807 1231,2807 1290,2808 1349,2809 1407,2810 1466,2811 1525,2812 1583,2813 1642,2814 1701,2815 1759,2815 1818,2815 1877,2815 1935,2813 1994,2812 2053,2809 2111,2805 2170,2801 2229,2795"/>
                <TextEquiv>
                    <Unicode>illi confessa iterato confiteri illi cui tenetur confiteri de fure conmuli</Unicode>
                </TextEquiv>
            </TextLine>
            <TextLine id="r2l46" custom="readingOrder {index:44;}">
                <Coords points="1035,2877 2014,2891 2247,2863 2247,2817 1035,2822"/>
                <Baseline points="1046,2862 1105,2861 1164,2860 1224,2861 1283,2861 1343,2862 1402,2863 1462,2864 1521,2866 1581,2867 1640,2869 1699,2869 1759,2870 1818,2870 1878,2869 1937,2868 1997,2866 2056,2863 2116,2859 2175,2853 2235,2847"/>
                <TextEquiv>
                    <Unicode>ex illo statuto generali extra de poe. &amp; re. Omnis vtriusque sexus. Secundum</Unicode>
                </TextEquiv>
            </TextLine>
            <TextLine id="r2l47" custom="readingOrder {index:45;}">
                <Coords points="539,2945 1962,2947 2245,2928 2245,2862 538,2898"/>
                <Baseline points="550,2937 611,2935 1121,2915 1183,2915 1245,2915 1307,2916 1369,2917 1430,2918 1492,2919 1554,2920 1616,2921 1678,2922 1740,2923 1802,2923 1863,2923 1925,2922 1987,2920 2049,2917 2111,2913 2173,2908 2235,2902"/>
                <TextEquiv>
                    <Unicode>vero pertinet ad auctoritatem commissam audienti confessionem de gratia &amp; ex priuilegio: vVtrunsex con</Unicode>
                </TextEquiv>
            </TextLine>
            <TextLine id="r2l52" custom="readingOrder {index:46;}">
                <Coords points="537,2995 1982,3000 2242,2975 2244,2926 537,2946"/>
                <Baseline points="547,2987 611,2984 1068,2970 1133,2969 1197,2969 1262,2969 1327,2970 1391,2971 1456,2973 1521,2974 1586,2975 1650,2976 1715,2977 1780,2977 1844,2977 1909,2976 1974,2974 2038,2970 2103,2966 2168,2961 2233,2954"/>
                <TextEquiv>
                    <Unicode>missione generali qua conceditur aliquibus ex priuilegio &amp; de gratia posse audire confessiones &amp; ab- </Unicode>
                </TextEquiv>
            </TextLine>
            <TextLine id="r2l54" custom="readingOrder {index:47;}">
                <Coords points="554,3052 1988,3054 2176,3038 2237,2977 554,2991"/>
                <Baseline points="564,3041 647,3036 730,3031 813,3028 896,3026 979,3025 1062,3025 1146,3025 1229,3026 1312,3027 1395,3028 1478,3029 1561,3030 1644,3030 1728,3030 1811,3029 1894,3028 1977,3026 2060,3022 2143,3017 2227,3010"/>
                <TextEquiv>
                    <Unicode>soluere a peccatis simpliciter., concedatur potestas absoluendi a maioribus criminibus reseruatis emporis.</Unicode>
                </TextEquiv>
            </TextLine>
            <TextLine id="r2l55" custom="readingOrder {index:48;}">
                <Coords points="589,3099 1908,3112 2240,3078 2240,3014 588,3046"/>
                <Baseline points="600,3092 681,3087 763,3084 844,3081 926,3080 1007,3079 1089,3079 1170,3080 1252,3080 1333,3081 1415,3082 1496,3083 1578,3084 1659,3084 1741,3084 1822,3083 1904,3081 1985,3078 2067,3074 2148,3069 2230,3063"/>
                <TextEquiv>
                    <Unicode>Tertium erat de poenis infligendis non confitentibus illis quibus tenentur confiteri de iure conmuni-</Unicode>
                </TextEquiv>
            </TextLine>
            <TextLine id="r2l56" custom="readingOrder {index:49;}">
                <Coords points="550,3152 1951,3163 2197,3147 2241,3077 549,3076"/>
                <Baseline points="560,3144 643,3140 727,3137 810,3135 894,3133 977,3133 1061,3133 1144,3134 1228,3134 1311,3136 1395,3137 1479,3137 1562,3138 1646,3138 1729,3138 1813,3137 1896,3135 1980,3132 2063,3128 2147,3122 2231,3116"/>
                <TextEquiv>
                    <Unicode>ex statuto generali: vtrum scilicet adultos qui ad annos discretionis peruenerunt non confessos semel in </Unicode>
                </TextEquiv>
            </TextLine>
            <TextLine id="r2l57" custom="readingOrder {index:50;}">
                <Coords points="538,3232 2068,3229 2248,3186 2248,3129 537,3160"/>
                <Baseline points="548,3198 632,3194 716,3191 801,3188 885,3187 970,3187 1054,3187 1139,3188 1223,3189 1308,3190 1392,3192 1476,3193 1561,3194 1645,3194 1730,3194 1814,3193 1899,3192 1983,3189 2068,3185 2152,3179 2237,3173"/>
                <TextEquiv>
                    <Unicode>anno omnia peccata sua proprio sacerdoti alias eidem non confessa, debeant ipsi praelati ecclestarum</Unicode>
                </TextEquiv>
            </TextLine>
            <TextEquiv>
                <Unicode>tamen dimensiones corporis Christi essent in substantia panis dimensionaliter: quia tunciplainsomiam
rent &amp; extenderent vt haberet partem extra partem sub partibus dimensionum Christi: sicut primo habuit sub di- 
mensionibus, propriis: aut si non informarent substantiam panis: sed solummodo suam substantiam quae ibidt per con
comitantiam: &amp; esset substantia panis in simplici &amp; indiuisibili existens: quia vt dicitur primolliis. si
substantia sola est, neque magnitudinem habebit vllam: non enim posset haibene partem absque dimensionibus infomam
tibus: nisi forte speciali miraculo: adhuc non essent ibi dimensiones corporis Christi dimensionalitr
quia non essent ibi nisi ratione illius substantiae manentis: quae non est ibi dimensionaliter quare etsi totum
in totum conuertitur multo minus erunt ibi dimensionaliter. quia quocumque modo ponatur ibi esse virtute
conuersionis, hoc non potest poni dimensionaliter. Vnde etsi aliqui dicunt quod propter conversionem factam
alicubi totum conuertendo in totum dimensiones &amp; substantiam: corpus esset vbi erat prius quod convertebatur
puta in aere: non tamen erit ibi dimensionaliter plus quam modo est in sacramento. Quid tamen nec poni potest l
aut debet: quia cum corpus non ponitur esse alicubi extra caelum manens in caelo nisi sacramentaliter: &amp;non
habet esse sacramentaliter nisi propter species visibiles quae sunt de ratione sacramenti: vnde &amp; cum desinunt
esse illae species visibiles: desinit ibi esse corpus Christi: si ergo totum cum dimensionibus &amp; aliis accideum
tibus conuertatur, cum non sit ibi manens aliqua species sacramentalis: nullo modo dicendum est corpus.
Christi esse vbi totum conuersum est in totum &amp; secundum substantiam &amp; secundum accasmentia: quoniannom posset po-
ni ibi esse nisi sacramentaliter, qualiter ibi non est: quoniam si non incipit esse sacramentaliter ibi species sunt
nisi sub speciebus: &amp; desinit esse ibi desinentibus speciebus esse: secundum quod dicit Hugo libro iip iii.capxii.
si in aliquo a similitudine recederet: verum sacramentum non esset. Et ca. xiii. Si in aliquo similitudo de
ficeret illic proculdubio sacramentum non esset: nec vllo modo est sacramentum vbi species penitus non sunt
Alio autem modo ibi esse poni non potest: quoniam si alio modo ibi esset: res ipsa, vt dicit Hugo infine dici
cap. xiii. proderetur &amp; manifestaretur euidenti miraculo: quid non contingit quamdiu fides locum habet. Posthoc
ergo si corporalem Christi praesentiam quaeris: in caelo quaere. lbi quaere vbi &amp; prius fuit quam per sacramentum suum corpo
raliter tecum esse inciperet: &amp; vnde non discessit quando ad te venit. Sic ergo etsi dimensiones nanis fu
erint ante conuersionem in aliquo loco aeris: nullo modo est dicendum quod post earum conuersionem cum sublantia.
panis in corpus Christi, corpus Christi habet in illo loco aeris esse: quia non erat aliquid de intaneispa-
nis: &amp; ita non pertinet ad sacramentum. Praeterea cum corpus Christi ibi non esset dimensionaliter, non im
pleret locum quem prius impleuerunt dimensiones panis: &amp; ita non maneret illa capacitas: sed ininstanti qua 
conuersionis partes aeris cito concurrerent in vnum continuum, &amp; desineret aer esse locus quiprius: &amp;
sic per ipsum non maneret ibi corpus: sicut nec modo manet corruptis speciebus panis S ergo ad 
huc maneret: hoc non esset nisi propter substantiam partium aeris, quae immediate prius tangebaintdimen
siones panis: &amp; sic semper maneret ibi corpus Christi: quia semper manere possent in lubstantia illae
partes aeris. Quid omnino absurdum est dicere: &amp; vt credo contra veritatem sacramenti: ita quod siibisit sacra
mentum quod inconueniens sit dicere corpus Christi esse extra certum locum quem habet in caelo.-
Hic incipit Decimum Quodlibet Magistri Henrici a Gandauo. 
n nostra disputatione gene
rali Decima proponebantur quaestiones. xvii. Quarum quaedam erantde perti-
nentibus ad sacra: quaedam vero de pertinentibus ad non sacraQuaedam: 
vero pertinebant ad sacramentum poenitentiae: quaedam vero ad sanctacor
ora Christi &amp; beatorum. ClRCAprimum istorum proponebanturqua- 
tuor. Quorum primum pertinet ad actum confitendi: vtrum. scertorsit di- 
cere quod vere poenitens &amp; confessus rite absclutus ab eo qui potest eu
absoluere de gratia &amp; ex priuilegio speciali: teneatur eadem peccataiai
illi confessa iterato confiteri illi cui tenetur confiteri de fure conmuli
ex illo statuto generali extra de poe. &amp; re. Omnis vtriusque sexus. Secundum
vero pertinet ad auctoritatem commissam audienti confessionem de gratia &amp; ex priuilegio: vVtrunsex con
missione generali qua conceditur aliquibus ex priuilegio &amp; de gratia posse audire confessiones &amp; ab- 
soluere a peccatis simpliciter., concedatur potestas absoluendi a maioribus criminibus reseruatis emporis.
Tertium erat de poenis infligendis non confitentibus illis quibus tenentur confiteri de iure conmuni-
ex statuto generali: vtrum scilicet adultos qui ad annos discretionis peruenerunt non confessos semel in 
anno omnia peccata sua proprio sacerdoti alias eidem non confessa, debeant ipsi praelati ecclestarum</Unicode>
            </TextEquiv>
        </TextRegion>
    </Page>
</PcGts>
