<?xml version="1.0" encoding="UTF-8" standalone="yes"?>
<PcGts xmlns="http://schema.primaresearch.org/PAGE/gts/pagecontent/2013-07-15" xmlns:xsi="http://www.w3.org/2001/XMLSchema-instance" xsi:schemaLocation="http://schema.primaresearch.org/PAGE/gts/pagecontent/2013-07-15 http://schema.primaresearch.org/PAGE/gts/pagecontent/2013-07-15/pagecontent.xsd">
    <Metadata>
        <Creator>prov=University of Rostock/Institute of Mathematics/CITlab|PLANET AI GmbH/Gundram Leifert/gundram.leifert@planet-ai.de:name=Badius1518-m5(htr_id=23184)::::v=2.6.6
prov=University of Rostock/Institute of Mathematics/CITlab|PLANET AI GmbH/Tobias Gruening/tobias.gruening@planet-ai.de:name=de.uros.citlab.module.baseline2polygon.B2PSeamMultiOriented:v=2.6.6
prov=University of Rostock/Institute of Mathematics/CITlab|PLANET AI GmbH/Tobias Gruening/tobias.gruening@planet-ai.de:name=/net_tf/LA73_249_0mod360.pb:de.uros.citlab.segmentation.CITlab_LA_ML:v=2.6.0
Transkribus</Creator>
        <Created>2019-12-09T23:48:45.180+01:00</Created>
        <LastChange>2020-04-22T21:19:07.641+02:00</LastChange>
        <TranskribusMetadata docId="291873" pageId="11635574" pageNr="835" tsid="28166193" status="IN_PROGRESS" userId="25065" imgUrl="https://files.transkribus.eu/Get?id=YFXPNJUNYEZSXETXBFAVOOBX&amp;fileType=view" xmlUrl="https://files.transkribus.eu/Get?id=GQFFVGUTQDLSTVWOPMYXXCIH" imageId="8014613"/>
    </Metadata>
    <Page imageFilename="834.jpg" imageWidth="2466" imageHeight="3748">
        <ReadingOrder>
            <OrderedGroup id="ro_1587600696004" caption="Regions reading order">
                <RegionRefIndexed index="0" regionRef="TextRegion_1584741860070_1373"/>
            </OrderedGroup>
        </ReadingOrder>
        <TextRegion orientation="0.0" id="TextRegion_1584741860070_1373" custom="readingOrder {index:0;}">
            <Coords points="186,317 1936,317 1936,3233 186,3233"/>
            <TextLine id="r3l2" custom="readingOrder {index:0;}">
                <Coords points="186,387 1948,400 1947,308 1641,290 186,324"/>
                <Baseline points="197,376 288,374 380,372 471,371 563,370 654,369 746,368 837,368 929,367 1020,367 1112,367 1203,367 1295,367 1386,367 1478,367 1569,368 1661,368 1752,369 1844,370 1936,370"/>
                <TextEquiv>
                    <Unicode>tus, &amp; more prudentis medici superinfundat vinum &amp; oleum vulneribus sauciati: diligenter inqui </Unicode>
                </TextEquiv>
            </TextLine>
            <TextLine id="r3l3" custom="readingOrder {index:1;}">
                <Coords points="186,445 1944,438 1848,382 186,397"/>
                <Baseline points="197,429 283,428 370,427 457,426 544,425 630,424 717,423 804,422 891,421 977,421 1064,420 1151,420 1238,420 1324,420 1411,420 1498,420 1585,421 1671,422 1758,423 1845,425 1932,426"/>
                <TextEquiv>
                    <Unicode>rens de peccatis, &amp; de peccati circunstantiis: quibus prudenter intelligat quale ei debeat consilium,</Unicode>
                </TextEquiv>
            </TextLine>
            <TextLine id="r3l4" custom="readingOrder {index:2;}">
                <Coords points="188,498 1917,505 1941,439 188,445"/>
                <Baseline points="198,485 284,483 371,481 457,479 544,477 631,476 717,475 804,474 890,473 977,473 1064,473 1150,473 1237,473 1323,473 1410,474 1497,474 1583,475 1670,476 1756,478 1843,479 1930,481"/>
                <TextEquiv>
                    <Unicode>&amp; cuiusmodi remedium adhibere: diuersis experimentis vtendo ad sanandum aegrotum. Vnde si</Unicode>
                </TextEquiv>
            </TextLine>
            <TextLine id="r3l5" custom="readingOrder {index:3;}">
                <Coords points="191,558 1824,561 1939,549 1939,495 191,498"/>
                <Baseline points="202,538 288,537 374,535 461,533 547,532 633,531 720,530 806,529 892,529 979,528 1065,528 1151,528 1238,528 1324,528 1410,529 1497,529 1583,530 1669,530 1756,531 1842,532 1929,533"/>
                <TextEquiv>
                    <Unicode>intelligat iteratam confessionem propter maiorem verecundiam vel aliquid aliud confesso esse ma</Unicode>
                </TextEquiv>
            </TextLine>
            <TextLine id="r3l6" custom="readingOrder {index:4;}">
                <Coords points="186,609 1918,609 1937,550 186,561"/>
                <Baseline points="198,591 284,589 370,588 457,587 543,586 630,585 716,584 802,584 889,583 975,583 1062,583 1148,583 1234,583 1321,583 1407,583 1494,584 1580,584 1666,584 1753,585 1839,585 1926,586"/>
                <TextEquiv>
                    <Unicode>gis medicinalem, illam poterit ei in satisfactionem praecipere &amp; iniungere, &amp; ille humiliter debet</Unicode>
                </TextEquiv>
            </TextLine>
            <TextLine id="r3l7" custom="readingOrder {index:5;}">
                <Coords points="183,656 1857,664 1942,655 1942,605 182,611"/>
                <Baseline points="193,644 279,643 366,642 453,641 540,640 627,639 714,638 801,637 888,637 975,636 1062,635 1148,635 1235,635 1322,635 1409,635 1496,635 1583,636 1670,636 1757,638 1844,639 1931,641"/>
                <TextEquiv>
                    <Unicode>suscipere. quia de confesso dicitur ibidem. Iniunctam sibi poenitentiam pro viribus studeat imple-</Unicode>
                </TextEquiv>
            </TextLine>
            <TextLine id="r3l8" custom="readingOrder {index:6;}">
                <Coords points="179,711 1769,718 1932,704 1932,646 179,667"/>
                <Baseline points="189,699 275,697 362,696 448,695 535,694 621,693 708,692 794,691 881,690 967,690 1054,689 1141,689 1227,689 1314,689 1400,689 1487,689 1573,690 1660,690 1746,691 1833,692 1920,694"/>
                <TextEquiv>
                    <Unicode>re. Licet enim iterare confessionem sicut ieiunare &amp; peregrinari simpliciter consilii sunt non praecepti: </Unicode>
                </TextEquiv>
            </TextLine>
            <TextLine id="r3l9" custom="readingOrder {index:7;}">
                <Coords points="186,767 1881,770 1935,768 1935,703 186,723"/>
                <Baseline points="197,752 283,751 369,749 455,748 542,747 628,746 714,746 801,745 887,744 973,744 1060,743 1146,743 1232,743 1318,743 1405,743 1491,743 1577,743 1664,743 1750,743 1836,743 1923,743"/>
                <TextEquiv>
                    <Unicode>ex causa tamen &amp; in poenam satisfactoriam pro peccato iam confesso bene potest quodlibet eorum se</Unicode>
                </TextEquiv>
            </TextLine>
            <TextLine id="r3l10" custom="readingOrder {index:8;}">
                <Coords points="187,815 1934,825 1934,768 1855,758 187,772"/>
                <Baseline points="199,806 285,804 371,803 457,802 543,801 630,800 716,799 802,799 888,798 974,797 1061,797 1147,797 1233,797 1319,796 1405,797 1492,797 1578,797 1664,798 1750,799 1836,800 1923,801"/>
                <TextEquiv>
                    <Unicode>cundum arbitrium confessoris praecipi: &amp; sic cadere sub praecepto in hoc casu. Si autem praeceptum</Unicode>
                </TextEquiv>
            </TextLine>
            <TextLine id="r3l11" custom="readingOrder {index:9;}">
                <Coords points="181,869 1932,876 1932,826 1847,811 181,815"/>
                <Baseline points="193,861 279,859 365,857 452,856 538,854 625,853 711,852 797,851 884,851 970,850 1057,850 1143,850 1229,850 1316,850 1402,850 1489,850 1575,851 1661,852 1748,852 1834,853 1921,854"/>
                <TextEquiv>
                    <Unicode>siue statutum intelligatur praecedere confessionem factam vni ex gratia priuilegiiin in hoc casu pro- </Unicode>
                </TextEquiv>
            </TextLine>
            <TextLine id="r3l12" custom="readingOrder {index:10;}">
                <Coords points="187,934 1901,931 1933,875 187,876"/>
                <Baseline points="198,914 284,912 370,910 456,909 542,907 629,907 715,906 801,905 887,905 973,904 1060,904 1146,904 1232,904 1318,904 1404,904 1491,904 1577,904 1663,904 1749,904 1835,904 1922,904"/>
                <TextEquiv>
                    <Unicode>posita est quaestio referendo intentum ad priuilegium domini Martini concessum quibusdam reli-</Unicode>
                </TextEquiv>
            </TextLine>
            <TextLine id="r3l13" custom="readingOrder {index:11;}">
                <Coords points="187,987 1903,985 1929,924 187,937"/>
                <Baseline points="198,966 284,965 370,963 456,962 542,961 628,960 714,960 800,959 886,959 972,959 1058,959 1144,959 1230,959 1316,959 1402,959 1488,959 1574,959 1660,960 1746,960 1832,960 1919,960"/>
                <TextEquiv>
                    <Unicode>giosis de confessionibus audiendis. Dominus enim Innocentius papa. iii. primo statuit generaliter</Unicode>
                </TextEquiv>
            </TextLine>
            <TextLine id="r3l14" custom="readingOrder {index:12;}">
                <Coords points="190,1033 1934,1039 1934,981 189,987"/>
                <Baseline points="200,1022 286,1020 372,1018 458,1016 544,1015 630,1014 716,1013 802,1013 888,1012 974,1012 1061,1012 1147,1011 1233,1012 1319,1012 1405,1012 1491,1013 1577,1013 1663,1014 1749,1015 1835,1015 1922,1016"/>
                <TextEquiv>
                    <Unicode>&amp; praecepit in generali concilio contento in Omnis vtriusque sexus. in quo erat praeceptum &amp; statu-</Unicode>
                </TextEquiv>
            </TextLine>
            <TextLine id="r3l15" custom="readingOrder {index:13;}">
                <Coords points="184,1089 1929,1088 1928,1038 1833,1025 184,1035"/>
                <Baseline points="194,1075 280,1073 366,1072 452,1070 538,1069 625,1068 711,1067 797,1066 883,1065 969,1065 1056,1064 1142,1064 1228,1064 1314,1064 1400,1065 1487,1065 1573,1066 1659,1066 1745,1067 1831,1068 1918,1069"/>
                <TextEquiv>
                    <Unicode>tum vt generale ius &amp; commune, quod saltem semel in anno confitendum esset a quolibet vni omnia pec</Unicode>
                </TextEquiv>
            </TextLine>
            <TextLine id="r3l16" custom="readingOrder {index:14;}">
                <Coords points="186,1144 1926,1145 1926,1086 186,1089"/>
                <Baseline points="197,1129 282,1127 368,1125 454,1124 540,1123 626,1122 712,1121 798,1120 884,1120 970,1119 1056,1119 1141,1119 1227,1119 1313,1119 1399,1120 1485,1120 1571,1120 1657,1121 1743,1121 1829,1122 1915,1122"/>
                <TextEquiv>
                    <Unicode>cata sua: &amp; dimisit in libera voluntate confitentis confiteri eadem peccata pluries suo proprio sa-</Unicode>
                </TextEquiv>
            </TextLine>
            <TextLine id="r3l17" custom="readingOrder {index:15;}">
                <Coords points="181,1198 1928,1198 1895,1135 181,1141"/>
                <Baseline points="192,1183 278,1181 364,1179 450,1177 537,1176 623,1175 709,1174 795,1173 882,1173 968,1173 1054,1173 1140,1173 1227,1173 1313,1173 1399,1174 1485,1174 1572,1174 1658,1175 1744,1175 1830,1176 1917,1176"/>
                <TextEquiv>
                    <Unicode>cerdoti vel habenti potestatem de illius consensu, si vellet: &amp; non confitendi iterum eadem nec plu</Unicode>
                </TextEquiv>
            </TextLine>
            <TextLine id="r3l18" custom="readingOrder {index:16;}">
                <Coords points="180,1241 1937,1249 1937,1202 1683,1183 180,1196"/>
                <Baseline points="191,1236 277,1234 364,1232 451,1231 538,1230 624,1229 711,1228 798,1227 885,1227 971,1227 1058,1227 1145,1226 1232,1227 1318,1227 1405,1227 1492,1227 1579,1228 1665,1228 1752,1228 1839,1228 1926,1229"/>
                <TextEquiv>
                    <Unicode>ries nec pluribus si nollet. Sed quia non vacabat sacerdotibus curatis audire confessionem pluries</Unicode>
                </TextEquiv>
            </TextLine>
            <TextLine id="r3l19" custom="readingOrder {index:17;}">
                <Coords points="175,1305 1930,1304 1902,1244 175,1239"/>
                <Baseline points="187,1289 273,1287 360,1286 446,1285 533,1283 620,1283 706,1282 793,1281 880,1281 966,1281 1053,1281 1140,1281 1226,1281 1313,1281 1400,1281 1486,1282 1573,1282 1660,1282 1746,1282 1833,1282 1920,1282"/>
                <TextEquiv>
                    <Unicode>de eisdem peccatis: nec erat alicui concessa potestas audiendi confessiones subditorum curatis si-</Unicode>
                </TextEquiv>
            </TextLine>
            <TextLine id="r3l20" custom="readingOrder {index:18;}">
                <Coords points="179,1355 1934,1360 1934,1304 1771,1291 179,1300"/>
                <Baseline points="189,1343 275,1341 362,1339 448,1338 535,1336 622,1335 708,1335 795,1334 882,1334 968,1334 1055,1334 1142,1334 1228,1334 1315,1335 1402,1335 1488,1336 1575,1336 1662,1336 1748,1336 1835,1336 1922,1336"/>
                <TextEquiv>
                    <Unicode>ne illorum consensu: quem saepius subditi volentes pluries confiteri: non potuerunt de facili impetra-</Unicode>
                </TextEquiv>
            </TextLine>
            <TextLine id="r3l21" custom="readingOrder {index:19;}">
                <Coords points="177,1409 1928,1412 1928,1359 1797,1349 177,1357"/>
                <Baseline points="189,1397 275,1395 361,1393 448,1391 534,1390 621,1389 707,1388 794,1388 880,1387 967,1387 1053,1387 1139,1387 1226,1387 1312,1387 1399,1388 1485,1388 1572,1389 1658,1389 1745,1390 1831,1390 1918,1390"/>
                <TextEquiv>
                    <Unicode>re: idcirco (ut puto) non tam in fauorem religiosorum quam confitentium eis, concessit postmodum re-</Unicode>
                </TextEquiv>
            </TextLine>
            <TextLine id="r3l22" custom="readingOrder {index:20;}">
                <Coords points="175,1459 1937,1464 1937,1414 1806,1397 175,1411"/>
                <Baseline points="187,1449 273,1448 360,1446 447,1445 534,1444 621,1443 708,1442 795,1442 882,1441 969,1441 1056,1441 1142,1441 1229,1441 1316,1441 1403,1441 1490,1442 1577,1442 1664,1442 1751,1443 1838,1444 1925,1444"/>
                <TextEquiv>
                    <Unicode>ligiosis dominus papa Martinus plenam potestatem audiendi confessiones, &amp; absoluendi, &amp; in- </Unicode>
                </TextEquiv>
            </TextLine>
            <TextLine id="r3l23" custom="readingOrder {index:21;}">
                <Coords points="185,1513 1930,1522 1929,1463 1834,1456 185,1459"/>
                <Baseline points="195,1502 281,1500 367,1499 453,1498 539,1497 626,1497 712,1496 798,1496 884,1495 970,1495 1057,1495 1143,1495 1229,1495 1315,1495 1401,1495 1488,1496 1574,1496 1660,1496 1746,1497 1832,1497 1919,1498"/>
                <TextEquiv>
                    <Unicode>iungendi poenitentias salutares quibuscunque qui vellent ad eos accedere: neminem cogendo per</Unicode>
                </TextEquiv>
            </TextLine>
            <TextLine id="r3l24" custom="readingOrder {index:22;}">
                <Coords points="180,1568 1936,1568 1894,1511 180,1520"/>
                <Baseline points="191,1557 277,1555 364,1554 450,1552 537,1551 624,1550 710,1550 797,1549 884,1549 970,1548 1057,1548 1144,1548 1230,1548 1317,1548 1404,1549 1490,1549 1577,1550 1664,1551 1750,1552 1837,1553 1924,1554"/>
                <TextEquiv>
                    <Unicode>praeceptum aut statutum ad confitendum illis: sed hoc in libera voluntate quorumlibet relinquendo. </Unicode>
                </TextEquiv>
            </TextLine>
            <TextLine id="r3l25" custom="readingOrder {index:23;}">
                <Coords points="182,1624 1933,1622 1876,1566 182,1570"/>
                <Baseline points="192,1609 278,1608 365,1607 451,1606 538,1606 624,1605 711,1604 797,1604 884,1603 970,1603 1057,1602 1143,1602 1230,1602 1316,1602 1403,1602 1489,1602 1576,1603 1662,1603 1749,1604 1835,1605 1922,1606"/>
                <TextEquiv>
                    <Unicode>Et sic statutum illud generale, Omnis vtriusque sexus. non est de iterando confessionem eorundem pecca-</Unicode>
                </TextEquiv>
            </TextLine>
            <TextLine id="r3l26" custom="readingOrder {index:24;}">
                <Coords points="189,1670 1931,1681 1931,1629 188,1622"/>
                <Baseline points="200,1663 286,1661 372,1660 458,1659 544,1659 630,1658 716,1658 802,1657 888,1657 974,1656 1060,1656 1146,1656 1232,1656 1318,1656 1404,1656 1490,1656 1576,1657 1662,1657 1748,1657 1834,1658 1920,1658"/>
                <TextEquiv>
                    <Unicode>torum directe &amp; per se: etsi indirecte &amp; per accidens: si poenitens scilicet prius confiteatur reli-</Unicode>
                </TextEquiv>
            </TextLine>
            <TextLine id="r3l27" custom="readingOrder {index:25;}">
                <Coords points="180,1733 1923,1735 1896,1668 180,1670"/>
                <Baseline points="192,1717 278,1715 364,1714 450,1713 536,1713 622,1712 708,1712 794,1711 880,1711 966,1711 1052,1711 1138,1711 1224,1711 1310,1711 1396,1711 1482,1712 1568,1712 1654,1712 1740,1712 1826,1713 1912,1713"/>
                <TextEquiv>
                    <Unicode>gioso priuilegiato quam suo sacerdoti. Sed sic intelligendo statutum generale praecessisse, &amp; priuile</Unicode>
                </TextEquiv>
            </TextLine>
            <TextLine id="r3l28" custom="readingOrder {index:26;}">
                <Coords points="182,1790 1870,1789 1933,1782 1933,1728 182,1736"/>
                <Baseline points="192,1771 278,1770 364,1768 451,1767 537,1767 624,1766 710,1765 797,1765 883,1765 970,1765 1056,1764 1142,1765 1229,1765 1315,1765 1402,1765 1488,1766 1575,1766 1661,1767 1748,1767 1834,1768 1921,1768"/>
                <TextEquiv>
                    <Unicode>gium domini Martini subsequutum fuisse: ad dissolutionem quaestionis restat inuestigare an per</Unicode>
                </TextEquiv>
            </TextLine>
            <TextLine id="r3l29" custom="readingOrder {index:27;}">
                <Coords points="178,1837 1886,1844 1925,1786 178,1790"/>
                <Baseline points="190,1826 276,1824 362,1823 448,1822 534,1821 621,1820 707,1819 793,1819 879,1819 965,1819 1052,1819 1138,1819 1224,1819 1310,1819 1396,1819 1483,1819 1569,1819 1655,1820 1741,1820 1827,1819 1914,1819"/>
                <TextEquiv>
                    <Unicode>illud priuilegium subtrahitur vel suspenditur obligatio illius statuti generalis: vt scilicet confi-</Unicode>
                </TextEquiv>
            </TextLine>
            <TextLine id="r3l30" custom="readingOrder {index:28;}">
                <Coords points="187,1885 1897,1898 1923,1833 187,1844"/>
                <Baseline points="198,1878 283,1877 369,1876 455,1875 541,1874 626,1874 712,1874 798,1873 884,1873 969,1873 1055,1873 1141,1873 1227,1873 1312,1873 1398,1873 1484,1874 1570,1874 1655,1874 1741,1874 1827,1874 1913,1873"/>
                <TextEquiv>
                    <Unicode>tentes dictis religiosis a debito contento in dicto statuto de confitendo proprio sacerdoti semel</Unicode>
                </TextEquiv>
            </TextLine>
            <TextLine id="r3l31" custom="readingOrder {index:29;}">
                <Coords points="175,1940 1928,1943 1869,1887 175,1892"/>
                <Baseline points="186,1933 272,1931 359,1930 445,1930 532,1929 618,1928 705,1928 791,1928 878,1928 964,1927 1051,1927 1138,1927 1224,1927 1311,1928 1397,1928 1484,1928 1570,1928 1657,1928 1743,1928 1830,1928 1917,1927"/>
                <TextEquiv>
                    <Unicode>in anno omnia peccata sua, sint absoluti, an non: sed aeque manet ipsum debitum ex statuto, siue</Unicode>
                </TextEquiv>
            </TextLine>
            <TextLine id="r3l32" custom="readingOrder {index:30;}">
                <Coords points="178,1994 1933,1997 1933,1943 1824,1936 178,1944"/>
                <Baseline points="190,1986 276,1985 363,1984 449,1983 536,1983 623,1982 709,1982 796,1981 882,1981 969,1981 1056,1981 1142,1981 1229,1981 1315,1981 1402,1981 1489,1981 1575,1981 1662,1981 1748,1981 1835,1981 1922,1981"/>
                <TextEquiv>
                    <Unicode>obligatio cum priuilegio praedicto &amp; fine eo. Quia si primo modo: sic in rei veritate error esset di- </Unicode>
                </TextEquiv>
            </TextLine>
            <TextLine id="r3l33" custom="readingOrder {index:31;}">
                <Coords points="179,2046 1928,2050 1873,1992 179,1998"/>
                <Baseline points="190,2041 276,2040 362,2038 448,2037 535,2037 621,2036 707,2036 794,2035 880,2035 966,2035 1053,2035 1139,2035 1225,2035 1311,2035 1398,2035 1484,2035 1570,2035 1657,2035 1743,2035 1829,2034 1916,2034"/>
                <TextEquiv>
                    <Unicode>cere quod confessi dictis religiosis teneantur eadem peccata iterum confiteri suis propriis sacerdo-</Unicode>
                </TextEquiv>
            </TextLine>
            <TextLine id="r3l34" custom="readingOrder {index:32;}">
                <Coords points="177,2107 1851,2112 1930,2107 1930,2051 177,2053"/>
                <Baseline points="187,2093 273,2092 360,2091 446,2091 533,2091 620,2090 706,2090 793,2090 879,2089 966,2089 1053,2089 1139,2089 1226,2089 1312,2089 1399,2089 1486,2089 1572,2089 1659,2090 1745,2090 1832,2090 1919,2090"/>
                <TextEquiv>
                    <Unicode>tibus. Si vero secundo modo: sic proculdubio error est dicere quod confessi dictis religiosis non te-</Unicode>
                </TextEquiv>
            </TextLine>
            <TextLine id="r3l35" custom="readingOrder {index:33;}">
                <Coords points="181,2155 1925,2162 1908,2101 181,2107"/>
                <Baseline points="192,2145 278,2145 364,2145 450,2145 536,2144 622,2144 708,2144 794,2144 880,2144 966,2144 1053,2143 1139,2143 1225,2143 1311,2143 1397,2143 1483,2143 1569,2143 1655,2143 1741,2143 1827,2144 1914,2144"/>
                <TextEquiv>
                    <Unicode>neantur eadem peccata confiteri suis propriis sacerdotibus: quia confessi illis religiosis non mi-</Unicode>
                </TextEquiv>
            </TextLine>
            <TextLine id="r3l36" custom="readingOrder {index:34;}">
                <Coords points="182,2207 1924,2217 1896,2159 182,2155"/>
                <Baseline points="194,2198 280,2198 366,2198 452,2197 538,2197 624,2197 710,2196 796,2196 882,2196 968,2196 1054,2195 1140,2195 1226,2195 1312,2195 1398,2195 1484,2195 1570,2195 1656,2195 1742,2195 1828,2196 1914,2196"/>
                <TextEquiv>
                    <Unicode>nus manent obligati ad confitendum peccata illis confessa suis propriis sacerdotibus, quam erant</Unicode>
                </TextEquiv>
            </TextLine>
            <TextLine id="r3l37" custom="readingOrder {index:35;}">
                <Coords points="185,2266 1768,2276 1922,2263 1922,2215 185,2216"/>
                <Baseline points="196,2251 281,2251 367,2250 453,2250 539,2250 625,2249 710,2249 796,2249 882,2249 968,2249 1054,2249 1139,2249 1225,2249 1311,2249 1397,2249 1483,2249 1568,2249 1654,2249 1740,2249 1826,2249 1912,2249"/>
                <TextEquiv>
                    <Unicode>prius quando ea illis non erant confessa. Et tenent dicti religiosi: quod per eorum priuilegium in- </Unicode>
                </TextEquiv>
            </TextLine>
            <TextLine id="r3l38" custom="readingOrder {index:36;}">
                <Coords points="179,2320 1926,2323 1925,2269 1832,2258 179,2268"/>
                <Baseline points="190,2307 276,2306 362,2305 448,2304 534,2303 621,2303 707,2302 793,2302 879,2302 965,2301 1052,2301 1138,2301 1224,2301 1310,2301 1396,2301 1483,2301 1569,2302 1655,2302 1741,2302 1827,2302 1914,2302"/>
                <TextEquiv>
                    <Unicode>fringitur circa confitentes sibi debitum seu obligatio illius statuti generalis, Omnis vtriusque sexus.</Unicode>
                </TextEquiv>
            </TextLine>
            <TextLine id="r3l39" custom="readingOrder {index:37;}">
                <Coords points="181,2377 1928,2376 1927,2328 1832,2310 181,2320"/>
                <Baseline points="191,2359 277,2359 363,2358 449,2357 536,2357 622,2356 708,2355 794,2355 881,2355 967,2354 1053,2354 1139,2354 1226,2354 1312,2354 1398,2354 1484,2354 1571,2354 1657,2355 1743,2355 1829,2356 1916,2356"/>
                <TextEquiv>
                    <Unicode>quantum ad hoc quod confessa eis non oportet iterum sacerdotibus parochialibus confiteri, dicen-</Unicode>
                </TextEquiv>
            </TextLine>
            <TextLine id="r3l40" custom="readingOrder {index:38;}">
                <Coords points="181,2425 1930,2429 1930,2375 1799,2362 181,2377"/>
                <Baseline points="193,2412 279,2411 365,2411 452,2411 538,2410 624,2410 711,2410 797,2409 883,2409 970,2409 1056,2408 1142,2408 1229,2408 1315,2408 1401,2408 1488,2408 1574,2409 1660,2409 1747,2410 1833,2410 1920,2411"/>
                <TextEquiv>
                    <Unicode>tes quod hoc clarum est eis, nec dubitant in eo: &amp; quod nemo de hoc debet dubitare, nec moueri debet</Unicode>
                </TextEquiv>
            </TextLine>
            <TextLine id="r3l41" custom="readingOrder {index:39;}">
                <Coords points="184,2475 1930,2481 1900,2421 184,2431"/>
                <Baseline points="195,2466 281,2466 367,2465 453,2465 540,2465 626,2464 712,2464 798,2464 885,2464 971,2463 1057,2463 1143,2463 1230,2463 1316,2463 1402,2463 1488,2463 1575,2463 1661,2463 1747,2464 1833,2464 1920,2465"/>
                <TextEquiv>
                    <Unicode>aliquis propter illos qui dicunt contrarium: praelatos scilicet &amp; alios, qui tenent quod per illud pri-</Unicode>
                </TextEquiv>
            </TextLine>
            <TextLine id="r3l42" custom="readingOrder {index:40;}">
                <Coords points="187,2531 1931,2540 1931,2487 1868,2477 187,2481"/>
                <Baseline points="197,2521 283,2520 369,2520 455,2519 541,2519 627,2518 713,2517 799,2517 885,2517 971,2516 1058,2516 1144,2516 1230,2516 1316,2516 1402,2516 1488,2516 1574,2517 1660,2517 1746,2518 1832,2518 1919,2519"/>
                <TextEquiv>
                    <Unicode>uilegium nullo modo infringitur obligatio contenta in illo statuto generali. Sed quaero quomodo hoc</Unicode>
                </TextEquiv>
            </TextLine>
            <TextLine id="r3l43" custom="readingOrder {index:41;}">
                <Coords points="178,2577 1927,2589 1877,2529 178,2536"/>
                <Baseline points="190,2573 276,2573 362,2573 448,2573 535,2572 621,2572 707,2572 794,2571 880,2571 966,2570 1053,2570 1139,2570 1225,2570 1311,2570 1398,2570 1484,2570 1570,2570 1657,2570 1743,2571 1829,2571 1916,2572"/>
                <TextEquiv>
                    <Unicode>est eis clarum &amp; certum: an ex forma verborum priuilegii: an ex assecuratione verborum quam habent super </Unicode>
                </TextEquiv>
            </TextLine>
            <TextLine id="r3l44" custom="readingOrder {index:42;}">
                <Coords points="179,2640 1921,2641 1841,2582 179,2577"/>
                <Baseline points="190,2627 276,2627 362,2626 448,2626 534,2626 620,2626 706,2626 792,2626 878,2625 964,2625 1050,2625 1136,2625 1222,2625 1308,2625 1394,2625 1480,2625 1566,2625 1652,2625 1738,2625 1824,2625 1910,2625"/>
                <TextEquiv>
                    <Unicode>hoc a domino papa. Si primo modo: hoc dicere personis literatis valde mirabile est: cum non sit aliquis</Unicode>
                </TextEquiv>
            </TextLine>
            <TextLine id="r3l45" custom="readingOrder {index:43;}">
                <Coords points="184,2699 1922,2699 1893,2638 184,2636"/>
                <Baseline points="194,2680 279,2680 365,2680 451,2680 537,2681 623,2680 708,2680 794,2680 880,2680 966,2680 1052,2679 1137,2679 1223,2679 1309,2679 1395,2678 1481,2678 1566,2678 1652,2678 1738,2679 1824,2679 1910,2680"/>
                <TextEquiv>
                    <Unicode>ita simplex, dum tamen grammaticae nouerit literas, quin ei viso ordine verborum sicut iacent in </Unicode>
                </TextEquiv>
            </TextLine>
            <TextLine id="r3l46" custom="readingOrder {index:44;}">
                <Coords points="179,2755 1911,2750 1926,2698 179,2701"/>
                <Baseline points="191,2734 277,2734 363,2734 449,2734 536,2734 622,2734 708,2734 794,2734 881,2733 967,2733 1053,2733 1139,2732 1226,2732 1312,2732 1398,2732 1484,2731 1571,2731 1657,2731 1743,2732 1829,2732 1916,2732"/>
                <TextEquiv>
                    <Unicode>priuilegio, statim prima facie apparet quod dictum statutum generale per priuilegium non tollitur</Unicode>
                </TextEquiv>
            </TextLine>
            <TextLine id="r3l47" custom="readingOrder {index:45;}">
                <Coords points="182,2799 1926,2801 1898,2740 182,2755"/>
                <Baseline points="192,2788 278,2788 364,2788 450,2788 536,2787 623,2787 709,2787 795,2787 881,2787 967,2787 1054,2787 1140,2787 1226,2787 1312,2787 1398,2787 1485,2787 1571,2786 1657,2786 1743,2786 1829,2785 1916,2785"/>
                <TextEquiv>
                    <Unicode>nec infringitur in aliquo: immo confirmatur &amp; conseruatur. Non infringitur: quia per nul-</Unicode>
                </TextEquiv>
            </TextLine>
            <TextLine id="r3l48" custom="readingOrder {index:46;}">
                <Coords points="177,2849 1930,2854 1882,2795 177,2797"/>
                <Baseline points="189,2841 275,2841 362,2841 448,2841 535,2842 621,2841 708,2841 794,2841 881,2841 967,2841 1054,2841 1141,2841 1227,2841 1314,2841 1400,2840 1487,2840 1573,2840 1660,2840 1746,2840 1833,2839 1920,2839"/>
                <TextEquiv>
                    <Unicode>lum priuilegium infringitur ius commune nisi in priuilegio exprimatur clausula de non ob-</Unicode>
                </TextEquiv>
            </TextLine>
            <TextLine id="r3l49" custom="readingOrder {index:47;}">
                <Coords points="176,2903 1929,2910 1881,2851 176,2860"/>
                <Baseline points="188,2895 274,2895 361,2896 447,2896 534,2896 620,2896 707,2896 793,2895 880,2895 966,2895 1053,2895 1139,2895 1226,2894 1312,2894 1399,2894 1485,2893 1572,2893 1658,2893 1745,2893 1831,2892 1918,2892"/>
                <TextEquiv>
                    <Unicode>stante eo quod est contentum in iure communi. Nisi forte tale quid per priuilegium conceda-</Unicode>
                </TextEquiv>
            </TextLine>
            <TextLine id="r3l50" custom="readingOrder {index:48;}">
                <Coords points="183,2956 1873,2968 1923,2898 183,2908"/>
                <Baseline points="194,2950 279,2950 365,2949 451,2949 537,2949 623,2948 709,2948 795,2948 881,2948 967,2948 1053,2948 1138,2947 1224,2947 1310,2947 1396,2947 1482,2947 1568,2947 1654,2947 1740,2947 1826,2947 1912,2947"/>
                <TextEquiv>
                    <Unicode>tur aliquibus, quid non possunt simul obtinere illi quibus debebatur de iure communi: puta si sa</Unicode>
                </TextEquiv>
            </TextLine>
            <TextLine id="r3l51" custom="readingOrder {index:49;}">
                <Coords points="183,3016 1921,3021 1920,2967 1853,2958 183,2964"/>
                <Baseline points="194,3004 279,3003 365,3003 451,3003 537,3003 623,3003 708,3002 794,3002 880,3002 966,3002 1052,3002 1137,3001 1223,3001 1309,3001 1395,3001 1481,3001 1566,3001 1652,3000 1738,3000 1824,3000 1910,3000"/>
                <TextEquiv>
                    <Unicode>cerdotes parochiales debent de iure communi percipere decimas noualium prouenientium</Unicode>
                </TextEquiv>
            </TextLine>
            <TextLine id="r3l52" custom="readingOrder {index:50;}">
                <Coords points="178,3064 1920,3060 1874,3014 178,3019"/>
                <Baseline points="189,3057 275,3057 361,3057 447,3056 533,3056 619,3056 705,3056 791,3056 877,3056 963,3055 1049,3055 1135,3055 1221,3055 1307,3055 1393,3055 1479,3055 1565,3055 1651,3055 1737,3055 1823,3055 1910,3055"/>
                <TextEquiv>
                    <Unicode>in suis parochiis, &amp; quibusdam religiosis conceditur quod percipiant noualia vbi percipiunt ve-</Unicode>
                </TextEquiv>
            </TextLine>
            <TextLine id="r3l53" custom="readingOrder {index:51;}">
                <Coords points="180,3116 1924,3124 1924,3063 180,3066"/>
                <Baseline points="190,3111 276,3111 362,3111 448,3111 534,3110 621,3110 707,3110 793,3109 879,3109 965,3108 1052,3108 1138,3108 1224,3107 1310,3107 1396,3107 1483,3107 1569,3108 1655,3108 1741,3109 1827,3109 1914,3110"/>
                <TextEquiv>
                    <Unicode>tera: maximme de terris quas propriis manibus excolunt: per tale priuilegium bene infringitur</Unicode>
                </TextEquiv>
            </TextLine>
            <TextLine id="r3l54" custom="readingOrder {index:52;}">
                <Coords points="179,3171 1930,3180 1930,3126 1865,3119 179,3117"/>
                <Baseline points="190,3163 276,3164 363,3164 449,3164 536,3164 622,3164 709,3163 795,3163 882,3163 968,3163 1055,3162 1141,3162 1228,3162 1314,3162 1401,3162 1487,3162 1574,3162 1660,3162 1747,3163 1833,3163 1920,3164"/>
                <TextEquiv>
                    <Unicode>debitum ex iure communi. Non sic autem contingit in proposito: quia stant simul quod eadem paec-</Unicode>
                </TextEquiv>
            </TextLine>
            <TextLine id="r3l55" custom="readingOrder {index:53;}">
                <Coords points="182,3251 1924,3253 1898,3174 182,3180"/>
                <Baseline points="192,3219 278,3220 364,3220 450,3220 536,3220 622,3220 708,3219 794,3219 880,3219 966,3218 1053,3218 1139,3217 1225,3217 1311,3217 1397,3217 1483,3217 1569,3217 1655,3217 1741,3218 1827,3218 1914,3220"/>
                <TextEquiv>
                    <Unicode>cata quae confitentur prius religiosis ex gratia, iterato confiteantur propriis sacerdotibus ex debi-</Unicode>
                </TextEquiv>
            </TextLine>
            <TextEquiv>
                <Unicode>tus, &amp; more prudentis medici superinfundat vinum &amp; oleum vulneribus sauciati: diligenter inqui 
rens de peccatis, &amp; de peccati circunstantiis: quibus prudenter intelligat quale ei debeat consilium,
&amp; cuiusmodi remedium adhibere: diuersis experimentis vtendo ad sanandum aegrotum. Vnde si
intelligat iteratam confessionem propter maiorem verecundiam vel aliquid aliud confesso esse ma
gis medicinalem, illam poterit ei in satisfactionem praecipere &amp; iniungere, &amp; ille humiliter debet
suscipere. quia de confesso dicitur ibidem. Iniunctam sibi poenitentiam pro viribus studeat imple-
re. Licet enim iterare confessionem sicut ieiunare &amp; peregrinari simpliciter consilii sunt non praecepti: 
ex causa tamen &amp; in poenam satisfactoriam pro peccato iam confesso bene potest quodlibet eorum se
cundum arbitrium confessoris praecipi: &amp; sic cadere sub praecepto in hoc casu. Si autem praeceptum
siue statutum intelligatur praecedere confessionem factam vni ex gratia priuilegiiin in hoc casu pro- 
posita est quaestio referendo intentum ad priuilegium domini Martini concessum quibusdam reli-
giosis de confessionibus audiendis. Dominus enim Innocentius papa. iii. primo statuit generaliter
&amp; praecepit in generali concilio contento in Omnis vtriusque sexus. in quo erat praeceptum &amp; statu-
tum vt generale ius &amp; commune, quod saltem semel in anno confitendum esset a quolibet vni omnia pec
cata sua: &amp; dimisit in libera voluntate confitentis confiteri eadem peccata pluries suo proprio sa-
cerdoti vel habenti potestatem de illius consensu, si vellet: &amp; non confitendi iterum eadem nec plu
ries nec pluribus si nollet. Sed quia non vacabat sacerdotibus curatis audire confessionem pluries
de eisdem peccatis: nec erat alicui concessa potestas audiendi confessiones subditorum curatis si-
ne illorum consensu: quem saepius subditi volentes pluries confiteri: non potuerunt de facili impetra-
re: idcirco (ut puto) non tam in fauorem religiosorum quam confitentium eis, concessit postmodum re-
ligiosis dominus papa Martinus plenam potestatem audiendi confessiones, &amp; absoluendi, &amp; in- 
iungendi poenitentias salutares quibuscunque qui vellent ad eos accedere: neminem cogendo per
praeceptum aut statutum ad confitendum illis: sed hoc in libera voluntate quorumlibet relinquendo. 
Et sic statutum illud generale, Omnis vtriusque sexus. non est de iterando confessionem eorundem pecca-
torum directe &amp; per se: etsi indirecte &amp; per accidens: si poenitens scilicet prius confiteatur reli-
gioso priuilegiato quam suo sacerdoti. Sed sic intelligendo statutum generale praecessisse, &amp; priuile
gium domini Martini subsequutum fuisse: ad dissolutionem quaestionis restat inuestigare an per
illud priuilegium subtrahitur vel suspenditur obligatio illius statuti generalis: vt scilicet confi-
tentes dictis religiosis a debito contento in dicto statuto de confitendo proprio sacerdoti semel
in anno omnia peccata sua, sint absoluti, an non: sed aeque manet ipsum debitum ex statuto, siue
obligatio cum priuilegio praedicto &amp; fine eo. Quia si primo modo: sic in rei veritate error esset di- 
cere quod confessi dictis religiosis teneantur eadem peccata iterum confiteri suis propriis sacerdo-
tibus. Si vero secundo modo: sic proculdubio error est dicere quod confessi dictis religiosis non te-
neantur eadem peccata confiteri suis propriis sacerdotibus: quia confessi illis religiosis non mi-
nus manent obligati ad confitendum peccata illis confessa suis propriis sacerdotibus, quam erant
prius quando ea illis non erant confessa. Et tenent dicti religiosi: quod per eorum priuilegium in- 
fringitur circa confitentes sibi debitum seu obligatio illius statuti generalis, Omnis vtriusque sexus.
quantum ad hoc quod confessa eis non oportet iterum sacerdotibus parochialibus confiteri, dicen-
tes quod hoc clarum est eis, nec dubitant in eo: &amp; quod nemo de hoc debet dubitare, nec moueri debet
aliquis propter illos qui dicunt contrarium: praelatos scilicet &amp; alios, qui tenent quod per illud pri-
uilegium nullo modo infringitur obligatio contenta in illo statuto generali. Sed quaero quomodo hoc
est eis clarum &amp; certum: an ex forma verborum priuilegii: an ex assecuratione verborum quam habent super 
hoc a domino papa. Si primo modo: hoc dicere personis literatis valde mirabile est: cum non sit aliquis
ita simplex, dum tamen grammaticae nouerit literas, quin ei viso ordine verborum sicut iacent in 
priuilegio, statim prima facie apparet quod dictum statutum generale per priuilegium non tollitur
nec infringitur in aliquo: immo confirmatur &amp; conseruatur. Non infringitur: quia per nul-
lum priuilegium infringitur ius commune nisi in priuilegio exprimatur clausula de non ob-
stante eo quod est contentum in iure communi. Nisi forte tale quid per priuilegium conceda-
tur aliquibus, quid non possunt simul obtinere illi quibus debebatur de iure communi: puta si sa
cerdotes parochiales debent de iure communi percipere decimas noualium prouenientium
in suis parochiis, &amp; quibusdam religiosis conceditur quod percipiant noualia vbi percipiunt ve-
tera: maximme de terris quas propriis manibus excolunt: per tale priuilegium bene infringitur
debitum ex iure communi. Non sic autem contingit in proposito: quia stant simul quod eadem paec-
cata quae confitentur prius religiosis ex gratia, iterato confiteantur propriis sacerdotibus ex debi-</Unicode>
            </TextEquiv>
        </TextRegion>
    </Page>
</PcGts>
