2422 3735
550 278 2321 362 ristia circa consecrationem eiusdem hostiae: aut communio eiusdem in vno: quasi in indiuisibili tempore
560 346 2313 406 quare nec sacramentum poenitentiae circa eundem omnino eodem modo se habentem absque nouo peccato
555 392 2326 473 iterabile est. ltem quando sacramentum est principaliter contra peccatum: vt sunt baptismus, poenitentia,
551 453 2315 513 extrema vnctio. sed peccatum idem numero non est iterabile, nec sacramentum contra ipsum: vt patet de
547 501 2317 571 baptismo contra originale: & extrema vnctione contra veniale. ergo poenitentia contra eadem peccata
556 560 2322 623 nullo modo est iteranda. Quia ergo proponitur primo de sacramento poenitentiae: quod si iteretur circa idem pec
562 613 2323 671 catum, hoc solum est propter dubium: am. scilicet poenitens prius fuerit vere contritus & a peccato absolutus:
557 663 2323 722 DIcendum quod si ita esset: tunc non esset differentia de baptismo circa peccatum originale: quid non est ite-
552 719 2316 783 rabile in eodem numero: & de poenitentia circa peccatum actuale mortale: quia similiter idem numero non
562 774 2324 827 est iterabile in eodem numero. Sicut ergo iterum baptizare inconueniens est nisi propter dubium: & tunc
554 832 2322 897 non est iterum baptizandum nisi sub conditione dicendo: Non te iterum baptizo siue rebaptizo: sed si non
553 884 2319 939 fuisti baptizatus ego te baptizo: Sic inconueniens est iterum sacramentum poenitentiae adhibere siue con
548 925 2319 987 fiteri & absolui nisi propter dubium: vt consimiliter non sit iterum confitendum neque absoluendum nisi sub com
563 980 2319 1061 ditione dicendo. Non iterum confiteor siue reconfiteor: nec iterum absoluo siue reabsoluo te: sed si non
548 1039 2308 1116 fui cum perfecta contritione confessus ego confiteor. Si non fuisti absolutus ego te absoluo. Quare
549 1104 2318 1167 cum hoc non obseruet consuetudo generalis ecclesiae, quae districte custodienda est: non est dicendum
557 1148 2306 1222 quod solum propter dubium idem peccatum iterum confitendum sit, & ab eodem absoluendum, sicut propter idem origi
560 1210 2320 1272 nale non est iterum baptizandum nisi propter dubium. Quia assumitur: quod propter diminutionem poenae non
555 1254 2321 1315 est iterum confitendum: quia posset esse homo in quo nullum esset debitum poenae diminuendum: Dicendum
559 1310 2316 1366 quod diminutio poenae debitae non sic effectus est confessionis & absolutionis quod non possit adhiberi quin
555 1361 2312 1419 istum effectum habeat: sed quantum est de se:, ipsum habet si aliquid de poena restat: de qua semper potest ali
554 1414 2311 1484 quid restare. propter quod istud sacramentum institutum est esse iterabile circa eadem peccata, vt iam infra
557 1469 2316 1526 dicetur, quemadmodum etiam nec absolutio peccati est eius effectus nisi adsit peccatum. Et tamen licet in con-
550 1517 2316 1588 tritione praecedente deletum sit peccatum: secundum Augustinus super illud psali. Dixi confitebor &c. qui dicit. Ma
547 1578 2318 1647 gna dei pietas vt ad solam promissionem peccata dimiserit dum non pronunciat ore &c. tamen confessionis
550 1634 2312 1701 & absolutionis sacramentum bene adhibetur propter effectum alium, & propter Christi praeceptum. Etsi enim
542 1684 2313 1758 forte homo esset in tali statu quod nullo illorum indigeret: numquam tamen praesumendum est quod nullo eorum egeat
543 1738 2320 1802 siue quod nullum eorum possit in se capere. Quid autem assumitur: quod nec propter reconciliationem ecclesiae ite-
555 1793 2306 1848 randa est poenitentia: quia in prima absolutione plene per gratiam susceptam reconciliatus est ei:
548 1839 2310 1910 Dicendum quod verum est in proposito casu nostro: propter propositum iterato confitendi ecclesiae militanti
553 1896 2308 1966 quod communiter supponitur in eo & consimilibus esse, quemadmodum vere contritus prius quam veniat
550 1958 2308 2021 ad sacerdotem, triumphanti ecclesiae est reconciliatus: sed propter propositum confitendi sacerdoti in ec
549 2003 2317 2075 clesia militanti: ita quod si cadat a tali proposito, nec confiteatur, cadit a reconciliatione iam facta nouum
544 2063 2308 2128 peccatum committendo. Propter quod indiget noua reconciliatione per confessionem & absolutionem sequen-
542 2116 2305 2176 tem: ita quod si in tali proposito maneat, sequens confessio fiat forte non propter nouam reconciliationem ec-
543 2164 2318 2234 clesiae faciendam: sed propter iam factam custodiendam. AD aliud circa idem: quod consuetudo curiae Ro-
545 2229 2307 2299 manae est quod absolutum in ea non remittit alibi ad absoluendum: quid non faceret nisi vnica absolutione
542 2282 2297 2345 esset perfecte ecclesiae reconciliatus: Dicendum quod curia de plenitudine potestatis absoluit: nec oportet
545 2327 2305 2390 quod in eius absolutione habeatur propositum de iterum confitendo alibi propter aliquam obligationem. Propter quid
557 2385 2308 2451 perfecte reconciliat ecclesiae: nec mirtit alibi ad reconciliandum: aut ad reconciliationem custodiendam. Verum
546 2441 2303 2502 tamen bene mittit alibi propter satisfactionem & poenitentiam salutarem iniungendam, quam debet habere con
546 2485 2303 2544 fessus in proposito: a quo si resiliat, cadit a reconciliatione: vt non sit omnino solida reconciliatio nisi hu-
543 2544 2298 2606 militer poenitentiam iniungendam susceperit. Vnde sicut ille ad reconciliationis conseruationem debet
548 2598 2299 2673 aliunde poenitentiam suscipere: sic in proposito semel confessus debet alteri iterum confiteri. Quoa arguitur
541 2652 2301 2718 vlterius: quod sacramentum poenitentiae non habet effectum secundarium augmentum gratiae: quia est ad sa
542 2705 2306 2774 nandum aegrotum: vt in illo ca. Omnis vtriusque sexus. Sanitas autem consistit in sola amotione culpae
549 2753 2293 2828 & non in collatione gratiae: nisi in ordine ad culpam: Dicendum quod ad sanationem aegroti generandam
539 2820 2300 2875 tamquam ad primum effectum ordinatur poenitentia. Nihilominus tamen ad sanationem eandem confortandam
540 2861 2301 2922 bene tamquam ad secundum effectum ordinatur. Sanitas enim perfecta non solum consistit in amotione morbi in
536 2920 2298 2985 sanando: sed in confortatione conualescentis in sanitate. Vnde sicut medicus corporalis non solum de-
534 2970 2289 3031 bet esse sollicitus ad habendam medicinam ad curationem morbi in generando sanitatem: sed etiam ad confor
534 3023 2291 3089 tationem conualescentis in sanitatem augmentando: & synthomata morbi amouendo: sic sacerdos de
540 3074 2297 3137 bet esse discretus more prudentis medici: non solum in curando a morbo peccati poonitentem per me
538 3125 2293 3206 dicinam sacramenti poenitentiae conferendo gratiam: in qua consistit sanitas spiritualis: sed etiam ad ipsum
