2554 3708
701 230 2420 317 cunque aliorum: sed argumentum procedit ac si omnino esset simile. Quia inducebatur vltimo: quando sacra
698 293 2420 372 mentum est principaliter contra peccatum, non potest iterari nisi peccatum iteretur: vt patet in baptismo
697 353 2412 421 qui non iteratur quia originale non iteratur: & in extrema vnctione: quae non iteratur nisi iteratis ve
699 408 2406 479 nialibus: quare nec poenitentia quae est contra peccatum actuale mortale, iteranda est nisi peccato mor
694 462 2414 535 tali iterato. Cum ergo idem peccatum mortale secundum numerum nullo modo possit iterari: nec po-
696 519 2413 575 nitentia circa ipsum potest iterari. Et quaeritur quare circa eadem peccata potius iteratur poenitentia quam ali
702 574 2420 638 quod aliorum. Et est dicendum quod baptismus simul quantum est de se ex vi sacramenti si non habet obii-
698 632 2424 692 cem simul remittit culpam & omnem poenam illi debitam: & idem praesumitur quo ad venialia de ex-
702 685 2424 747 trema vnctione. Propter quod a sua institutione baptismus & vnctio circa eadem peccata sunt initerabi
697 740 2427 806 lia. De sacramento autem poenitentiae quod est contra peccatum mortale actuale: cui debetur multa & ma
702 796 2433 854 gna poena temporalis: non praesumitur quod simul culpam & totam poenam illi debitam remittat: sed s
706 855 2432 914 lum portionem certam & semper aequalem quantum est ex se. Propter quod vt quod restat de solutione remit
708 909 2433 969 tat, poenitentia a sua institutione circa eadem peccata numero est iterabilis. Ad secundum quid erat i
707 965 2431 1027 ad principale, quod accipiens in paschate Eucharistiam a non suo sacerdote: non tenetur iterum recipere
701 1021 2424 1094 eam a suo sacerdote: quare neque confessus alteri tenetur eadem confiteri suo sacerdoti:cum vtrumque
699 1075 2432 1135 horum aequaliter statuatur & praecipiatur in Omnis vtriusque sexus. Dicendum ad hoc secundum iam
703 1133 2438 1191 dicta, quod assumptum de Eucharistia quod conmunicatus ab alio in paschate non teneturiterum recipere
708 1183 2421 1260 eam a suo sacerdote: verum est, non tamen propter hoc verum est quod similiter neque tunc confes-
711 1238 2426 1297 sus alteri tenetur eadem confiteri iterato suo proprio sacerdoti: quia non est simile: eo quod secundum
707 1292 2423 1357 iam dicta, sacramentum Eucharistiae maioris est reuerentiae quam sacramentum poenitentiae: & sacramentum
707 1350 2420 1413 poenitentiae maioris necessitatis est quam sacramentum Eucharistiae. Siquis tamen imminente pascha sic seat
705 1412 2429 1479 tet alteri confitendo & Eucharistiam ab illo sumendo: etiam super hoc priuilegiato tali priuilegio quale et
711 1457 2428 1520 domini Martini, quod non possit in debita deuotione & contritione iterum infra annum qui finitur in
710 1515 2427 1590 pascha suo proprio sacerdoti confiteri eadem, & communicari ab ipso: transgressor est statuti & mor
707 1573 2420 1633 taliter peccat nisi ex causa de licentia proprii sacerdotis expectet: & nihilominus tenetur se pripa-
703 1622 2427 1695 rare per contritionem & deuotionem vt quam citius poterit post pascha confiteatur prius confissa al
714 1681 2427 1742 teri, & super illa transgressione, priusquam conmunicetur ab eo: & sic reddat deo & sacerdeti debitum
715 1735 2424 1809 in quo adhuc manet obligatus quousque persoluerit. Nec licet eum expectare de confitendo isque ad
716 1787 2436 1841 sequens pascha infra annum illum semel dicta peccata cum aliis infra eundem annum comnilsis suo
717 1838 2426 1914 sacerdoti confitendo. hoc enim non sufficit: quia per hoc quod aliquis est in mora soluendi debitum, non
711 1905 2436 1980 prorogatur ei tempus solutionis: sed obligatus manet ad soluendum quam citius poterit bene autem
724 1956 2436 2035 licet eum expectare vsque ad sequens pascha de communionem accipiendo ab eodem: quia super tansgres
712 2011 2432 2064 sione in eo quod a suo sacerdote non est communicatus, non potest satisfacere conmunionem ab ipso acci-
716 2060 2432 2126 piendo: sed de transgressione illa poenitendo: & eam illi confitendo. Super transgressione autem in
711 2124 2437 2198 eo quod illi non est semel in anno praecedente confessus, satisfacit poenitendo, & peccata alteri confessa cum
715 2167 2428 2245 ista transgressione eidem iterato confitendo. Vnde si aliquibus ex gratia priuilegii concessum esset
719 2227 2441 2289 quod possent singulis annis ministrare sacramentum Eucharistiae sicut & poenitentiae quandocumque opus
713 2279 2433 2355 esset: & ministrarent ipsum ante pascha: sic vt noua deuotio posset intercidere ad ministrandum ips
714 2334 2425 2422 sum a suo sacerdote in pascha, iterum deberet ipsum suscipere in pascha: licet si in die pascheille mi-
714 2380 2431 2443 nistraret vnam semel: non deberet iterato in eadem die recipere aliam a suo sacerdote: etiam siten-
722 2437 2434 2530 pus restaret quo eodem die consuetum est communionem recipere. Sic tamen non est de confessiones:
717 2505 2437 2570 quia si in die paschae aliquis alteri confessus est & non communicatus ab eodem: debet nihilominus eo-
719 2553 2435 2617 dem die eadem confiteri proprio sacerdoti: si restat tempus sufficiens illius anni in quo suam complere
725 2603 2436 2685 posset confessionem: & confessione completa si adhuc restat tempus anni illius, debet ab eo recipere con
714 2664 2434 2725 munionem: ne fiat transgressor statuti de semel in anno confitendo suo sacerdoti: & communionm
716 2705 2445 2797 ab eo recipiendo. Quia si non restat tempus recipiendi communionem: statim factus est transgressorila
715 2771 2435 2832 tuti quo ad hoc: & debet de illa transgressione statim poenitere & confiteri suo sacerdoti eandem:
717 2816 2433 2901 quam citius poterit: per hoc ei satiffaciendo de sibi debito. sed non debet nisi velit communionem recipe
712 2878 2443 2950 re ab eodem citra pascha sequens: vt supra dictum est. PER dicta patet ad confirmationem desa-
714 2923 2436 3016 cramento baptismi. non enim est simile de baptismo & poenitentia: & minus simile de poenitentia &
713 2976 2432 3068 Eucharistia. Baptismus enim natus est habere omnem effectum suum simul & semel: non sic autem
714 3028 2434 3100 Eucharistia & poenitentia: vt supra dictum est. AD tertium quod ex eo quod dicitur confessum er gra
712 3079 2441 3180 tia teneri eadem iterum confiteri suo sacerdoti: oritur schisma inter praelatos & religiosos &c. Dicen-
714 3131 2430 3258 dum est de schismate sicut & de scandalo: quod dicere illud ex quo oritur scandalum ve sclisma est
