2429 3719
475 240 2267 328 tantur. Intelligit autem dominus Clemens vt iam declarabitur: quod non licet &c. virtute scilicet priuilegio-
483 322 2264 386 rum a praedecessoribus suis concessorum eis de praedicando & confessiones audiendo simpliciter. Quare
490 373 2260 435 cum in priuilegio domini Martini non committuntur eis specialiter casus illi: quia de eis nullam facit
490 428 2264 492 mentionis: sed solummodo facit fratribus simplicem conmissionem: in conmissione ergo facta fratribus sim
487 487 2258 548 pliciter: nullo modo quantum mihi videtur, intelliguntur illi casus committi: alioquin ex eadem conmissione etiam
493 538 2263 604 intelligerentur eis committi casus reseruati domino papae. Nisi forte aliquis dicat quod in conmissione generali per priui
493 584 2267 660 legium princeps committit quicquid committere potest: praeter illa quae specialiter pertinent ad ipsum: quia
493 641 2268 710 priuilegia large sunt interpretanda contra quemlibet excepto illo qui ea concessit. Cum ergo dominus Mar
488 700 2263 766 tinus papa conmittat simpliciter fratribus potestatem audiendi confessiones & absoluendi: conmittit eis potestatem
492 755 2264 817 audiendi confessionem & absoluendi in omnibus casibus praeterquam sibi reseruatis. Quare cum bene possit
494 803 2269 875 eis committere casus episcopales: etiam eis inuitis: vt habetur in dicto rescripto domini Clementis: ergo in
490 852 2264 923 illa commissione committit eis potestatem super casibus episcopalibus. Et tunc respondeat ad dictum in
492 909 2262 972 priuilegio domini Clementis: dicendo quod licet ipse in concessione quam fecit fratribus simpliciter: excepit ca-
491 966 2265 1022 sus episcopales: quia tamen legen non potuit instituere suis successoribus: quia par in parem non ha-
485 1013 2262 1078 bet imperium: non obstat quin successorum eius aliquis potuit facere concessionem fratribus simpliciter ni
484 1071 2263 1138 hil excipiendo: sicut fecit expresse dominus Martinus in suo priuilegio: & per hoc totum eis concessisse:
489 1120 2257 1194 praeterquam specialiter sibi reseruatum, vt iam dictum est. Quod non videtur posse stare: quia eisdem fra
480 1183 2261 1241 tribus alias concessa est potestas audiendi confessiones simpliciter & absoluendi: vt pote a domino pa
491 1233 2259 1303 pa Alexandro, & forte etiam ab aliquibus aliis: & tamen in tali concessione generali simpliciter facta nul
480 1286 2252 1348 lo modo intelligebatur eis concessa potestas super casus episcopales: quare neque similiter in conces-
483 1343 2253 1417 sione quam habent in priuilegio suo a domino papa Martino sub eadem forma & magis restricta, conceditur. Quod-
485 1397 2262 1446 autem in simplici & generali concessione potestatis in priuilegio, vel priuilegiis concesso, vel concessis fratri-
481 1446 2255 1510 bus a domino papa Alexan, aut ab aliis praedecessoribus eius: non intelligitur concessa eis potestas super
484 1503 2256 1565 casus episcopales: plane patet ex declaratione domini Clementis papae: qui successor domini Alexan, fuit: li-
484 1560 2256 1615 cet mediatus. In qua declaratione exprimitur, quod in priuilegiis a praedecessoribus suis concessis conce
488 1602 2256 1668 ditur eis potestas audiendi confessiones & absoluendi irrequisito consensu praelatorum inferiorum, quid ali
484 1667 2256 1727 qui negabant: contra quos fecit illam declarationem. Exprimitur etiam in illa declaratione quod ex illis con
486 1720 2260 1774 cessionibus non est eis concessa potestas in casibus episcopalibus: neque conceditur in consimilibus, nisi
486 1770 2251 1831 eis specialiter conmittatur. dicit enim sic. Quidam temerarie sentientes &c. vsque in finem: & legatur exqui
481 1828 2260 1898 site totum rescriptum. Non est ergo verum, vt videtur, quod papa in simplici commissione committat quicquid
484 1881 2261 1949 potest committere praeter sibi reseruata: alioquin etiam ex conmissione simpliciter facta super prouisione
477 1938 2245 1996 de beneficio ecclesiastico extendi posset ad prouisionem de maiori beneficio & dignitate, quod non est ve-
481 1989 2246 2043 rum: vt procedit obiectio secunda. Et apparet quod sit penitus simile in hac commissione & in illa. Commissio
485 2034 2253 2109 enim prouisionis de beneficio simplici non potest extendi ad prouisionem de beneficio maiori aut di
485 2095 2251 2166 gnitate: quia maior requiritur industria in administratione beneficii maioris aut dignitatis quam mi-
484 2151 2250 2204 noris. Consimiliter autem maior requiritur in audienda confessione & absolutione & poenitentiae iniunctio
479 2209 2254 2277 ne super maioribus criminibus: quam super conmunibus peccatis. Sicut ergo in prouisione commissa sim
486 2257 2252 2324 pliciter de beneficio conferendo: non intelligitur conmissio facta de conferendo maiori beneficio aut
484 2311 2250 2365 dignitate: sic in conmissione facta simpliciter de audiendo confessiones, absoluendo, & poenitentiam in
485 2357 2244 2421 iungendo, non intelligitur conmissio potestatis quo ad illos actus in maioribus criminibus reserua
483 2413 2238 2485 tis episcopis. Vnde vt dictum est respondendo ad exceptionem casuum in priuilegio domini Clemen
485 2474 2245 2543 tis: licet in concessione quam fecit fratribus in suo priuilegio excepit casus episcopales, per hoc non
486 2527 2245 2582 erat astrictus dominus Martinus quin potuit facere concessionem absque omni exceptione. reuera be-
480 2580 2253 2642 ne verum est quod plenam concessionem eis potuit dominus Martinus fecisse: nullos casus excipiendo si vo-
480 2626 2255 2704 luisset. Sed non est verum quod dominus Clemens in suo priuilegio fecit eis concessionem illos casus ex
480 2692 2250 2756 cipiendo. immo solummodo declarauit priuilegia illis a suis praedecessoribus concessa super duobus.
484 2734 2252 2798 Quorum primum erat: quod non oporteret eos petere consensum audiendi confessiones & praedicandi a
479 2796 2252 2865 praelatis inferioribus & sacerdotibus curatis, postquam super illis licentiati essent a sede apostolica, aut le
479 2851 2242 2922 gatis eiusdem, aut ordinariis locorum, quod aliqui necessarium fore asserebant. Secundum vero erat quid
488 2903 2242 2972 proprio motu declarando expressit: videlicet quod ex concessione talis licentiae a quocunque papa, vel
476 2957 2247 3031 praedecessore, vel successore, non licet eos extendere manus ad casus episcopales nisi eis specialiter con
471 3007 2244 3064 mittantur. Quare cum dominus Martinus tales casus in suo priuilegio non commiserit illis spe
480 3063 2250 3132 cialiter vt patet: nullo igitur modo ex illo priuilegio isti casus intelliguntur istis concessi. Quia au-
479 3118 2258 3204 tem dominus Clemens nullam concessionem eis fecerit in suo rescripto: sed solummodo decla-
