2350 3708
492 241 2208 327 audaciam delinquendi transgressoribus praebere. Episcopi ergo non exequentes poenas iuris cuni male
492 321 2208 393 ficia fuerint perpetrata: non solum peccant contra superiorem: & ita contra deum, cuius locum teret, per in-
495 378 2250 450 obedientiam: sed etiam per iniustitiam. Cum ergo nec sic, nec sic peccare debeant: debent exequi ontra R
495 423 2202 492 transgressores poenas in iure statutas: & sic non confitentes semel in anno omnia peccata sua suo propiosa-
496 480 2207 550 cerdoti: debent per excommunicationem viuos coercere ab ingressu ecclesiae: & morientes priuare e-
497 548 2215 602 clesiastica sepultura. Quare cum tenent tanquam eis clarum & nullo modo dubium quod absoluti a fratribus iiii
499 600 2219 659 ture sui priuilegii, teneantur peccata illis confessa semel in anno confiteri suo proprio sacerdoti non minus
507 647 2223 723 quam non confessa: debent proculdubio confessos fratribus virtute sui priuilegii viuos coercere ab ingres
499 703 2223 766 su ecclesiae: & morientes priuare ecclesiastica sepultura: nisi confessa illis prius confessi suis saceidotibus
500 759 2224 823 vel postmodum confiteantur eis infra elapsum annum vsque ad pascha, quando debent eucharistiamsu-
495 810 2224 878 mere: consimiliter sicut & non confessos fratribus nec propriis sacerdotibus. Illud enim statutum. Omnis
511 877 2220 938 vtriusque sexus. continet ius conmune: & semper standum est iuri communi quousque certum sit de eius reuo
501 921 2243 988 catione. Si vero verba priuilegii fratrum essent eis ambigua, & de reuocatione illius statuti generalis I
510 972 2228 1042 dubitarent: bene verum est quod tunc non deberent procedere ad poenarum executionem contra confillus
507 1039 2223 1103 fratribus & non suis sacerdotibus: sed prius expectare priuilegii interpretationem ab eo qui ipsum con
512 1091 2236 1156 didit. Sed nunc econtra: postquam verba priuilegii episcopis certa sunt & clara, nec reuocantia illudius
517 1154 2215 1222 conmune: potius procedendum est ad poenarum executionem iuris: quam expectanda interpreratio priuile-
511 1198 2225 1273 gii. & notatur ista distinctio aliqualiter in c. illo extra. de iudici. Cum venisset. in glos. Sd est aduer i
511 1254 2216 1321 tendum quod ad dictarum poenarum executionem aut est procedendum contra personas singulate: alitr con-
515 1305 2212 1378 tra communitatem. Si primo modo: statim procedendum est ad poenam: ne prauo exemplo vnius cortumpn-
512 1353 2219 1430 tur caeteri: & vt poena vnius, metus sit aliorum. Si secundo modo: parcendum est multitudii: nic et
509 1416 2225 1495 procedendum contra eam ad dictarum poenarum executionem: nisi timeatur deterius, vt in propos-
516 1489 2227 1542 to amissio iuris praelatorum circa suos subditos: & subtractio illorum ab ipsorum obedientia: quodbe-
508 1526 2222 1603 ne timendum est in proposito casu, si subditi non compellantur semel in anno confiteri omnia suapc-
520 1577 2221 1651 cata proprio sacerdoti etiam fratribus confessa, vt dicetur in sequenti quaestione. Quod si fecissent Friscopi
512 1633 2217 1703 ab initio quando fratres vti coeperunt suo priuilegio: aestimo quod fratres qui modo recusant petere cum
520 1685 2219 1767 episcopis interpretationem sui priuilegii quo ad duos articulos in quibus est discordia inter ipsos: sta-
522 1738 2216 1815 tim concurrendo ad dominum papam conquesti fuissent de episcopis: & per hoc ad suam interpretationem
509 1795 2212 1881 siue expositionem dicti priuilegii quo ad ea in quibus discordant, peruenissent. Et puto quod miscopis con
515 1845 2224 1933 pendiosior via & securior est procedere ad poenas quam petere priuilegii interpretationem: & quod ampliuest:.
520 1904 2225 1984 si enim eam aggressi fuerint: credo quod statim audient comquestam contra eos: & tunc prouocati enient ad
519 1959 2221 2041 iudicium papae: & sentient cito (vt puto) priuilegii interpretationem pro eis. ARgumentum primum oonce
526 2026 2233 2090 dendum est. AD primum argumentum in oppositum quod non sic punitur transgressio decalogi: Dicendum. i
522 2071 2225 2150 quod immo debent puniri secundum modum quo iura poenam eorum dictant: & hoc in manifestis: quia illoc
516 2127 2228 2200 cultis reseruatur iudicium deo & sacerdoti in confessione. Siquando vero circa manifesta delicta contrade
519 2175 2237 2255 creta decalogi non dictat ius conmune, illa dimittit punienda ad arbitrium episcoporum. Etem licet malus-
514 2238 2234 2313 sit peccare contra decreta decalogi quam contra decreta hominum: quia tamen decreta hominum sepius sunt-
518 2300 2227 2366 circa peccata quae vergunt in iniuriam proximorum: cum plurima decreta decalogi sint circa peccata quae
520 2339 2221 2420 vergunt in iniuriam dei: ideo apud homines propter publicam pacem habendam plus solet vinidlicati quid
513 2392 2220 2478 sit contra proximum, & dimittitur deo vindicandum quod sit contra ipsum. Vnde acrius punitur furtumquam
527 2444 2230 2536 periurium: cum tamen periurium sit maius peccatum. Ad secundum: quod poenae illius inflictio magnum scam i
519 2500 2233 2583 dalum generaret: Dicendum quod propter hoc detrahendum esset seueritati, nec procedendum pallim & subi-
522 2565 2231 2639 to ad illas: sed tunc demum quando timetur periclitari veritas vitae: quod forte multum timendum est nio-
517 2607 2231 2696 do: & ideo potius permittendum est scandalum oriri quam veritatem vitae periclitari: & procedendum addi-
523 2678 1127 2745 ctarum poenarum executionem.
860 2713 2227 2797 Irca quartum arguitur quod expedit communiter subditos pro voluntate sua sibieligeus
860 2772 2228 2860 re confessores. De poenitentia distid est c. praedicto. Quem poenitet. dicitur Qui consitri
864 2836 2228 2913 vult peccata vt inueniat gratiam: quaerat sacerdotem scientem ligare & soluere: ne cum
862 2883 2224 2964 negligens circa se extiterit, negligatur ab illo qui eum misericorditer mouet: expeditur
863 2937 2230 3019 ergo poenitenti quaerere confessorem: quid non posset facere nisi liceret ipsum eligere
863 2994 2221 3073 pro voluntate. ergo &c. ITEM expedit fratribus vt ad hoc libere pro solunta-
524 3049 2218 3133 te cuiuscumque eligantur: quia aliter non litigarent propter hoc contra praelatos. CONtra non licet quae
528 3101 2226 3178 rere semper medicum corporalem pro sua voluntate, nec expediret. ergo nec spiritualem. DIcendum quod vt
520 3149 2225 3254 puto ista quaestio mota fuit propter priuilegium fratrum. vtrum scilicet expediret fratribus esse conces-
