2373 3679
109 284 1866 347 sum quod quilibet subditus curatorum pro sua libera voluntate posset eligere aliquem ex fratribus sibi in con
113 346 1859 402 fessorem. Et videtur mihi esse distinguendum, quod eligere confessorem pro voluntate sua contingit aliquem
113 400 1854 457 dupliciter: aut passim & sine causa rationabili: & praeter consensum proprii curati aut superioris: aut
118 453 1859 523 ex causa rationabili & de consensu illius aut superioris. Si primo modo: dico quod nullo modo expedit: vt iam
120 506 1864 574 dicetur: immo multum obesset & poenitenti, & reipublicae. Poenitenti: quia frequenter poenitens eligeret sibi
111 558 1855 622 confessorem condescendentem nimium, & coram quo minus verecundaretur: & ob hoc fugeret confessorem
111 614 1852 674 sibi deputatum: ne scilicet eum durius tractaret secundum quantitatem & qualitatem criminis: & quia co
116 667 1857 722 ram eo plus verecundaretur. Similiter nec expediret reipublicae: immo summe obesset nisi cogeretur eli-
116 720 1857 781 gens aut prius aut posterius confiteri eadem suo proprio sacerdoti. Per hoc enim quod quis confitetur alicui
116 770 1857 825 & detegit suam infirmitatem. concipit verecundiam ad confessorem, & fit ei magis obediens & subiectus:
116 820 1853 884 & per hoc quod ei subtrahitur & alteri confitetur peccata quae non est illi confessus vel confessurus, sub
111 886 1857 945 trahitur obedientia & reuerentia ad ipsum. Vnde generaliter concedere subditos posse pro volunta-
111 933 1859 999 te sua passim, siue ex causa, siue sine causa eligere confessores extraneos, & dimittere proprios: nec vnquam
112 985 1867 1046 confessuros illis eadem peccata: est quodammodo declinare vt videtur a merito ecclesiasticae obedientiae
111 1033 1859 1109 quam debent subditi praelatis suis: & hoc quo ad omnes: & similiter regularis obseruantiae quo ad reli-
115 1093 1865 1157 giosos. Quae si subtrahatur inferioribus scilicet curatis: reuera redundabit in superiore. scilicet episcopos: vel vsque ad
115 1145 1867 1209 monarcham: quia per obedientiam & reuerentiam quam habent subditi ad suos curatos: conseruatur & foue
108 1201 1867 1267 tur obedientia ad superiores: secundum quod hoc amplius declarauimus in alio Quolibet. Subtrahere etiam
117 1251 1858 1308 subditos praelatis dicto modo: est eis obtegere vultum eorum ne eos possint agnoscere, nec sufficienter
111 1302 1861 1368 consulere si opus sit: quia a notitia praecedentium peccatorum dependet consultatio medicinalis contra
111 1350 1870 1415 sequentia. SI vero eligatur confessor ex causa rationabili & consensu praelati aut superioris: aut ergo
117 1409 1865 1471 conceditur potestas eligendi confessorem, absque eo quod petatur licentia a suo superiori cui alias tenetur confiteri
113 1457 1865 1521 de iure conmuni: & absque eo quod illi confiteatur prius aut posterius alteri confitenda: aut conceditur, petita tamen
117 1512 1867 1574 & obtenta licentia a suo superiori, vel de eisdem prius illi confessione facta aut postmodum facienda.
114 1564 1862 1621 Si primo modo: sic expedit praelatis pro voluntate sua eligere sibi confessores: quia frequenter curatos
111 1619 1865 1674 suos non habent: & etiam de eorum industria in eligendo sibi idoneos confessores multum praesumitur. & ideo hoc eis
111 1670 1863 1737 permissum est de iure conmuni. secundum quod dicitur extra. de poe. & re. Ne pro dilatione poenitentiae pericu
113 1727 1859 1783 lum immineat animarum: permittimus episcopis & aliis superioribus necnon & minoribus praela-
116 1778 1862 1846 tis exemptis: vt etiam praeter sui superioris licentiam prouidum & discretum sibi possint eligere con-
111 1829 1865 1891 fessorem. vbi dicit Glos. quod ante istam permissionem non poterant se subiicere alicui confessori sine licen
122 1884 1865 1948 tia sui superioris: vt supra eodem. Omnis vtriusque sexus. Ex quo nota quod aliquando omnes episcopi & ar
113 1938 1861 2001 chiepiscopi vsque ad papam erant contenti sub prima clausula illius generalis statuti. Omnis vtriusque sexus. &
116 1999 1864 2056 appellabatur ibi proprius sacerdos quilibet superior curatus, a quo modo sunt exempti soli praelati, ma
110 2051 1866 2115 nent ergo adhuc contenti sub ea omnes subditi & saeculares & religiosi clerici & laici Quare cum Pa
111 2096 1872 2163 pa Martinus concedit generaliter fratribus potestatem audiendi confessiones omnium, & absoluen
112 2152 1864 2206 di eos qui adhuc continentur sub illa prima clausula. Omnis vtriusque sexus. ad quam remittit cum di
116 2201 1858 2253 cit. Volumus autem &c. fratres ergo habent potestatem audiendi confessiones omnium subditorum, & absol-
121 2251 1863 2315 uendi eos siue sint saeculares, siue religiosi, siue clerici, siue laici: nisi quo ad hoc sint exempti, aut ali-
121 2306 1867 2374 quid speciale habeant quo muniantur: vt confessuros tamen suo proprio curato eadem: qui in priuilegio
115 2361 1860 2426 domini Martini vocatur sacerdos parochialis large sumpto vocabulo. lpsi etiam praelati ex iure specia
120 2413 1861 2470 li sibi concesso possunt eis confiteri non confessuri eadem aliis. Isto autem modo eligere confessorem
110 2469 1869 2532 pro voluntate nullo modo expedit subditis: quia habent prope se curatos: & de eorum industria in eli
119 2522 1856 2586 gendo sibi confessores idoneos non sic praesumitur: & ideo non est illud eis adhuc concessum: immo
120 2572 1863 2637 prohibitum: de poenitentia. dist. vi. Placuit vt deinceps nulli sacerdoti liceat quemlibet commissum alteri sa
116 2624 1852 2687 cerdoti ad poenitentiam suscipere sine eius consensu cui se commisit: nisi pro ignorantia illius. vbi ad-
117 2676 1856 2741 dit glos. Vel pro alia causa: quid etiam praeceptum est in illo statuto, Omnis vtriusque sexus. Isti ergo communi iu
111 2734 1863 2797 ri modo derogatum est circa episcopos, quo ad illum articulum. Nulli sacerdoti liceat quemlibet com-
120 2778 1870 2848 missum alteri sacerdoti ad poenitentiam suscipere sine eius consensu. & hoc per illud ius iam dictum.
109 2834 1859 2894 Ne pro dilatione: in hom scilicet quod sine licentia suorum superiorum qui erant illorum curati & fine reuer
117 2885 1861 2951 sione ad ipsos. Circa omnes autem subditos quo ad eundem articulum per priuilegium fratrum: in quo
117 2939 1863 2998 inhibetur ne quis fratres in executione audiendi confessiones impediat: quod frequenter curati facerent
112 2998 1869 3062 si oporteret subditos licentiam ab illis petere & obtinere: quo ad hoc derogatum est per priuilegium
107 3048 1870 3111 fratrum illi iuri communi. Omnis vtriusque sexus. in quo praecipitur quod subditus alium confessorem non
107 3102 1879 3182 adeat nisi prius a suo curato licentia petita & obtenta: licet conseruatum sit quo ad hoc quod semel in an-
