2435 3745
154 323 1902 409 gruit: congruit tamen filio quem genuit. Ecce quod dicendo: Corruptionem non vidit: non tamen hoc intelligit
162 405 1893 461 de corruptione per puluerizationem vt aliqui exponunt: dicendo quod nulla forma quae fuit in Christo viuo
144 452 1901 516 mansit in ipso mortuo: sed accelerata resurrectione praeuenta fuit in ipso puluerizatio. Sic enim hoc non
147 504 1901 574 insinuaret Augustinus esse priuilegium Christi: cum sentiat quod conmune habuit cum Christo Maria quod
153 559 1895 622 puluerizationem non recepit. Vnde sequitur in eodem sermone. Putredo & vermis: humanae est op-
151 616 1895 681 probrium conditionis: a quo opprobrio cum lesus sit alienus: natura Mariae excipitur: quam lesus de
149 667 1900 726 ea accepisse probatur. & infra. Illud ergo sacratissimum corpus de quo Christus carnem assumpsit:
143 720 1896 785 escam vermibus traditum communi forte putredinis & futuri de vermibus pulueris: quia sentire
143 773 1889 830 non valeo: dicere pertimesco. Quartum vero suppositum. scilicet quod nihil formae substantialis naturaliter ma-
145 826 1897 884 net in mortuo alio a Christo quae prius fuit in viuo: ex hoc declaratur quod iam supra tactum est: & tactum
140 883 1899 938 in Quolibet praecedente: quod sicut eisdem dispositionibus quibus materia sit improportionalis formae em-
149 932 1903 999 bryonis, & impossibilis stare sub illa, & prportionalis atque necessitas fit ad suscipiendum in se non tam for
142 984 1892 1054 mam corporeitatis hominis quam animae rationalis simul: ad quam illa disponit: consimiliter eisdem dispo-
146 1038 1894 1097 sitionibus contrariis quibus materia existens sub forma hominis, & quae est anima rationalis, & quae est educta de potentia
138 1094 1895 1146 materiae sit improportionalis & impossibilis ad subsistendum sub illis formis: & necessitas ad suscipiendum in se
147 1149 1891 1212 aliam formam. & hoc indifferenter: siue ponatur vnica forma in vno, siue plures numero in quocumque. Ad omnes
141 1202 1900 1266 enim simul sit materia necessitas aut impossibilis: siue simul duratione: siue tempore producatur in eodem: pu
140 1267 1902 1323 ta in homine substantialitas hominis vt est hominis: & similiter corporeitas: quae sunt a duplici formae. scilicet naturali &
143 1306 1900 1369 supernaturali in homine: & forma animati & sensibilis & rationalis: siue sint diuersae formae secundum rim: siue
146 1362 1892 1419 vna & eadem: quae sunt in homine a sola anima: & similiter simul a materia abiiciuntur. Generata enim in asino
139 1415 1896 1483 secundum vltimam differentiam specificam hac asininitate, simul generatur secundum differentiam subalternam haec anima
141 1467 1887 1526 litas, & haec animatio, & haec corporeitas, & haec substantialitas: & econtrario in corruptione: vt ne-
135 1522 1888 1589 cesse sit omnem generationem inchoari a prima materia, & de omnem corruptionem resolui in primam materiam.
135 1575 1892 1638 aliter enim subiectum generationis & corruptionis non esset ens in potentia medium inter ens & non ens. Et sic
141 1635 1898 1697 quando generatio & corruptio currunt cursu naturae non impeditae, cum materia sit necessitas aut impossibilitas
134 1686 1900 1743 ad formam vltimam: simul fit necessitas aut impossibilitas ad omnes formas praecedentes vsque ad primam ma
138 1735 1893 1800 teriam, quotcumque formae ponantur in eodem. Et si tantum vnica forma ponatur in eodem, simul fit necessitas aut im
129 1791 1897 1860 possibilitas ad ipsam sub ratione & gradu vltimae differentiae quae dat rationem esse completi: & sub ratio
133 1851 1890 1908 ne & gradu generis primi & cuiuscumque differentiae intermediae. Licet enim non ponamus in substantiali-
134 1896 1887 1959 bus aliquam corporeitatem interminatam manere eandem in generato & corrupto, sicut manet eadem cor-
146 1951 1886 2021 poreitas accidentalis interminata vel eadem interminata qualitas secundum praedeterminata. Et hoc ideo: quia
137 2008 1903 2067 generatio non terminatur nisi ad esse substantiae attingendo ipsam substantiam: & corruptio ad eius non esse.
148 2059 1898 2118 Propter quod eadem forma substantialis secundum rem non potest esse incorruptibilis & ingenerabilis secundum esse in
143 2112 1889 2176 terminatum: & generabilis & corruptibilis secundum esse terminatum. Augmentum autem & diminutio secundum quan
139 2167 1885 2228 titatem, intensum & remissum secundum qualitatem, non terminantur ad quantitatem & qualitatem attingendo eorum
142 2223 1890 2276 essentiam: sed solum gradum in esse circa ipsa. Propter quod bene potest eadem quantitas interminata esse incorru
142 2271 1888 2335 ptibilis & ingenerabilis, & corruptibilis & generabilis secundum gradus terminationum: & similiter eadem qua
136 2330 1893 2387 litas manere absque generatione & corruptione in sua essentia: & esse generabilis & corruptibilis secundum
140 2379 1884 2448 gradus terminationum. Bene tamen ponimus in eadem forma numero in eodem substantiali simplici per essen-
137 2425 1881 2493 tiam non suscipientem magis & minus, neque maius aut minus, gradus secundum intensiones, perfectius & minus
146 2487 1890 2555 perfectum: vt substantialitatis corporeitatis animationis & caeterorum huiusmodi. & gradus terimationum substantialium siue
143 2535 1889 2606 essentialium diuersos. Nomine enim substantialitatis figuratur forma illa vt interiata omnino. Nomine autem corporei
149 2593 1886 2652 tatis, animationis, sensibilitatis, & rationabilitatis signatur eadem vt in diuersis gradibus sub diuersis diffe
148 2640 1889 2706 rentiis radicatis in essentia eiusdem formae termiata est. Nec est vllo modo dicendum quod forae plures introducuntur in
147 2692 1887 2754 eodem per ordinem, aut quod disponnibus incompletis matia sic fit necessitas ad formam substantialem incompletam: & il
138 2752 1884 2819 la generata per alias disponnes completiores fit necessitas ad formam completiorem: quoniam numquam sit matia necessitas
141 2804 1889 2871 ad vnam formam generandam: quin simul & eisdem disponnibus fiat impossibilitas ad aliquam aliam formam substan
139 2852 1883 2913 tialem existentem in materia abiiciendam: & econtrario similiter. aliter enim generatio esset sine corruptione. Sed nec
142 2906 1892 2972 ad formam incompletam siue sub ratione incompleti generandam vnquam materia fit necessitas, quin simul & eisdem
156 2960 1884 3031 disponnibus fiat necessitas ad formam completam: siue sub generatione completi generandam. & econtra numquam sit in
148 3021 1883 3092 possibilitas ad vnam expellendam, quin simel fiat ipossibilitas ad aliam expellendam. SED statim aliquis arguet
138 3077 1891 3138 contra nos ex dictis: quod Christus non sit vere & naturaliter mortuus sicut Petrus: quia secundum iam dicta
135 3129 1886 3190 forma corporeitatis in Christo educta de potentia materiae est vltia necessitas ad animam intellectiuam.
136 3175 1887 3266 Si ergo illa forma corporea manente anima separetur: separatio illa est inaturalis, & solummo miraculosa
