2436 3793
165 360 1944 470 dicit in anima a statu suae naturalis rectitudinis quandam obliquationem: qua habet in se proni-
178 461 1941 521 tatem & inclinationem ad malum, sicut habuit in se anima Adae ex peccato, non solum carentiam ori-
173 515 1943 583 ginalis iustitiae. dicente Augustino. xiii. de Ciuitate dei cap. x. Pro magnitudine quippe culpae naturam
169 576 1937 639 damnatio mutauit in peius: vt quod peccabiliter praecessit in peccantibus hominibus primis, natura
173 621 1932 680 liter sequeretur in nascentibus caeteris. Vnde per hominem qui descendit de Hierusalem in Hie-
170 678 1936 736 richo. Luc. x. Glossa intelligit genus humanum per peccatum primi parentis expoliatum gratui-
164 733 1937 798 tis, & vulneratum in naturalibus. Istud autem vulnus & obliquatio in naturalibus non est a deo
166 784 1936 845 inflicta immediate, sed in vnione cum corpore per illam morbidam dispositionem tracta. Per illam
164 839 1932 894 enim naturaliter anima corpori coniuncta obliquatur, & habet in se paruulus fomitem concupi-
157 888 1939 955 scentiae in habitu, quem habet adultus in actum:. Nec causatur illa dispositio in prole per aliquod idem
160 941 1941 1007 numero transfusum in substantiam prolis, quid prius fuit in substantia parentis: immo quod transfun
164 1001 1943 1054 ditur in corporalem substantiam, non est nisi residuum nutrimenti: non autem aliqua portio corpora-
159 1047 1941 1116 lis substantiae parentis, vt quidam solebant dicere volentes per hoc saluare tractum originalis. Nutrimen-
165 1105 1949 1174 tum autem prius quam recipiatur in vasis generationis nullo modo habet in se illam morbidam dispositio
161 1158 1947 1218 nem. Vnde si ex ipso immediate a deo formaretur proles, non contraheret anima eius ex coiiiunctione
160 1213 1946 1276 cum illa formata originale. Sed postquam receptum est in vasis generationis, & vi generatiua corrumpi
165 1268 1939 1329 tur forma glutinis & generatur forma seminis, tunc primo ordinatur naturaliter & per se ad prolis
162 1322 1948 1382 procreationem, & infunditur semini illa morbida dispositio. Propter quod dicitur Sapi. xii. Semen ma
158 1374 1948 1432 ledictum erat ab initio. ita quod si de illo semine virtute diuina formaretur corpus prolis, anima ex con
160 1430 1939 1485 iunctione cum illo contraheret originale, sicut contraheret ex coniunctione cum corpore formato de di-
157 1479 1936 1543 gito hominis geniti in originali. Propter quod semen virginis, vnde in primo instanti conceptus eius in
157 1532 1944 1603 loco plasmationis naturalis corpus Christi opere spiritus sancti formatum, & anima creata infusa &
153 1591 1935 1651 ipsa cum corpore a deitate assumpta est, via qua localiter descendit in locum formationis, purgatum est a
160 1644 1943 1697 dicta dispositione. propter quod anima Christi originale non contraxit ex vnione cum corpore for mato
156 1696 1929 1753 ex illa. Cumque semen infectum a patre deciditur, & in loco formationis reponitur, eadem vis ge-
161 1746 1934 1810 neratiua & membrorum formatiua quae erat in parente ad generandum semen ex nutrimento &
161 1802 1934 1876 inficiendum ipsum dicto modo, manet in semine ad generandum ex semine corpus humanum, corporei
156 1861 1931 1922 tatem, si ne formam corporeitatis educendo de potentia materiae, & corrumpendo formam seminis, & si
161 1912 1926 1972 militer ad inficiendum illud corpus eadem dispositione qua semen erat infectum, sicut & vis generatiua pa-
156 1965 1937 2032 rentis infecit semen eadem infectione qua ipse infectus erat. Etsi enim remissum est originale formaliter
168 2018 1931 2075 in renatis, manet tamen fomes in membris materialiter. De quo dicit Apost. Ro. vii. Scio quod non habitat bo
165 2071 1935 2129 num in carne mea. Nec est differentia in hoc siue plures generationes & corruptiones naturales ponam
160 2127 1937 2189 tur inter generationem primam formae seminis & vltimam corporis humani. quoniam semper manet vis eadem
168 2183 1931 2246 generandi & inficiendi in quolibet intermedio, quae fuit in semine, & in ipso parente. Et per hanc eandem viam
155 2235 1925 2293 radicaliter leprosi parentes naturaliter generant leprosos. Quia si ita sit, non video quomodo ponentes in
161 2286 1929 2343 homine non esse aliam formam ab anima, possunt ponere modum contrahendi originale, cum ibi nulla potest
160 2339 1932 2404 fieri infectio materiae, quia ex ipsa nulla sit naturalis generatio. Patet etiam ex hoc quod non est neces
155 2395 1923 2463 se dicere quod ad hoc quod contrahatur originale eadem forma quae fuit in semine maneatur in prole, & idem
165 2451 1927 2515 compositum ex materia & forma corporeitatis. quod quidem compositum quia est infectum in semine,
163 2502 1927 2562 est infectum in prole, quasi alia via non posset infectio seminis descendere in prolem, non dico eadem nu
154 2549 1922 2615 mero, sed specie, sicut infectio quae fuit in parente non eadem numero descendit in semen, sed eadem
164 2609 1918 2673 specie tantum, licet aliqui illud volunt dicere: & per hoc probare quod in generatione & corruptione ea-
165 2666 1926 2732 dem forma manet in generato quae fuit in corrupto, & non fit resolutio formarum omnium in primam
159 2717 1916 2772 materiam. Sic igitur dicere quod in Petro mortuo non mansit eadem forma corporis quae fuit in viuo
166 2772 1918 2836 ex secunda causa, nullo modo est haereticum: nec sequens ex illa opinione in. viii. articulo. & qualitercum
164 2821 1923 2885 que sentiatur de hoc, siue quod maneat eadem forma, siue quod non maneat, non debet iudicari erroneum aut
163 2880 1922 2944 haereticum, quia non est materia circa quam habet cadere error aut haeresis. Est igitur sciendum quod ista tria
165 2931 1918 2990 falsum, erroneum, haereticum sic se habent per ordinem, quod omne haereticum est erroneum, & non
166 2981 1916 3041 econuerso, & omne erroneum est falsum, sed non econuerso. Erroneum enim non dicitur nisi falsum
162 3039 1925 3101 in doctrina fidei aut morum, vel redundans in ipsam, quod tunc primo dicitur haereticum quando cum
153 3091 1928 3164 pertinacia defenditur. Falsum autem simpliciter est quod non est in doctrina fidei aut morum, neque
166 3147 1925 3205 redundans in ipsam: vt sunt pure naturalia & philosophica, vt est dicere quod anguli trianguli non sunt
166 3199 1920 3256 aequales. de numero quorum falsum est alterum horum, quod in Petro mortuo non manet eadem forma
163 3254 1927 3327 corporis materialis quae erat in viuo. Non enim in hoc est differentia de homine mortuo & viuo
