2443 3723
506 279 2266 370 aliquid coniunctum illi fini, cuius adminiculo adorans coniungitur fini, vt in eo spes & fiducia con
504 363 2262 431 pleantur. Primo modo est aliquid adorandum propter se, & per se: & sic solus deus trinitas est ado
500 415 2264 481 randus adoratione quae vocatur latria: & similiter in ipso ea quae ipsius sunt: secundum quod dicit
495 471 2264 543 praefatio de Trinitate. In essentia vnitas, in personis proprietas, & in maiestate adoretur aequalitas. &
507 523 2267 593 Christus homo ratione personae diuinae. Et est idem latria graecae, quid seruitus latine. vnde per com
502 573 2265 648 positionem dicitur idololatria idolorum seruitus. Et licet generaliter omnis adoratio seruitus quae
512 634 2263 696 dam sit, vt dictum est, quia tamen seruitus & obsequium summe debentur deo: ideo diuina seruitus
505 679 2266 752 dicitur latria, & commune nomen sibi appropriatum per antonomasiam, quemadmodum propter aliquam
503 745 2272 803 excellentiam, cum dicitur Apostolus simpliciter, intelligitur Paulus, & cum dicitur poeta simpliciter, intelligitur Vir
505 792 2265 867 gilius. Vnde & alio nomine dicitur pietas propter eminentem effectum deuotionis qui debet haimeni deo exhiben-
505 844 2274 917 do seruitium sibi debitum. Tertio etiam nomine dicitur Theosebia i. i. diuinus cultus: quia in ipsa singulariter colitur
513 901 2273 958 deus. Et quarto nomine dicitur Eusebia id est bonus cultus per antonomasiam: quia optimum est adoran
516 950 2272 1009 do colere deum. Et quinto modo dicitur religio: quando ad huiusmodi adorationem homo specia-
510 1009 2267 1073 liter se obligat. dicente Tullio in Rheto. Religio cuidam superiori naturae cultum cerimoniamque affert. Secun
511 1059 2267 1125 do modo est aliquid adorandum per se, & propter aliud. & sic quaedam creaturae sunt adorandae
519 1113 2266 1182 propter diuinam naturam sibi coniunctam: & hoc dupliciter, secundum quod dupliciter diuina natura potest esse con-
521 1167 2272 1233 iuncta naturae humanae, vel per ineffabilem vnionem totam plenitudinem eius habendo, vel per doni con
512 1217 2274 1281 munionem de plenitudine eius participationem adipiscendo. Primo modo diuina natura coniuncta
512 1270 2263 1333 est humanitati Christi, quae vt dicit Hugo in tractatu de scientia animae Christi, non forte participatio-
511 1326 2268 1392 nis ex illa viguit, sed priuilegio vnitatis totam possedit: in qua, vt ait Apostolus, habitat omnis ple-
512 1387 2268 1444 nitudo diuinitatis corporaliter. vt Christus in se habere intelligatur per gratiam totum quod deus
513 1439 2260 1503 est per naturam: & idem illic gratia quid hic natura. Et longe aliud est idem habere & idem esse: quia
508 1486 2272 1554 habere pertinet ad gratiam, esse pertinet ad naturam: et plenitudo in verbo ei vnita est ex tem-
510 1538 2270 1602 pore per gratiam, quae in deo ex aeternitate fuit per naturam. Secundo modo est diuina natura coniuncta
505 1598 2272 1659 humanae naturae cuiuscunque sancti, quia vt ait Hugo, vbi iam supra, fine diminutione sui ab omni
505 1648 2269 1714 bus participatur: & cum idem sit in omnibus, non tamen ab omnibus eodem modo participatur, sed omnes qui
504 1701 2273 1759 secundum conditionem suam, aut donum gratiae largitoris minus aut magis, huius eiusdem communionis
502 1760 2273 1825 ac participationis capaces sunt, de plenitudine eius non plenitudinem, sed genrae participationem acci-
510 1810 2266 1880 piunt. Propter istam secundam coniunctionem adorandae sunt aliquae purae creaturae adoratione quae
507 1866 2273 1923 dicitur dulia. Propter primam autem coniunctionem adoranda est sola humanitas Christi inquantum est
510 1922 2264 1985 vnita diuinitati, & quaecumque pertinent ad ipsam, vt anima & corpus quo ad materiam & formam materia
504 1967 2266 2033 lem: & hoc tam pro statu mortis in quo erant corpus & anima separata, quam pro statu vitae in quo erant coniuncta
509 2025 2267 2091 quia in vtroque statu deitas semper aequaliter fuit vnita ambobus, & omnia quaecumque in ipso & cir-
511 2076 2264 2137 ca ipsum considerantur esse vel fuisse, vt mors, passio, ascensio, figura, & qualitates, caeteraque huiusmo
514 2129 2274 2195 di. Sed hoc modo humana natura Christi dupliciter est adoranda, & quaecunque in ea sunt. Vno modo
507 2187 2260 2256 ratione personae: & hoc adoratione quae vocatur latria: de qua dicit Augustinus de verbis domini sermo. lix.
507 2237 2274 2305 Quid quod carnem eius quam creaturam esse non negas, simul cum diuinitate adoras: atque non minus quam diui
512 2295 2266 2364 nitati deseruis: Ego dominicam carnem, immo perfectam in Christo humanitatem propterea adoro quod a diuinitate
505 2343 2267 2413 suscepta est atque vnita diuinitat scilicet in vnitate personae. Alio modo ratione naturae diuinitati vnitae
515 2400 2262 2458 & hoc adoratione quae vocatur hyperdulia, hoc est adoratione quae superior est adoratione quae
516 2454 2261 2522 est simplex dulia, licet inferiore quam sit latria. Si vero consideretur humanitas Christi secundum
506 2501 2264 2575 se vt coniuncta diuinitati per donum gratiae creatae: si tamen tale quid ponatur esse in ipso, quan-
510 2560 2268 2630 tumcunque excedat dona gratiae aliorum sanctorum, quo ad hoc non plenitudine diuinitatem sibi ha
512 2612 2272 2676 beret coniunctam, sed excellentissima participatione, & esset adoranda adoratione duliae simplicis
515 2671 2253 2741 non latriae, aut hyperduliae. dicente Augustu. ibidem. Si hominem separaueris a deo, illi ego nunquam
514 2720 2266 2780 seruio: scilicet latria, aut hyperdulia. & ponit exemplum subdens. Velut siquis vestem aut purpu-
513 2776 2260 2844 ram, aut diadema regale iacens inueniat, nunquid eam conabitur adorare: quasi dicat non, sci-
504 2827 2242 2893 licet adoratione illa qua rex adoratur. Vnde subdit. Cum ea vero rex fuerit indutus, periculun
505 2880 2270 2947 mortis incurrit si simul adorare cum rege quis contempserit. ita & in Christo domino &c. Adora-
514 2938 2265 2995 tione autem simplicis duliae, non propter aliud, sed propter se sancti viui adorandi sunt, &
510 2985 2257 3060 omnia quae in eis sunt, vt sunt in eis, scilicet anima & corpus, materia & forma materialis, &
514 3036 2270 3116 omnia eorum accidentia quae considerantur circa ipsos: & etiam animae eorum separatae, quia cum eis manet vnio
518 3093 2259 3170 diuinitatis per donum gratiae sicut fuit cum viuis ex corpore & anima constitutis. Per donum enim gerae
515 3155 2262 3240 corpus non vnitur deo nisi per animam in qua est ipsum donum. Vnde si corpus sancti alicuius ad separationem
