2466 3737
520 307 2271 400 potest ponere generationem: quia productum per propriam generationem aliud re debet esse ab eso de quo
518 377 2267 449 producitur. Ponens vero esse idem cum essentia re secundum dictum modum, bene potest ponere creatio
517 441 2269 505 nem: quia proprie creatio non est de aliquo omnino. Ponens vero esse diuersum re ab essentia: nullo modo
508 482 2264 563 pont ponere ita proprie creationem ipsius essentiae & esse existentiae in ea. sicut si compositum aliquid ex materia &
519 548 2266 612 forma producatur: & in creando forma induceretur in materia: non diceretur proprie creari totum: sed ma
519 603 2270 665 teria. Et sic manuductio illius a sensibili generatione ad creationem, deceptoria est: & falsa imaginatio.
514 652 2270 717 non enim semper quae apparent in sensibilibus applicari possunt ad creationem. secundum quod dicit Commenta. super
513 714 2271 776 de duplici natura & vna persona Christi. Neque omnia, neque nulla quae in naturalibus aut mathemati
512 770 2268 836 cis intelliguntur: in theologicis accipienda sentimus. ldeoque subtilissimae atque exercitatissimae intelligen-
510 816 2272 880 tiae est communes vtriusque &, prprias singulorum rationes notare. Et hoc quidem propter imperitos qui
518 876 2274 931 diuersarum facultatum rationes communicant, proprias, aut communes appropriant, tetigimus. Reuera ti
511 925 2267 991 mendum est ne hoc moderno tempore multos cogat errare in theologia. PER hoc etiam patet ad illud
524 981 2268 1049 quid secundum illum inductum est in principio responsionis ad corpus quaestionis: quod per se est in potentia
519 1042 2271 1106 aliquid, per se non est secundum actum illud: neque participat eo: sed solummodo per aliquid aliud re ab illo. Di-
517 1093 2270 1155 cendum enim quod verum est, quando quod est in potentia non est nisi subiectum transmutationis: quod ipsa
515 1150 2275 1223 transmutatio supponit. tunc enim productum per transmutationem necessario est aliud a subiecto quod est
512 1199 2272 1272 in potentia ad productum de ea. secundum quem modum materia est in potentia ad formam, secundum quod ille exempli-
509 1259 2263 1322 ficat de ea. Quando vero quod est in potentia non tam est subiectum transmutationis quam obiectum distinctionis: licet
504 1313 2256 1370 non alicuius actus acquisiti per transmutationem: distinguendum. quoniam quod per se in potentia aliquid, per se
516 1366 2267 1424 sit secundum actum illud: potest intelligi dupliciter. quia per se esse secundum actum illud, potest intelligi vel
508 1420 2259 1484 secundum genus causae efficientis, vel secundum genus causae formalis. Primo modo verum est quod illud quod
515 1477 2264 1544 per se est in sola potentia aliquid: nunquam per se est secundum actum illud, aut participat illo. aliter enim res
506 1526 2275 1605 per se iret de non esse ad esse: quod est impossibile: nihil enim est suiipsius causa vt sit: neque conducit ad es
509 1587 2263 1653 se secundum Augustinus i. de trinitate. & hoc modo essentia quae per se est in sola potentia ad esse, per se non ha-
512 1643 2268 1702 bet esse. Secundo modo subdistinguendum: quia per se formaliter esse secundum actum illud, potest intel-
507 1697 2260 1767 ligi vel secundum eandem rationem, vel secundum aliam & aliam rationem siue intentionem. Primo modo adhuc numquam
516 1747 2263 1823 per se est secundum actum illud: quia non potest esse eadem ratio entis in potentia & entis in actum. secundum
509 1813 2265 1877 quod huiusmodi. Secundo autem modo bene verum est: quod illud quod per se obiectiue est in potentia ad aliquid vt
507 1866 2267 1923 ad esse per se formaliter secundum aliam rationem, est secundum actum illud. Sic enim essentia creaturae
513 1918 2266 1978 vt est aliquid per essentiam, per se est in potentia ad esse per existentiam simpliciter: & quo ad esse per essentiam
507 1975 2267 2039 simpliciter: & ad esse aliquid per existentiam. Et non differunt esse simpliciter per essentiam, & esse per existentiam
506 2026 2266 2086 simpliciter, secundum rem sed secundum intentionem solum: neque similiter esse aliquid per essentiam, & esse aliquid
514 2086 2265 2148 per existentiam: & vtroque modo quod est in potentia, non per se sed per agens vadit ad actum. Secundum hunc
505 2143 2267 2203 ergo modum bene saluatur creatio: & datur ei suum potentiale & suum actuale: & sufficit in creatio-
503 2190 2263 2263 ne quod differant sola intentione: & non requirit ipsa creatio plus. Si plus assumat: quod oportet quod diffe
508 2242 2270 2305 rant realiter: quemadmodum talem differentiam inter suum actuale & suum potentiale requirit ge-
509 2301 2269 2365 neratio: lta quod etsi in creatione totum scilicet essentia & esse, quasi producatur simul obiectiue: tamen quan-
511 2356 2262 2417 documque aliquid producitur obiectiue per se & primo vt puta essentia & esse simul: ibi est aliquid productum in
498 2406 2264 2468 alio in quo producitur: & aliquid productum in alio vt in subiecto: quid est formale in illo alio in quo producitur: &
506 2462 2264 2519 aliquid productum vt subiectum in quo producitur aliud: quid subiectum est quasi materiale respectu illius. Et sic
498 2516 2267 2586 licet aliud sit potentiale obiectiue & aliud subiectiue: vnum tamen eorum non est sine alio: quia creare
498 2565 2269 2636 materiam non est facere quod materia sit materia: Materia enim ad hoc quod sit materia: ad hoc non indiget
499 2634 2263 2693 produci: sed creare materiam est facere quod materia sit sub forma. Et eodem modo creare formam non est fa
506 2681 2273 2743 cere quod forma sit forma: sed quod forma sit in materia: & eodem modo creare essentiam non est facere quod es-
499 2731 2270 2794 sentia sit essentia: sed quod essentia sit sub esse. & creare esse non est facere quod esse sit esse: sed quod esse sit in
501 2786 2268 2849 essentia. Et ita licet potentiale subiectiue tantum: quale est ipsum materiale, non sit ipsum potentiale terminatiue
507 2844 2271 2910 tantum quale est ipsum formale: nec econverso: tamen vnum eorum nunquam esset sine altero: sed vtrumque eorum simul
496 2903 2265 2969 est vnum potentiale obiectiue. & propter hoc vlterius, quia forma per suam corruptionem potest separari a
492 2946 2258 3006 materia vel composito: potest ipsum compositum siue materia corrumpi aut annihilari. eodem modo quia
502 3000 2258 3065 esse per suam corruptionem potest separari ab essentia: potest & ipsa essentia annihilari. Vnde actus si-
506 3051 2270 3111 ue formale quodcumque non potest produci nisi cum suo potentiali: nec econuerso. vnde nisi productum esset com-
502 3106 2258 3173 positum aut productibile esse alterius componibile: vt pars parti: nunquam esset productibile in esse: aut redu-
498 3158 2267 3230 ctibile in non esse. Et est respondendum: quod illa propositio, quandocumque aliquid producitur obiectiue per se & pri
489 3210 2271 3306 mo: vt puta essentia & esse simul &c. falsa est. Non enim oportet quod ibi sit aliquid productum in alio: vt re
