2414 3708
188 300 1912 378 differens ab illo: sed sufficit quod sit differens ab illo sola intentione vt patet ex dictis. Et sic licet aliquid sit
191 363 1907 429 possibile obiectiue & aliquae subiectiue: sie scilicet quod vnum eorum non sit sine alio: non oportet quod sit aliud & aliud
188 419 1907 481 nisi sola intentione. Et sic ponere materiam creari siue essentiam non est facere quod materia sit materia: aut quod
191 469 1910 525 essentia sit essentia. secundum modum quem ponit: sed hoc est ponere quod materia si per se sine forma producatur in esse:
187 525 1912 583 sit sub esse differenti a se sola intentione. Vnde falsum est quod asseruit: quod creare materiam est facere quod ma
189 581 1906 646 ria sit sub forma &c. tunc enim neutrum eorum posset creari per se sine altero, quod inconveniens reputatur ex
196 630 1930 697 parte materiae. Et similiter falsum est quod asseruit de essentia & esse: intelligendo quod sic essentia cretur sub
190 686 1913 748 esse quod differt ab ipsa secundum rem. sufficit enim vt dictum est, quod creetur sub ipso vt sub differenti
190 738 1905 805 ab illa secundum intentionem. & hoc modo vnum istorum non potest esse aut creari sine altero: sed vtrumque simul.
194 794 1913 852 Quid ergo asseruit vlterius: quod forma per suam corruptionem &c. supponendo quod materia non potest annihila-
191 850 1912 914 ti nisi per hoc quod forma separatur ab ea: neque essentia nisi per hoc quod esse differens secundum rem ab illa potest se-
193 895 1919 969 parari ab ea: falsum est. quoniam sicut materia & forma differunt per essentiam: sic habent diuersa esse: propterea
195 950 1922 1019 differentia per essentiam vt dicetur in sequenti quaestione. Et ideo si forma separata a materia diuina virtute
191 1006 1923 1071 conseruatur in suo esse proprio: licet priuetur illo esse quid forma communicauit composito: & materiae in composito: ad
186 1060 1927 1125 huc matia potest corrumpi siue annihilari propria corruptione & annihilatione ipsius materiae quae ad suum, proprium
190 1115 1922 1178 esse: quid sola intentione differt a materia. Et consimiliter ponendo quod essentia & esse differant sola intentione
197 1168 1927 1235 ipsius corruptione quo ad illud esse corrumpitur essentia ne essentia sit: licet essentia semper maneat essen
187 1223 1919 1283 tia. Quia si ponatur materia non corrumpi nisi per corruptionem formae in illa: nec essentia nisi per corruptionem
180 1274 1914 1334 esse, quod est re aliud ab illa: tunc neque materia quantum est de ratione naturae suae: neque essentia quantum est
183 1325 1919 1385 de natura essentiae, nata est corrumpi vel annihilari postquam habuerint esse. & sequeretur opinio philosophorum: quod
185 1379 1912 1439 materia & essentiae rerum non sunt potentiale esse nisi quia sunt cum alio, vt materia cum forma & essentia
182 1435 1921 1500 cum esse differenti secundum rem ab ipsa: per quorum separationem ab ipsis solummodo corrumpuntur: secundum quod superius
187 1486 1913 1551 tactum est. Vnde quid addit quod actuale siue forale quidcumque non potest produci nisi cum suo potentiali: nec econuerso:
180 1543 1918 1601 Dicendum quod verum est, non tamen semper oportet quod re differant actus & potentiale vt dictum est. Quid etiam addit
182 1592 1912 1656 vlterius: nisi productum esset compositum &c. Dicendum quod verum est nisi illud esset compositum saltem ex diuer-
178 1640 1916 1711 sis secundum intentionem: vel componibile alteri vt diuerso a se secundum intentionem. hoc enim sufficit. Vnde ve
186 1700 1918 1758 rum est quod non potest proprie saluari creatio aut annihilatio nisi talis differentia ponatur inter actuale et
181 1753 1909 1815 suum potentiale. AD secundum quod ponens essentiam esse idem cum esse: ponit eam non posse intelligi sub non esse &c.
184 1806 1915 1869 Dicendum quod verum esset si poneret eam omnino idem: sic vt de proprietate ipsius essentiae creatae competeret ei esse:
181 1862 1919 1925 & esset idem cum ipso esse etiam intentione, & differens ab illo sola ratione: sicut contingit in essentia diuina
190 1919 1918 1983 & suo esse. Nunc autem cum ponitur idem re, differens autem intentione: sic vt non de proprietate essentiae creatae
182 1975 1923 2031 competat ei esse: nec esse est idem cum ipso omnino: sed differt intentione ab ipso: non est verum vt patet ex di
189 2020 1921 2082 ctis. Quid autem assumitur in argumento: quod sensibile quia est idem cum rationali in homine: non potest in eodem in-
186 2070 1922 2128 telligi sub irrationali: Dicendum quod verum est vt sensibile est in homine contractum per rationale secundum rem &
183 2127 1917 2183 secundum intellectum: quia sic non differt intentione sed sola ratione a rationali. Si tamen consideretur secundum se
187 2177 1928 2242 vt est differentia animalis: & se tenet ex parte generis, extra cuius intentionem non est rationale: propter quid tunc
186 2234 1920 2299 differt ab eo secundum intentionem: bene potest intelligi sensibile quod est in homine sub opposito rationalis: li
186 2290 1924 2354 cet non vt in homine: vt dictum est supra. Et sic verum est quod ponens essentiam & esse idem re & intentione: non po
191 2341 1931 2397 test saluare creationem. bene tamen potest saluare eam ponendo illa esse eadem secundum rem: differentia vero se
186 2392 1916 2453 cundum intentionem. Ex quo patet solutio confirmationis quae posset induci ad roborandum medium in dicto
191 2448 1916 2506 argumento: quae talis est. Quaecumque sunt eadem numero re in eodem numero re: vnum eorum non potest intelli-
195 2504 1920 2569 gi cum opposito alterius: quod patet per syllogismum expositorium talem, si b, puta sensibile in isto homine est a, pu
189 2554 1919 2618 ta rationale: & b, puta idem sensibile in eodem homine est c, puta irrationale. ergo c, est a, id est irroionale est rationale, quaere
188 2607 1924 2666 si sensibile quod est in homine potest intelligi sub irroionali: ergo & irrationale potest intelligi sub rationali: & sic
190 2658 1916 2716 oppositum sub opposito: quid est ipossibile. impossibile est ergo & prim. scilicet quod sensibile in homine potest intelligi
195 2710 1918 2773 sub irrationali. Dicendum est enim quod cum dicit, quaecumque sunt eadem numero re &c. verum est si considerentur
192 2765 1922 2823 vt sunt in eodem re: & vt vnum contractum est per aliud secundum rem & intellectum: quia sic sensibile vt est in homine
192 2821 1919 2877 cum rationali: sola ratione differt a rationali vt dictum est. ldem tamen quod est in eodem numero & re cum alio: & est
190 2873 1918 2931 idem numero re cum illo alio: si consideretur non vt est contractum per illud secundum intellectum, non est verum: quia sic sen
190 2924 1918 2988 sibile quod est in homine & idem re cum illo: differt intentione a rationali. Vnde ad syllogismum expositorium dicendum
195 2987 1922 3040 quod sensibile in vtraque praemissarum potest considerari dupliciter. Vno modo vt est contractum in homine vel in hoc homine
188 3034 1929 3098 secundum rem & intellectum. Alio modo non vt est contractum in homine vel in hoc homine secundum intellectum. Si primo
195 3086 1927 3143 modo: sic maior est vera: quia sensibile vt in homine est contractum per rationale: aut in hoc homine per hoc ratio-
198 3145 1924 3233 nale est idem cum rationali: aut cum hoc rationali & re & intentione: differens solum ab eo sola ratione. & sic
