2466 3697
517 248 2295 354 sae: quia sunt in extenso. hoc tamen non nisi vna extensione formali quae est quantitas. Et ideo (vt di
520 321 2302 400 cunt) quae diuersimode participant esse existentiae, diuersimode habent existere: sicut & quae diuersimo
523 374 2292 453 de participant esse essentiae: diuersimode dicuntur entia. Vnde substantia existit quia ei formaliter
527 419 2295 518 competit existere: quantitas existit, quia est mensura existentis: qualitas existit, quia est modus quidam
523 485 2288 564 existentis secundum se: relatio existit, quia est modus existentis in ordine ad aliud. & similiter intelligen-
522 540 2297 624 dum est de esse. Et per hoc vt dictum est supra, dicunt saluari analogiam in ente super. x. praedicamenta: &
521 589 2298 686 aliter non. Vnde vt dicunt, & secundum quod habetur in superius nominata quaestione de gradu formarum, si plu-
522 649 2295 740 res formae substantiales secundum rem differentes, ponantur in eodem, vt supra dictum est in homine: illud non ha
520 691 2293 792 bet nisi vnum actum existendi per vltimam formam. homo enim aut corpus humanum non habet
517 752 2298 846 actum existendi nisi per animam rationalem. Quando enim nobilitatur corpus ab anima secundum organizationem
515 806 2288 902 & harmoniam, corporeitas illa substantialis quae dabat esse desinit dare esse: & anima quiditati corpo
513 854 2291 953 ris communicat suum esse: in quo manet virtute esse quod dabat praecedens forma. & hoc quemadmodum
515 920 2284 999 cum in vna forma secundum rem sunt gradus intentionum quae dant diuersa esse, differentia secundum comple
507 968 2282 1053 tum & incompletum: vt dictum est supra de esse vita, animatione, sensu & rationalitate: in quibus imperfe
515 1035 2281 1109 ctior intentio non est principium existendi completiue: sed inchoatiue & dispositiue tantum: sed sola intentio vl
521 1076 2277 1172 timae differentiae in forma dat esse existentiae perfectum & completum: in quo virtute manent omnia esse incon
517 1129 2279 1232 pleta praecedentia quae se tenebant ex parte generis: & desinunt illae intentiones dare esse sub ratione in
514 1199 2272 1280 completi. Nec est aliquo modo intelligendum quod in aliquo talium siue habeat plures formas re diffe
512 1242 2269 1327 rentes siue intentione sola: quod in eodem sit ponere plura esse differentia secundum rem: vnum comple-
509 1305 2267 1381 tum, & aliud incompletum. Si enim vt dicunt sint duo esse existentiae, & duo existentes. Vnde & in Chri
506 1354 2269 1436 sto dicunt non haberi esse existentiae ab anima vt in nobis: sed quod esse existentiae personae diuinae habuit
516 1413 2272 1502 compositum ex corpore & anima: & anima atque corpus per animam. quod si in Christo esset duplex es-
512 1462 2275 1555 se existentiae: vnum increatum & aliud creatum: esset in ipso duplex suppositum. Vnde dicit scri-
509 1517 2273 1611 ptor in dicta quaestione. Non pono formam esse principium essendi semper. oportet enim quod ponamus in
510 1578 2267 1656 Christo naturam humanam sine suo esse: alias enim essent duae existentiae & duo existentes: & duo supposita: quod
517 1629 2263 1717 est ipossibile. HIC videtur mihi primo esse consideranda differentia inter esse essentiae & esse existentiae:
515 1683 2268 1775 quorum vtrumque est quo essentia est: & inter essentiam, & id quid ipsa est. Est autem id quod essentia est in
514 1742 2264 1815 vnaquaque re conmuniter loquendo id quod ei conuenit ratione naturae suae secundum se. Esse vero est in
511 1790 2264 1885 ipsa essentia participatio quaedam diuini esse: qua ipsa essentia in seipsa est quaedam similitudo diui
506 1857 2268 1927 ni esse atque diuinae essentiae: non autem in aliquo superaddito ei, nisi quo ad respectum quem importat
513 1899 2267 1993 huiusmodi similitudo. Est autem ista participatio diuini esse in essentia, esse essentiae: inquantum essentia
512 1954 2268 2038 illa exemplatum est diuini esse secundum rationem causae formalis. quia per ipsum esse essentiae vt per actum
510 2004 2256 2100 sibi proprium essentialem habet id quod res est ex ratione sui generis quod sit ens & natura & essentia pro-
508 2074 2266 2151 prie dicta: non solum figmentum vt dictum est supra. Et componitur omnis essentia creaturae ex illo quod
513 2125 2272 2206 est secundum se & ex illo esse: sicut ex materiali & formali: siue ex quod est & quo est: & dicitur compositum
503 2176 2268 2252 huiusmodi ens. Et istud esse abstractum per intellectum ab illo quod est aliquid de genere substantiae, quanti
509 2228 2269 2315 tatis, qualitatis, & aliorum, est esse analogice participatum a rebus. x. praedicamentorum. Similiter abstra
503 2288 2266 2369 ctum ab ente quod est substantia & qualitas & huiusmodi, est ens quod analogice praedicatur de. x. praedicamen
509 2336 2258 2425 tis. Est vero dicta participatio diuini esse in essentia, esse existentiae: inquantum est similitudo produ-
510 2394 2252 2477 cta a diuino esse secundum rationem causae efficientis: quia per ipsum vt per actum suum accidentalem
510 2443 2254 2531 inquantum essentiae & ratione eius quod est, & ratione eius quo est, accidit esse productum, quod esse existentiae
503 2499 2254 2590 abstractum ab essentiis. x. praedicamentorum analogice participatur ab eis. & consimili analogia existens
509 2557 2258 2644 praedictatur de rebus. x. praedicamentorum existentibus. Sed esse essentiae inquantum per essentiam entia
507 2612 2256 2698 sunt apud intellectum, est esse diminutum: esse vero existentiae verum & perfectum non habet nisi
505 2667 2254 2751 extra intellectum in rerum natura. Et vtrumque horum esse, tam essentiae quam verae existentiae, duplex est.
498 2717 2258 2802 Quoddam enim est esse tam essentiae quam existentiae simpliciter dictum: quale esse habent materia et forma.
507 2774 2255 2849 siue substantialis, siue accidentalis in composito. Quoddam vero est esse tam essentiae quam existentiae: quid dicitur subsi
496 2824 2250 2899 stentiae: quod est suppositi et rei in se subsistentis. Praeter autem istum modum vltimum scilicet subsi
508 2880 2252 2956 stentiae, quo ad alteram eius partem quae est esse subsistentiae in existentia: omnes alii modi subsistendi
503 2942 2251 3015 comprehendi possunt sub esse essentiae: secundum quod in aliis quaestionibus vsi sumus ipso esse essentiae.
502 2988 2246 3063 appellando scilicet esse essentiae omne esse quod conuenit rei absque eo quod in se subsistat habendo in se es-
499 3033 2247 3128 se perfectum subsistentiae actualis extra animam. Suppositum enim quod non habet esse existentiae nisi in
506 3102 2247 3169 comprehensione intellectus: forma etiam et materia, licet in composito ex eis quod subsistit in perfecta
492 3140 2241 3260 subsistentia actuali extra animam, habent existentiam naturae et essentiae suae qua sunt in existentia id quid
