2525 3807
210 388 1958 500 sunt. Similiter compositum ex materia & form. scilicet ex corpore & anima in Christo, licet subsistat in suppo
210 450 1952 551 sito diuino perfecta subsistentia actuali extra animam: sic quod illud compositum extra animam habeat existen
204 507 1949 593 tiam naturae suae & essentiae qua est in existentia id quod est: plenam tamen actualitatem existentiae non habent ex
203 551 1942 661 se: quia non habent eam nisi vt partes in toto: & pars inquantum in toto habet esse, potentiale quid est &
201 597 1943 717 imperfectum. Per hoc enim quod in creaturis separate & distincte a quolibet alio in se existit, perfectionem actua
209 659 1939 771 litatis habet: quae dicitur esse subsistentiae in existentia extra intellectum. AD quaestionem igitur descenden-
203 727 1940 810 do dico quod si loquamur de esse essentiae simpliciter dicto: & similiter de esse existentiae: cum essentia quae
200 777 1941 870 cumque non est proprie essentia sine suo proprio esse essentiae: quid est, proprius actus eius quo essentia dicitur: simi
201 819 1941 922 liter existentia non est proprie existentia sine proprio suo esse existente: quiod est proprius actus eius quo exi-
189 878 1940 978 stentia dicitur: sicut albedo est proprius actus quo aliquid album dicitur. Sicut ergo nihil potest esse album hoc ni
198 922 1940 1028 si habeat hanc albedinis: sic nihil potest dici essentia haec, nisi habeat esse essentiae hoc sibi proprium.
192 983 1939 1079 & similiter est de esse existentiae. Quotquot ergo sunt essentiae in eodem, siue de praedicamento substantiae
196 1036 1934 1134 siue accidentis: tot necessario sunt esse essentiae in eodem, & tot esse existentiae: etsi vnum eorum sit
191 1097 1939 1191 principale respectu aliorum: sicut vna essentia est principalis respectu aliarum. Vnde esse substantiae tam
182 1145 1934 1246 essentiae quam existentiae simplicitur principalius est quam esse accidentis: sicut substantia principalior est natura
189 1200 1937 1298 quam accidens: & similiter esse vtrumque quid est formae substantialis, principalius est quam quid materiae. Vnde & in
184 1255 1934 1361 quolibet composito forma materiae & forma principalis, formae non principali suum esse communicat. &
189 1312 1935 1411 quo ad hoc in quolibet vno vnum est esse tam essentiae quam existentiae simpliciter & non plura. In hoc enim
182 1363 1927 1460 omnis forma substantialis est principium essendi composito in quo est, & materiae. quoniam cum huiusmodi for-
178 1413 1933 1508 ma consequuntur in composito proprietates & passiones & omnia accidentia illius: & primo esse: quia
179 1477 1919 1560 alia non sequuntur nisi mediante esse. secundum quod dicitur in. vi. regula de hebdo. ld quod est participat eo quod
176 1519 1920 1619 est esse vt sit: est vero vt participet quolibet alio. vbi dicit Commen. Vtrumque ergo & ipsum esse & aliquae
169 1580 1917 1676 aliquid cum ipso ab vno solo i i. ab eo quod est. Quod reuera dicit non secundum theologos sed secundum philosophos: vt
172 1626 1919 1724 patet ex dictis in praecedenti quaestione. Sed redit ad idem: nihil enim intendit nisi quod sint idem re in eo quid est
169 1686 1920 1776 ipsum quod est scilicet & ipsum esse & illud aliud aliquid cum ipso. & sequitur in Commen. Sed illa partici-
171 1734 1919 1832 patio qua eo quod est esse participat: natura prior est: altera vero posterior: quia non potest esse aliquid
169 1792 1921 1894 nisi prius naturaliter sit. Vnde in quolibet composito per se ex materia & forma sicut sunt duae essen
164 1842 1912 1937 tiae: sic sunt duo esse vtroque modo. & similiter in composito per accidens ex substantia & accidente
170 1895 1911 1997 quotquot sunt in eo essentiae diuersae substantiae & accidentis: tot sunt in eo esse vtroque modo. Si enim
160 1947 1914 2048 accidens non haberet esse proprium in subiecto sed solum esse subiecti: nullo modo compositum esset
162 2006 1919 2099 vnum ens per accidens. Sicut enim dicitur aliquid ens vel vnum simpliciter a forma substantiali: in eo quod con
156 2055 1917 2158 municat toti composito ex materia & forma substantiali suum esse & vnitatem: sic dicitur aliquid esse ens
154 2114 1916 2203 & vnum per accidens a forma accidentali in eo quod conmunicat toti composito ex substantia & accidente suum
155 2163 1919 2258 esse & suam vnitatem. Vnde si accidens non haberet in subiecto proprium esse: nec, propriam vnitatem: quia vnum
153 2222 1916 2321 & esse consequuntur se: secundum Boetium. In Christo ergo sicut sunt tres essentiae scilicet caro, anima, deitas, vt
158 2274 1914 2360 dictum est supra. secundum Hugustinus vel quatuordistinguendo carnem in materiam & formam: sic sunt in eo tres
154 2323 1915 2423 vel quatuor esse vtroque modo: essentiae scilicet & existentiae simpliciter: licet principalius sit illud quod est
154 2378 1910 2474 formae: & hoc tam animae rationalis respectu corporis quam deitatis respectu totius humanae naturae
156 2428 1914 2523 in Christo. sicut enim anima rationalis & caro vnus est homo: ita deus & homo vnus est Christus
148 2483 1905 2582 maxime quo ad hoc, quod sicut anima rationalis suum esse communicat carni: sic deitas suum esse communicat natu
145 2540 1908 2640 rae humanae. Verius enim & vicinius vnitur diuinitas naturae humanae quam anima rationalis carni: licet il
144 2593 1905 2688 la est absque informatione & compositione. vnio enim naturae diuinae cum humana maior est post illam
144 2652 1901 2738 quae est trium personarum in vnitate substantiae: vt dicit beatus Bernardus. Propter istam enim conmu
145 2709 1902 2795 nicationem esse sui quam facit natura diuina humanae, de homine Christo vere dicitur quod est homo diuinus. Si
140 2759 1894 2845 vero loquamur de esse quod est subsistentiae: tunc si vnumquidque essentialiter subsistit per vnicam formam
150 2821 1900 2901 vel differentiam vltimam essentialem quae dat rei esse subsistentiae, si secundum se habet esse separatum, sic dico quod vnum
140 2866 1905 2945 quodque subsistens esse subsistentiae vel per essentiam in solo intellectu: si non sit aliquid extra: vel per existentiam
144 2921 1899 2999 extra intellectum, tantum vnicum habet esse quotcumque sint in eo esse essentiae vel existentiae simplicitur dicta. Hon enim
141 2965 1902 3062 in solo intellectu existens suppositum vnum est hominis: habens vnum esse suppositi per formam. existens vero extra non nisi
142 3033 1912 3118 vnicum suppositum est per existentiam vnum habens esse existentiae suppositi. cuius vnitas in nullo repugnat plurali
134 3088 1906 3165 tati esse per essentiam & per existentiam simplicitur dictam: sicut nec vnitas compositi repugnat vnitati formae &
136 3141 1910 3223 vnitati materiae. Immo si formale in re non haberet in se vnitatem, & esse essentiae suae & existentiae simpli-
131 3187 1910 3272 citer sibi, proprium, nuilum esse posset communicare materiae & composito: nec posset ab illo haberi
134 3235 1914 3322 esse suppositi sicut nec vnitas suppositi aut compositi: sine qua nec esse compositi aut suppositi ha
