2459 3683
470 241 2300 347 betur. Hinc dicit Boetius in principio de vnitate & vno. Vnitas est qua vnaquaeque res vna dicitur
475 318 2296 379 nec potest esse vna nisi vnitate. Nec solum vnitate est vna: sed etiam tandiu est quicquid est, quamdiu in
491 377 2298 437 se vnitas est: cum autem desinit esse vnum: desinit esse. Inde est quod quicquid est ideo est quia vnum est. & in-
482 427 2300 495 fra. Quapropter si res vnitate ducitur ad esse: & vnitate in illo esse custoditur. Vnde esse & esse vnum in
489 482 2293 548 separabiliter concomitantur se, & videntur esse simul natura. & hoc intantum, quod vbi est maior vnitas, & ma-
496 540 2271 600 ior entitas: & econuerso: & vbi est minus de vnitate: & minus de entitate, & econuerso: & quod verius &
500 597 2298 659 perfectius est vnum, veriorem & perfectiorem habendo vnitatem: verius & perfectius est ens veriorem & per-
500 646 2295 714 fectiorem habendo entitatis: siue verius & perfectius esse secundum quencumque modum esse. Quare cum quaecunque
502 700 2293 761 in eodem existunt differentia per essentiam, proprias vnitates habent sub vnitate totius: nec propter vnitatem
502 753 2300 824 totius amittunt proprias vnitates: sic ergo & habent propria esse sub esse totius: nec ipsa a mittunt propter
503 807 2301 875 esse totius. immo magis per vnitates & esse propria, quas habent manentes: sed non nisi effectiue a pri.
507 871 2294 937 ma vnitate & primo esse, causant esse & vnitatem totius. dicente Boetio ibidem. Omne esse a forma
509 906 2296 972 est in creatis cum vnita est materiae. Vnde philosophi sic describunt illud dicentes: Esse est existen-
502 966 2300 1039 tia formae cum materia. Cum autem forma materiae vnitur: necessario ex coniunctione vtriusque aliquod
512 1023 2303 1093 vnum constituitur. & infra. Forma igitur existens in materia: quae perficit & custodit vniuscuiusque essentiam:
517 1080 2304 1145 vnitas autem est descendens a prima vnitate quae creauit eam. Ecce plane quod forma etiam existens in ma
510 1124 2311 1203 teria constituendo compositum vnitas est vnitate quam accepit a deo quando creauit eam: & hoc secundum
522 1187 2307 1253 modum praedictae participationis. Cum ergo in rebus essee & vnum sint eiusdem rationis: sicut nullus potest
519 1233 2305 1300 dicere quod in vno composito ex pluribus non sit alia vnitas quam vna quae est totius compositi ex pluri-
520 1286 2304 1356 bus: immo materia & forma & quaecumque sunt in illo, sub vnitate illius retinent suas, proprias vnitates:
518 1346 2305 1414 & per vnitatem eius quod est formale & principale in illo, causant vnitatem totius: sic nuilus potest dice-
514 1406 2305 1467 re quod in vno composito ex pluribus non sit aliud esse quam vnum quod est totius. immo materia & forma
519 1451 2317 1511 & quaecumque sunt in illo, sub esse illius retinent sua propria esse: & per esse formalis & principalis in
521 1501 2321 1572 illo, causant vnitatem totius. Et vt istud idem applicemus ad confirmationam dictorum in praecedenti
526 1568 2315 1622 quaestione: sicut nullus potest dicere quod vnitas quaecumque in rebus est aliquid additum ei cuius est: aut
525 1621 2315 1682 illis ex quibus componitur: vt enim dicit Commen. super. iiii. metaphysicae substantia cuiuslibet rei est vna
525 1675 2314 1739 per se: non secundum rem additam illi: Sic nullus potest dicere quod entitas siue esse quodcunque in rebus sit
531 1716 2317 1793 aliquid additum rei cuius est aut illis ex quibus componitur. Et causa deceptionis & erroris in hoc
531 1781 2311 1844 est, vt dicit philosophus in fine. viii. metaphysicae quod ponunt rem cum est in actu diuersam a seipsa quando fuit
526 1824 2318 1894 in potentia. Sed vt dicit ibi Commen. in rei veritate est vnum. illud enim quod fuit in potentia est in actu.
532 1892 2323 1948 & vt dicit philosophus, non habet in hoc aliam causam omnino praeter motorem producentem rem de potentia
535 1932 2317 2004 in actum. & sic si non habet res aliam causam suae vnitatis & sui esse in actu existentiae, non est esse ad-
534 2000 2323 2054 ditum essentiae vel vnum re differens ab illa: quia illud esset alia cause. scilicet formalis: sicut albedo esset cau
526 2040 2322 2105 sa essendi album, praeter motorem. Sic ergo nullo modo tenendum est quod in vno non sit nisi vnicum es
536 2096 2318 2164 se: nisi hoc inte lligatur de esse suppositi siue subsistentiae. tale enim esse est vnicum quo per se & primo
536 2159 2325 2224 subsistit & existit ipsum totum continens in se plura: & quo subsistunt & existunt materia & for-
539 2203 2322 2276 ma substantialis siue vna siue plures: quia sunt aliquid subsistentis & existentis: quo etiam subsistunt
546 2262 2323 2331 & existunt accidentia eius, quia sunt in existente & subsistente: non per additum: secundum quod ille
543 2312 2314 2387 dicit quod esse sit aliquid additum existenti re diuersum ab eo. Quod explicat dicendo: quod quae diuersimo
546 2370 2322 2435 de fundantur in existente: diuersimode dicuntur existere: sicut & quae diuersimode fundantur in
548 2425 2321 2488 ente: diuersimode dicuntur esse &c. vt supra. Vnde nisi poneret esse existentiae aliquid additum re
553 2474 2324 2541 differens: non posset ponere idem esse in vno habente in se plura: nisi ponendo quod in eodem solum
557 2533 2337 2596 vltima forma vel vltima differentia dat totum esse existentiae. In quolibet enim habente in se plura
553 2587 2324 2650 dicit illud esse existentiae fore additum vt re differens ab eo cuius est. Quod si ita esset: non oporteret
554 2634 2329 2709 ipsum plurificare secundum pluralitatem eorum quae ipso diuersimode participant. Sed ponendo quod
554 2697 2324 2759 esse nullo modo sit aliquid additum: sed est idem cum essentia rei secundum praetactum modum:
555 2743 2326 2814 necesse est omne esse plurificari in eodim: siue essentiae siue existentiae. praeter illud quod est subsisten
561 2796 2330 2859 tiae, siue in ipsa rei essentia apud intellectum: siue in ipsa existentia extra, vt dictum est. & sic deter
562 2849 2322 2923 minatio quaestionis huius multum dependet a determinatione quaestionis praecedentis. Quia autem
563 2909 2323 2973 omne aliud esse in habente in se plura differentia re, plurificatur secundum eorum plurificationem
554 2955 2325 3026 siue fuerit essentiae siue existentiae simpliciter: hoc plane patet de accidentibus quae fuerunt in sub
554 3013 2321 3079 stantia panis: & manent in ipso transubstantiato. de quibus certum est quod aliquod esse habent. vn-
563 3061 2325 3135 de acceptum est argumentum vltimum, secundum hoc concedendum. SED vlterius distinguo:
558 3117 2329 3203 aut ergo habebant idem esse prius in substantia panis, & sic habeo propositum: aut, non: & sic illud esse
