2398 3720
416 303 2195 382 & per ignorantiam. Vnde cessante coactione libere de non volente cum effectu sit volens: & cessan
428 370 2208 442 te ignorantia per praesentiam obiecti in cognitione libere seipsa de non volente fit volens ipsum bo-
428 428 2207 499 num cognitum: & est mouens non motum prius: & agens non passum prius ab alio, nisi forte secun-
441 490 2208 546 dum exigentiam suae naturae: vt infra dicetur: sicut potentia simpliciter actiua: & primo actiua: &
426 534 2209 594 secundo passiua. Et hoc dupliciter: sed ordine quodam primo a seipsa quando de potentia volente sit
427 580 2212 657 actu volens: vt dictum est. Secundo ab obiecto: quando ex obiecto per actum volendi sibi coniuncto
428 647 2202 707 suscipit delectationem & gaudium & huiusmodi. Et secundum hoc concedendum est secundum
433 687 2212 766 argumentum quod super hoc erat fundatum. Quamuis sint aliqui dicentes quod voluntas simplici-
437 757 2215 817 ter passiua est: & prius passiua quam actiua: licet sit secundario aliquo modo actiua: in quo excedit vires
438 799 2221 868 inferiores & sensitiuas & appetitiuas: quae omnino sunt passiuae. Quia enim (ut dicunt aliqui) ex se sit in po-
436 860 2206 931 tentia aliquid siue ad aliquid, & seipso fiat in actu illud nullo alio agente & mouente ipsum: hoc omnino
437 907 2209 978 est inconueniens. Quod probant per rationes: quarum prima est illa, quae supra ad partem negati-
449 959 2216 1032 uam quaestionis est producta. SEcundo per hoc: quod illud quod facit aliquid in actum secundum aliquid
448 1026 2218 1092 ad quid prius erat in potentia: oportet quod prius sit in actum secundum illud: vt quod facit aliud calidum
448 1070 2216 1149 oportet quod in seipso sit calidum. Voluntas ergo si seipsam de potentia faceret in actum volendi: prius
445 1129 2215 1193 vellet antequam hoc faceret. TERtio per hoc: quod si aliquid ens in potentia, aliquid seipsum faceret in actum
449 1181 2214 1242 secundum quod est in actu esset causatum: & secundum quod in potentia esset causa: & ita effectus esset
448 1232 2204 1306 perfectior sua causa. Elsdem etiam videtur quod modus ponendi praetactus non est conueniens: scilicet quod in
448 1293 2204 1353 voluntate sit aliquid mouens, & aliquid motum: & aliquid potentiale: & aliquid actuale: & hoc sicut contingit in gra
458 1338 2217 1403 ui & leui: & quod aliter periret liberum arbitrium. IMprobant enim primum sic: quoniam dicunt quod graue non mouetur a
460 1401 2221 1459 se nisi quia mouet aliud per se: & ideo se per accidens: & tale si mouet se: oportet primo moueri ab alio
455 1448 2220 1509 a se: quare & sic oportet sentire de voluntate. ITem quod dicatur graue moueri ratione materiae, &
455 1503 2220 1564 mouere ratione formae: hoc est inconueniens: quia subiectum motus non est nisi ens in actum secundum
466 1559 2220 1620 quod est in actum: ita etiam quod moueatur ratione eius quo est in actum: quale non est materia: quia est
460 1609 2223 1670 in potentia tantum. Si ergo graue mouetur, totum compositum ex materia & forma est subiectum
459 1665 2224 1725 motus ratione totius & vtriusque partis in eo tam formae quam materiae simul. Quid auten sie subiectum motus
463 1714 2219 1777 est, non ratione totius neque alicuius partis eius est principium aut ratio mouendi actiue. neque ergo
469 1768 2213 1840 forma grauis: neque compositum ex materia & forma ratione formae est mouens aut ratio mouendi
469 1826 2228 1896 actiue: sed solummodo aliquid extrinsecum. Eodem modo & de voluntate est: quia tota cedit in ratio
465 1870 2217 1940 ne possibilis. ITem sicut dicunt: si graue aut voluntas mouet se per se propter potentiale & actua
476 1931 2228 1991 le in se: eadem ratione omne compositum ex materia & forma moueret se per se. ITem non mouet se
478 1985 2224 2053 per se secundum totum: quia simpliciter & realis differentia debet esse inter mouens & motum.
485 2043 2226 2103 ITem tunc semper moueret se. quia semper est sibi praesens. SEcundum autem propter quod voluntas
475 2086 2220 2150 dicitur mouere se: quia aliter periret liberum arbitrium: improbant sic: quoniam voluntas vult quod non
487 2151 2235 2203 potest non velle: & tamen libere vult. vniuersaliter enim bonum quid est simpliciter bonum cum est visum non
475 2208 2231 2269 potest non velle: & tamen libere vult. Similiter bonum particulare pro hora qua illud vult, non potest non velle: &
469 2254 2230 2319 tamen libere vult. Vnde idem inconueniens sequitur ponendo voluntatem a se moueri & ab alio, si sit incon-
475 2309 2234 2377 ueniens. aequali enim necessitate mouetur a se & ab alio: vniuersaliter enim volens quando vult necessa-
487 2356 2230 2423 rio vult non coacte sed libere. Isti autem imponendo voluntatem partim actiuam & partim passiuam, sed
487 2416 2225 2488 principaliter passiuam dicunt quod passiua est ab obiecto secundum determinationem actus: actiua autem ex se quo
477 2474 2238 2528 ad exercitium actus: illud scilicet quod ei determinatum est a ratione exequendo: sic enim eligere &
480 2517 2239 2581 imperare formaliter sunt actus intellectus & principaliter: sed executiue & ministraliter voluntatis.
494 2584 2241 2637 Vnde completa electione per iudicium & determinationem actus a ratione & voluntatis consensu,
489 2623 2250 2691 voluntas agit praecipiendo executionem imperati & prosecutionem eius quod electum est viribus in
487 2675 2239 2746 ferioribus, & etiam rationi vt exquirat modum vtrunque, & si standum est in electione & imperio
486 2732 2249 2794 & caetera huiusmodi. Quia autem non metaphysice moueatur ab obiecto siue a fine, arguunt: quia
480 2788 2247 2855 obiectum quod est finis non mouet metaphysice nisi materiam: & hoc non nisi quia mouet per se agen
486 2851 2246 2916 tem: qui vlterius per se mouent materiam: vt patet in operibus artis. SImiliter quod obiectum in eo quod
487 2891 2248 2956 voluntas mouet seipsam non est causa sine qua non, arguunt sic. Duplex enim est causa sine qua
488 2945 2245 3013 non. Vna quae nihil agit, vt albedo in aedificando: quando dicitur album aedificat. talis causa non est
486 3005 2244 3066 obiectum respectu actus volendi: quia voluntas sine obiecto nihil vellet: sine illa autem causa
488 3060 2249 3121 aedificans aedificaret. Alia est quae aliquid agit: quia agit aliquid quo facto aliud exit: in actum:
490 3106 2242 3197 vt scamonea expellit choleram: quo facto virtus naturae infrigidat quae prius erat impedita,
