2350 3615
163 337 1894 412 pecuniam principem in suos vsus conuertere permittit: nec vllo modo ex hoc eum reum tenet: procul
167 394 1891 452 dubio tamen lex diuina id prohibet: et si pecuniam illam quasi suam, & in vsus suos conuertendam de-
171 446 1882 510 tineat, eum in conscientia sua reum tenet. Vnde ex praecepto diuinae legis debet eam ad euitandum
161 497 1874 555 scandalum quanto potest occultius restituere. Sic enim propter periculum scandali etiam opera mi-
165 546 1879 626 sericordiae caueri possunt ne in aperto fiant: & etiam ad tempus ne fiant: quia licet semper obligant, non
176 608 1885 664 tamen ad semper. Vnde glossa super illud Matthaei decimooctauo. Vae illi per quem scandalum venit
164 659 1883 723 Quod sine peccato possumus facere, debemus facere, pro vitando scandalo proximi. & Lucae decimosepti-
164 716 1877 776 mo dicitur. Nota quod inquantum potest sine peccato vitari scandalum proximi, debet. Sed si omnino si-
172 769 1888 836 ne scandalo nec occulte restituere posset: quod vix posset contingere: posito tamen quod sic, hic credo adhuc
168 817 1886 881 dicendum quod animo retinendi ne scandalum fiat, & restituendi cum opportunitas sine scandalo occur-
155 868 1884 943 ret: debet & potest detinere, & non restituere, & debet facere quod in se est, vt illi vel haeredi suo ipse vel
166 928 1873 985 aliquis loco sui quandoque restituat. Sed quod animo conuertendi in vsus suos & sibi appropriandi de-
160 981 1875 1036 tineat: cum nulla lex illud eum contra diuinam iustitiam facere iubet: nec periculum aliquod scanda
165 1030 1881 1091 li ad hoc volendum eum compellat: nullo modo licet. Vnde posito per impossibile quod populus animum
167 1086 1878 1144 suum de restituendo sciret: & nisi animum mutaret vt sibi illam pecuniam appropriare vellet, popu-
153 1131 1871 1201 lo scandalum fieret: in hoc casu si contingere posset, princeps potius scandalum oboriri deberet per-
159 1194 1880 1266 mittere, quam veritatem vitae derelinquere, quod enim indifferenter fieri potest vel non fieri sine peccato, sal
162 1247 1874 1317 ua triplici veritate, vitae scilicet, iustitiae, & doctrinae, omittendum est ne scandalum fiat. Sed si in aliquo
155 1296 1876 1375 faciendo vel omittendo ne scandalum fiat, qualecunque fuerit, siue ex infirmitate: siue ex ignorantia: si
169 1358 1879 1422 ue ex malitia, si in periculo ex hoc fit aliqua dictarum trium veritatum: veritas teneatur: & quod fa-
163 1416 1875 1473 ciendum est fiat: vel quod omittendum est omittatur: & scandalum inde oriri permittatur. Talis enim
166 1459 1878 1538 occasio scandali est non actiue sed passiue solum: & ex tali facto, quod nullo modo eum dimittere licet. Vn
168 1512 1875 1583 de dicit Gregorius super Eze. Si de veritate scandalum sumitur: vtilius permittitur nasci scandalum,
178 1561 1871 1646 quam veritas relinquatur. & Bernardus in epistola ad Drogonem. Melius est vt scandalum oriatur quam ve
168 1619 1878 1692 ritas relinquatur. Vnde si scandalizentur auditores: quia magister docet veritatem optimam ad do-
172 1672 1872 1748 cendum, non debet dimittere propter scandalum: quia veritas doctrinae esset in periculo. Si etiam reus
167 1730 1876 1789 & amici eius scandalicarentur: quia iudex profert contra eum iustam & optimam sententiam: non de
169 1775 1876 1852 bet dimittere propter scandalum: quia veritas iustitiae esset in periculo. Si scandalizentur parentes
168 1835 1877 1900 quia post votum non exeas religionem vel nubere non vis: non debes votum dimittere propter scan-
167 1892 1877 1964 dalum: quia veritas vitae esset in periculo: sicut esset in proposito. Recedere enim a proposito restitu-
159 1946 1870 2008 endi alienum retinendum, contra conscientiam & ius diuinum, est in periculo, immo in subuersione
160 1989 1867 2068 veritatis vitae. AD primum in oppositum, quod possidet illam pecuniam auctoritate legis: Dicendum
172 2047 1873 2133 quod verum est legis humanae permittentis: quae non omnia mala prohibet maxime occulta: sed non prae
165 2107 1862 2176 cipientis, vt dictum est. Nunc autem licet quod praecipit non est nisi bonum & iustum vt dictum est: ma
163 2148 1864 2224 lum tamen bene potest esse quod permittit: & per diuinam legem puniendum, & ideo nullo modo faci-
155 2214 1864 2287 endum vt dictum est. AD secundum: quod princeps non debet eam restituere: quia accepta est non so
158 2255 1874 2351 lum in fauorem principis: sed etiam in odium criminis: verum est quando crimen est in veritate com
156 2308 1874 2396 missum. tunc ex praecepto legis diuinae debet illam pecuniam exigere in toto vel in parte: secundum
159 2362 1877 2454 quod ei videbitur expedire: & similiter eam detinere ne peccatum maneat impunitum, & ne facilitas ve
159 2424 1871 2499 niae incentiuum tribuat delinquendi. Vnde bonum quod hic forte quandoque lex humana permittit non
161 2471 1869 2557 fieri, lex diuina praecipit fieri. Quando vero crimen non est in rei veritate commissum: & hoc nouit prin
156 2535 1869 2605 ceps: licet innocens ordine iuris legitime sit conuictus, tunc debet in odium criminis ad terrendum ali
160 2574 1866 2658 os, & ne scandalum fiat, pecuniam exigere: & non nisi animo tamen restituendi eam detinere, secun-
155 2636 1868 2707 dum expositum modum: quia nihil iuris in ea habet secundum legem diuinam: licet secundum legen
157 2683 1867 2763 humanam deceptam falsis probationibus vel suspitionibus. Lex autem decepta nihil iuris confert co
155 2729 1869 2821 ram deo in conscientia: licet tantum iuris conferat: quod contra eius edictum nuilus impetitur in iudicio
147 2787 1866 2861 humano. secundum quod priuilegia & dispensationes per fraudem, vel tacita veritate, vel per importunita
151 2849 1860 2921 tem obtenta coram deo neminem a crimine excusant in ecclesia triumphante: licet ab inquietatione
160 2892 1857 2981 defendunt in ecclesia militante: vt infra dicemus loquendo de dispensationibus. ARgumentum in
150 2949 1858 3028 oppositum non probat nisi quod princeps non possit tenere bona illius innocentis tanquam propria animo re
153 2994 1852 3087 stituendi. quin tamen possit ea ei auferre & detinere: quousque sine scandalo possint restitui: non probat.
146 3053 1565 3119 licet enim in hoc puniat innocentem sine culpa, non tamen sine causa vt dictum est.
