2445 3745
159 363 1927 438 datur nondum habetur quomodo habenda est. Per talem enim beneuolentiam incipit per amoris
157 428 1934 498 actionem generari habitus amicitiae ad proximum: quem sibi similem in virtute vult fieri: & vni
149 482 1930 539 uersaliter omnia bona quae sibi. Hinc de beneuolentia loquens dicit philosophus nono ethicorum.
149 535 1929 602 Videtur vtique principium amicitiae esse: & amicos non possibile esse nisi beneuolos factos. Et quia non suffi
153 588 1922 652 cit bonum velle proximo vt ad ipsum habitus amicitiae generetur, sequitur secunda actio: quae
149 644 1922 710 est beneficentiae qua erga proximum operatur vt in eo virtus communicetur, & alia bona quae
149 700 1922 762 sibi vellet communicari. Vnde dicitur nono ethicorum. Ponunt amicum volentem & operantem.
156 752 1920 815 Vnde Tullius de amicitia. Faciendum, imitandumque est omnibus: vt siquam praestantiam virtutis, inge
155 805 1923 867 nii, fortunae consecuti sunt, impartiant, communicentque eam cum suis. Per hoc enim similes effi-
151 858 1922 921 ciuntur. Similitudinem autem sese amantium requirit amicitia. dicente Tullio ibidem. Dispares mo
153 909 1924 981 res disparia studia sequuntur, quorum dissimilitudo dissociat amicitias. Nec ob aliam causam
148 968 1923 1030 vllam boni improbis, improbi bonis amici esse non possunt, nisi quod tanta est inter eos quam maxima
150 1023 1925 1087 potest esse studiorum distantia. Vnde & in eis quae sunt bona fortunae, adaequare se debent ami-
156 1087 1920 1143 ci pro posse. Vt enim idem dicit ibidem, qui in amicitiae coniunctionisque necessitudine superio-
148 1127 1921 1198 res sunt, exaequare se cum inferioribus debent. Sed licet quis beneuolentia & beneficentia vtatur erga proxi
152 1188 1929 1245 mum vt ad eum amicitiam concipiat: si tamen non confidat de proximo vt ei vices readamando &
153 1242 1928 1301 reamicando reddat, perfecta & firma esse non potest. ldeo vt perfecte in quocunque habitus ami-
152 1289 1925 1351 citiae generetur, oportet quod de proximo talia confidat qualia de se erga proximum sentit. dicente
154 1349 1921 1406 Tullio de amicitia. Firmamentum stabilitatis constantiaeque eius quam in amicitia quaerimus, fides est.
149 1401 1926 1462 Nihil enim stabile est quod infidum est. Quae vt perfecte habeatur, debent amantes sua pectora sibi
148 1455 1930 1519 aperire. Vnde ibidem. Nisi apertum pectus videas tuumque ostendas, nil exploratum habeas. Per hoc
148 1505 1926 1558 enim repellitur omnis fictionis & contrarietatis suspicio. quod necessarium est ad perfectae amicitiae gene
143 1552 1922 1612 rationem. Vnde ibidem. Est viri boni haec duo tenere in amicitia. Primum nequid fictum sit neue simula-
146 1609 1927 1673 tum: deinde non solum illatas ab aliquo criminationes repellere oportet, sed ne ipsum quidem esse
153 1667 1923 1722 suspiciosum. Per quae omnis controuersia ab amicis tollitur: quod requiritur ad veram amicitiam. di-
151 1721 1919 1778 cente philosopho octauo ethicorum. cap. xx. Qui propter virtutem amici existunt, in operari adin
153 1774 1923 1836 uicem prompti sunt. Ad haec autem tendentium non sunt accusationes neque pugnae. Et quia talis expe
155 1829 1924 1881 rientia non habetur nisi ex multis actibus, ideo non cito generatur vera amicitia. dicente philo
158 1882 1931 1947 sopho. viii. ethicorum. Indiget tempore & consuetudine. Secundum prouerbium enim, non est sci
148 1940 1927 2002 re adinuicem, ante sal comedere: neque acceptari oportet prius, neque esse amicos, antequam vterque vtrique ama
151 1990 1929 2058 bilis appareat & credatur: non sunt autem si non amabiles, & haec sciant. Voluntas igitur velox
152 2044 1932 2110 amicitiae: amicitia autem non. vbi dicit Commentator. Forte est quando ex pauca conuersatione
149 2098 1933 2165 cognoscit aliquem studiosus, sed tamen & latebit vtique vt ad aliquid benignos proponens sermo-
148 2148 1925 2214 nes. Amici enim non possunt seinuicem cognoscere antequam simul tantum conuersentur, vt pariter mul
156 2213 1927 2268 tum salis comedant. quoniam oportet conuersari adinuicem: & scire eam quae adinuicem bene-
154 2262 1929 2317 uolentiam. Credent quidem adinuicem beneuolos esse experientiam assumentes. EX exercitio
166 2303 1927 2372 igitur horum trium beneuolentiae, beneficentiae, & confidentiae in actione amandi generantur ha
152 2367 1929 2434 bitus quidam connectentes inter se amantes & ad vnitatem quantum possibile est redigentes. dicen
154 2418 1934 2485 te philosopho nono ethicorum cap. v Ad amicum habere quemadmodum ad seipsum. Est enim
153 2475 1917 2541 amicus alius ipse. Nam vt ait Tullius, vis amicitiae in eo potest vt vnus animus fiat ex pluri-
152 2523 1930 2582 bus. Quid dulcius quam habere cum quo omnia audeas loqui sic vt tecum: quis esset fructus in rebus
157 2579 1924 2652 prosperis, nisi haberes illum qui illis aeque vt tu ipse gauderet. Aduersas res ferre difficile esset fine
154 2635 1920 2701 eo qui illas etiam quam tu grauius ferret. Propter quod amicitia omnia virtutum opera in commune ex
153 2682 1915 2747 ercitium deducit. Dicente enim Tullio, Amicitia nihil aliud est quam omnium diuinarum rerum hu-
157 2749 1924 2811 manarumque summa cum beneuolentia & charitate consensio. In quo perficitur aliarum virtutum
162 2803 1928 2865 operatio, quia aliarum virtutum opera sunt vt simpliciter fiant: amicitiae autem opera sunt, vt
164 2849 1928 2923 in communem vtilitatem sese amantium producantur, vt idcirco nullus sine amicitia actus
165 2910 1924 2975 virtutis possit esse perfectus. propter quod continue subdit. Nec sine amicitia vlla pactio esse potest. &
150 2960 1925 3024 infra. Virtutum enim adiutrix amicitia a natura data est: vt quando solitaria non posset virtus ad summa parue
156 3020 1927 3080 nire, coniuncta & sociata cum altera perueniret, quae quidem altera amicitia est. Propter quod quantum ad exer
165 3063 1927 3133 citium operis respectu aliarum virtutum est virtus quaedam generalis, & pers principalis iustitiae generalis, reddens vnicui
162 3127 1931 3190 quod quid suum est, & implens illud naturae praeceptum. Quod tibi vis fieri hoc feceris alii, quod tibi non vis fieri non fe
166 3174 1939 3234 ceris alii. Propter quod dicit Tul. Solem de mundo tollere videntur qui amicitiam de vita tollunt: quae populos vni
162 3224 1935 3313 uersos tueri, eisque consulere soleat optime. cum de virtute iustitiae generalis dicat philosophous
