2412 3735
491 298 2272 394 cognoscere talem entem quam eligere siue velle talem esse: Dicendum quod reuera perfectius est scire talem enam
491 382 2269 438 tem in praesenti, quam velle se talem fore pro futuro: & etiam quam velle se pro futuro scire talem fore, multo ta
497 439 2276 505 men perfectius est velle se talem esse in praesenti quam scire se talem esse in praesenti: & etiam perfectius est velle pro
491 487 2274 560 praesenti se scire quod talis est in praesenti quam scire se talem esse in praesenti: & adhuc multo perfectius est vel
491 541 2274 601 le propter beatitudinem voluntatis quae consistit in actu amandi, se talem esse in praesenti: & etiam velle se sci
495 600 2269 668 re quod talis est in praesenti, quam velle se talem esse in praesenti absolute: & quam velle absolute pro praesenti quod talis
497 651 2278 713 est in praesenti: quare & multo fortius quam scire absolute quod talis est in praesenti. Perfectius est enim velle se
501 704 2271 760 esse perfectum virtutibus siue velle pro praesenti scire se esse talem propter beatitudinem: quam scire se vel
496 753 2274 824 esse perfectum absolute. Perfectius igitur est in proposito velle se esse siue velle scire se esse perfectum
504 811 2278 882 visione dei secundum intellectum propter eius fruitionem secundum voluntatem, quam scire se entem tale scilicet perfectum frui
488 870 2280 936 tione dei, & etiam quam scire se esse perfectum visione dei propter eius fruitionem: & etiam quam esse perfectum visione
493 921 2272 986 dei absolute: & quam scire se esse perfectum visione absolute. Vnde quid dictum est secundum illos in soluendo quod
502 976 2267 1041 voluntas non est motus in rem propter ipsam: sed propter rei ab intellectum consecutionem: falsum est vt
500 1024 2277 1099 patet ex dictis. ltem quod assumitur quod intellectu perfectius attingitur finis: et ideo voluntas aliquali-
493 1090 2269 1154 ter perficitur perfectione intellectus: totum falsum est: vt patebit ex sequenti quaestione. Falsum est etiam quod
493 1136 2276 1201 non formaliter adhaeremus deo voluntate sed intellectum: & quod charitas non sit suprema virtus nisi in via
500 1199 2277 1259 & in merito respectu praemii: quid aperte falsum est. Hugo enim de sancto Victore sup. vi. c. caele. hierar-
499 1242 2271 1313 chiae quaerens de nomine Seraphin quare ab incendio charitatis denominatur, dicit. sic. Fieri potest vt li-
494 1307 2275 1362 cet omnia virtutum dona superiores ordines excellentius possident: ab his tamen quae inter virtutum dona
500 1354 2270 1418 sublimiora solum cognominationem trahant. Scimus enim de scriptura quod inter omnia virtutum dona
501 1404 2264 1475 charitas excellit. Propter quod consequens erat vt ille ordo qui omnium eminentissimus est: a charitate so
496 1456 2275 1520 la sumeret singularem in sui discretione appellationem, quia enim cognitio veritatis post amorem, proxima
499 1512 2278 1579 dignitate cognoscitur: idcirco ab ipsa qui dignitate secundi sunt post primos angelici spiritus cognoscuntur:
499 1561 2286 1637 Ecce quod non loquitur de charitate amore & cognitione siue visione nisi patriae. Angeli enim non sunt
505 1628 2277 1690 viatores: de quorum charitate, amore, cognitione, visione, ista dicit: & tamen charitatem caeteris donis pro sta
505 1674 2277 1734 tu patriae praefert & amorem cognitioni. Vnde non est simile de iuuamento per logicam ad scientias demon
501 1727 2282 1796 stratiuas: & per charitatem ad visionem: nisi illa esset de numero illarum, sicut charitas est de nu
495 1782 2274 1850 mero supremorum donorum. tunc enim logica esset perfectior caeteris scientiis demonstratiuis si-
508 1836 1051 1897 cut & charitas caeteris donis.
837 1879 2274 1946 Irca Tertium arguitur: quod magis vnitur intellectus intellecto quam voluntas volito:
843 1946 2276 2016 sic. quia ex illis sit magis vnum. Intellectus enim vnitur cum intellecto per modum in-
850 1996 2277 2069 formantis: volitum autem voluntati non nisi per modum terminantis. & plus
850 2054 2279 2116 vnitur rei quod ipsam informat ab intra quam quid ipsam tantum terminat: quasi ab extra.
847 2110 2276 2163 CONTRA. vnio voluntatis cum volito realis est. Vnio vero intellectus cum
835 2152 2273 2232 intellecto est secundum rationem tantum. Probatio. quia obiectum voluntatis habet
500 2213 2277 2287 rationem boni: quae realis est. Obiectum autem intellectus habet rationem veri: quae non nisi secundum
501 2274 2273 2338 rationem est solum: quia bonum & malum sunt in rebus: verum autem & falsum nisi in anima & in
501 2323 2273 2390 consi dleratione, vt dicitur. vi. Metaph. Dicunt aliqui quod idem est obiectum voluntatis & intellectus
504 2383 2278 2447 differens ratione tantum, quia est obiectum intellectus vt est quiditas realis secundum se, est vero obiectum
506 2432 2273 2500 voluntatis vt est bonum apprhensum secundum quod apprihensum. et ita vt est quid rationis. non enim vult voluntas rem
510 2483 2273 2564 nisi secundum quod cognitum quid est. Intellectus autem intelligit rem secundum quod secundum se aliquid est. Maior
503 2539 2277 2612 est autem vnio cum obiecto aliquo inquantum est reale quid: quam inquantum est quid secundum rationem tantum. Quod non opor
501 2590 2277 2659 tet: quoniam idem obiectum vtriusque est secundum quod est aliquid reale. Ratio enim veri & ratio boni non sunt
507 2645 2275 2709 obiecta intellectus & voluntatis: sed res ipsa sub ratione veri est obiectum intellectus: sub ratione autem
504 2696 2285 2765 boni, voluntatis. quamuis propterea dicitur coniter quod verum est obiectum intellectus: bonum autem voluntatis.-
507 2755 2279 2823 Quomodo autem maior est vnio voluntatis cum volito quam intellectus cum intellecto, alibi satis declaraui: nec
503 2807 2276 2883 oportet repetere: quia nihil noui audiui in contrarium nisi iam tacta: praeter vnum: videlicet quod illud dictum Hu-
504 2858 2268 2942 gonis super. vii. cael. hierarchiae. Intrat dilectio vbi scientia foris est, intelligitur de dilectione viae non patriae:
507 2924 2279 2991 quid falsum est. Hoc enim dicit ostendendo in seraphin propriam beatitudinem diuinae participationis ex eius
506 2978 2276 3040 nomine dicens sic. Ignem amoris concipiendo & praebendo calefacientes nominantur: nam quia in
512 3025 2278 3098 vnoquoque ordine discretio nominis singularem quandam ac, propriam notat habitudinis diuinae per
504 3087 2274 3146 ticipationem ex substantia sua probat dicens. Mobile enim semper eorum circa diuina & incessabile
506 3132 2276 3201 & calidum & acutum & semper fluidum &c. Vbi super illud acutum, dicit sic. Signat acutum im--
504 3197 2285 3277 petum quendam amoris ferentis se in amatum: & intrantis & penetrantis in ipsum. Amor enim vnum.
