2408 3702
558 252 2269 353 non habetur esse existentiae effectiue nisi a deo, tamen non subsistit nisi in vnico supposito in quo est par
563 341 2269 406 fecta ratio speciei: cum in nullo sit aliud esse speciei & aliud suppositi: & sic quod non possit esse aliud sup-
571 391 2265 446 positum angeli sub illa. SED quia hoc damnatum est rationabiliter: quia essentia siue naturasiue
556 443 2266 512 forma specifica ex se non est nisi ipsa: nec habet esse aliquod quod est aliud re ab ipsa: quia esse quod dicitur
551 499 2274 559 essentiae quod definitiua ratione exprimitur, cum dicitur quod definitio est oratio indicans quid est esse: omnino
557 553 2269 613 essentiale & naturale est ipsi essentiae, & est idem cum ipsa re, differens ab ea sola ratione: caetera autem
556 610 2282 672 omnia sunt ei aliquo modo accidentalia: cuiusmodi sunt esse in anima siue in intellectu vt in cognoscente: & esse
549 664 2274 728 in supposito existente extra animam vt in subsistente: cui non solum accidit esse existentiae quod habet in sup
554 720 2284 783 posito existente extra animam: sed etiam accidit ei quodammodo esse in ipso supposito. secundum quod hoc alias
552 780 2284 840 saepius exposuimus secundum Auic. Species enim ex se non habet esse in supposito, sed esse omnino indetermi
549 827 2290 894 natum: esse autem in supposito nullo modo habet nisi per hoc quod est effectus: & per hoc habet esse determina
546 883 2280 943 tum per quod descendit in suppositum, non per aliquid reale pertinens vllo modo ad naturam formae speciei:
555 938 2278 998 quemadmodum forma generis descendit in speciem per differentiam additam: vt aliquid reale pertinens ad
552 994 2284 1054 formam generis, eo quod forma generis in potentia habet essentialiter in se formam quae est differentia, & de est
552 1049 2273 1116 essentialiter in potentia totum quod est forma speciei: secundum quod etiam alias sufficienter declarauimus: sed per
551 1103 2283 1167 idipsum vt consideratur sub ratione determinati. Quare cum formaiquae ex se comnmunis est & indeter
547 1158 2283 1220 minata, non potest descendere in suppositum nisi aliquo modo determinetur in illud, quia aliter non
550 1217 2271 1282 esset suppositum quid determinatum sub specie quid tamen omnis ratio suppositi requirit: ita quod si ponatur suppo
554 1258 2275 1335 situm subsistere in re extra sine omni determinatione, implicantur contradictoria: scilicet quod esset de-
550 1320 2273 1384 terminatum & indeterminatum: & illa determinatio fit per aliquod esse non aliud ab ipso esse indetermi-
547 1384 2272 1445 nato: quod quidem esse determinatum non est vere accidens: licet sit extra rationem speciei: determinatio ne-
548 1429 2273 1495 cessario fit per aliquid. Si enim illud esset vere accidens, tunc suppositum sub specie non esset vnum nisi per acci-
555 1485 2282 1551 dens & nuilum per se: quod falsum est. Vnde secundum diuersum modum ponendi esse indeterminatum speciei i
550 1539 2282 1615 determinari in supposito. secundum hoc diuersimode ponitur species descendere in suppositum aut in sup
551 1591 2279 1661 posita. Sed hoc alio & alio modo dicunt fieri in formis materialibus & in formis separatis a materia.
546 1648 2280 1716 In materialibus enim dicunt quod verum est quod forma determinatur per materiam in qua habet esse & recipi: non
552 1712 2276 1774 vt consideratur ipsa materia in sua essentia simplici, sed vt est sub dimensionibus. Et hoc dupliciter
550 1757 2278 1826 quoniam in quibusdam formam substantialem in materia naturaliter praecedunt dimensiones interminatae: vt
548 1809 2273 1879 in generabilibus & corruptibilibus. In quibusdam vero forma substantialis in materia naturaliter praece-
546 1869 2276 1929 dit omnem rationem dimensionum, vt in corporibus caelestibus. secundum quod hoc plane dicit Auerro. in libel-
547 1913 2277 1987 lo de substantia orbis. In primis autem quia dimensiones quodammodo praecedunt formam substantialem in mate-
545 1974 2286 2033 riai materia sub ratione diuisibilis est subiectum suae formae: ita quod secundum vnam partem sui potest esse
549 2026 2285 2095 subiecta formae specificae secundum vnam determinationem quam habet ab illa: & non secundum aliam. sed secundum illam
549 2079 2283 2144 aliam potest esse aequaliter subiectum eiusdem formae specificae secundum aliam determinationem quam habet ab illa.
547 2139 2286 2204 Et ideo in talibus quia forma secundum vnam determinationem non necessario continet sub se totam suam
554 2189 2282 2255 materiam possibilem ad sui susceptionem, per materiam sit indiui duorum plurificatio sub vna specie spe
553 2250 2285 2315 cialissima: & recipit ipsa forma per hoc diuersa esse in diuersis suppositis. Et sunt aliqui sequentes di-
556 2297 2275 2368 cta philosophorum qui dicunt quod nullo modo alio potest species determinari ad supposita nisi per materiam & per
557 2358 2284 2424 consequens quod non nisi per materiam potest fieri formae specificae indiuiduatio: neque plurificatio per plura sup
565 2402 2284 2479 posita. Sed aliter in formis caelestium corporum & aliter in formis separatis immaterialibus. In primis enim
553 2459 2287 2532 dicunt quod etsi forma speciei quantum est ex se sit plurificabilis: vt forma solis & lunae, quia tamen continet
556 2523 2281 2583 in se totam materiam possibilem ad ipsam secundum vnicam determinationem: & hoc quia vt dictum est forma sub
557 2569 2282 2634 stantialis in talibus praecedit omnem rationem dimensionum & est materia subiectum eius subratione indi
556 2633 2281 2689 uisibilis: idcirco (ut dicunt) secundum philosopum in secundo de caelo & mundo: impossibile est formas talium plu
550 2680 2286 2746 rificari, & impossibile est omnino plures esse soles aut plures lunas: & quod deus non posset facere solem
560 2738 2285 2803 alium ab isto, neque lunam aliam ab ista. In formis autem separatis angelicis dicunt quod quia illae non sunt na
557 2789 2276 2858 tae determinari per materiam neque esse actus materiae, in ipsis nulla omnino est determinatio per materiam ne-
561 2837 2286 2908 que indiuiduatio: sed ipsae formae singulae in seipsis sunt quaedam supposita absque omni determinatione
555 2898 2280 2960 formae: ita quod in ipsis non differt essentia simpliciter & haec essentia: neque est aliud esse essentiae simpli-
556 2955 2290 3024 citer & huius essentiae, siue sermo fiat de esse essentiae siue de esse existentiae secundum quod iam tactum est.
600 3001 2291 3061 SED hoc totum falsum est & erroneum atque damnatum Parisii: & hoc rationabiliter vt iam tactum est
557 3055 2278 3119 circa formam separatam principaliter. Quid etiam falsum est circa formam corporum caelestium eteni licet sol
545 3113 2277 3180 continet totam materiam suam (quae ad formam solis est possibilis) iam factam: non tamen continet totam facien
548 3166 2287 3243 dam siue possibilem fieri adeo. Propter quid sicut deus potest facere materiam de nouo possibilem ad
