2431 3719
501 254 2281 320 quod est in contrarium i quod esse quod habet angelus perfectus iam factus, per se & essentialiter sequitur
510 317 2290 379 speciem angeli: dicendum quod aliquid sequitur speciem angeli aut ex praecisa natura & forma speciei
504 371 2288 440 angelicae, aut non nisi per aliquid aliud. De illo quod primo modo sequitur verum est quod non est nisi vni
506 421 2288 495 cum sicut vnica est essentia: & tale est esse essentiae indeterminatum: nequaquam autem esse essentiae deter
512 485 2283 548 minatum: illud enim non sequitur essentiam nisi per accidem scilicet per hoc quod est effectus dei & determi-
511 532 2291 601 nata in supposito. Vnde si secundum primum esse haberet species rationem suppositi, verum esset quod
506 589 2297 658 dicunt. hoc enim dixerunt philosophi. Et ideo dicebant quod in formis separatis non differrent essentia sim
514 639 2286 708 pliciter & haec essentia: neque esse essentiae simpliciter & huius essentiae: & quod omnino in eis non differunt
499 687 1766 749 essentia siue species. & suppositum: quod falsum esse patet ex iam dictis.
851 739 2290 819 Irca secundum arguebaturi quod deus posset aliquid facere quod nullo modo dece-
847 802 2290 857 ret eum facere: primo ex parte factibilis sic, Deus potest facere plures angelos sub vna
859 854 2300 912 specie, quia contrarium est articulus damnatus: quid tamen nullo modo decet deum
853 908 2299 966 facere: quia illud repugnaret perfectioni angelicae qua tota species in vnico indi
855 960 2292 1027 uiduo potest perpetuari. Plurificatio enim indiuiduorum non est nisi propter imperfe
816 1017 2293 1083 ctionem eius quod non potest perpetuari in vnico indiuiduo: vt patet in homini-
512 1063 2290 1136 bus. ergo &c. Secundo ex parte factibilis & facientis simul, sic. Factum a deo factum est meliori mo-
511 1125 2300 1191 do quo potest fieri secundum rectam rationem: vt patet per Augustinus qui dicit. iii. de libe. arbi. cap. vii.
507 1184 2287 1248 Credit humana anima deum fecisse quod vera ratione ab eo faciendum fuisse cognouit i etiansi hoc in
512 1234 2283 1298 rebus factis non videt. CNeque enim tu potes aliquid melius in creatura cogitare quod creaturae artificem
505 1281 2287 1352 fugerit) quare etsi caelum oculis videre non posset: & tamen ratione vera tale aliquid faciendum fuisa
505 1346 2287 1408 se colligeret, credere debuit factum esse quamuis id oculis non videret. Quare quod a deo factum est, me
509 1393 2289 1453 liori modo factum est quo potest fieri simpliciter. quia quid est melius simpliciter, est melius secundum
510 1450 2296 1516 rectam rationem: cuius contrarium nullo modo decet: & tamen posset illud facere: quia quod deus fa
513 1502 2300 1570 cit optimo modo potest facere modo minus bono tantum. ergo &c. CONtra, quod non decet deum incom
509 1555 2293 1617 ueniens est deum facere: quia omne indecens est inconueniens: minimum autem indecens in deo ma
512 1608 2290 1679 ximum est impossibile. secundum Anseius in libro cur deus homo, pri. cap. xx. ergo &c. DICENDVM ad
514 1665 2296 1725 hoc, quod secundum Tullium in primo de officiis, de officio duplex est quaestio. Vna pertinens ad finem: &
516 1720 2287 1775 est de bono & eius opposito quod est malum: vtrum scilicet quod propositum est sit bonum an malum: & duo-
515 1769 2286 1833 bus bonis propositis, vtrum illorum sit melius. Altera pertinens ad ea quae sunt ad finem: & est duplex
518 1834 2289 1897 quaestio: vna am scilicet factum vel faciendum sit honestum an turpe: & duobus honestis propositis vtrum
516 1883 2292 1943 illorum sit honestius: altera an factum vel faciendum sit vtile an inutile: & duobus vtilibus propo
510 1938 2286 1998 sitis, vtrum illorum sit vtilius. vt sint tria de quibus sit omnis quaestio in agibilibus & factibilibus
517 1984 2293 2040 quae sunt bonum, honestum, & vtile: quae sunt eadem cum illis, licens, decens, & expediens. Omne enim
520 2039 2293 2107 licens ex sua natura est bonum & econtrario: & omne decens est honestum & econtrario: & omne
519 2095 2294 2164 vtile est expediens, & econtrario. Omne autem decens siue honestum & omne vtile siue expediens
520 2147 2293 2205 est bonum: sed non econuerso. Aliqua enim ex se bona sunt & licita, quae tamen nec honesta sunt nec vti-
511 2195 2300 2259 lia. Omnia enim mihi licentidicit Apostolus: sed non omnia expediunt: & vere addi potest: neque hone
516 2258 2300 2324 sta sunt. Sed de vtili & honesto dubitatio est an omne vtile sit honestum & econuerso. de honesto
522 2305 2299 2372 autem determinat Tullius quod conflatur ex quatuor virtutibus cardinalibus. In omnibus enim operi
527 2360 2282 2431 bus virtutum consistit honestum: & quod ideo omne quod est vtile simpliciter ex natura sua: quia virtus
518 2415 2291 2484 consona est naturae est honestum, & econuerso. Non sic autem de vtili ex tempore quod appellatur
530 2468 2290 2537 commodum: quod in malis solummodo pugnat cum honesto. Quod enim est turpe, licet sit vtile, ne
526 2527 2299 2591 quaquam est eligendum: quia hoc secundum rectam rationem fieri non potest. quare cum deus nihil agit
523 2581 2296 2646 propter vtile commodum: & omnia secundum rectam rationem: in dei opere idem sunt bonum hone-
517 2622 2292 2698 stum & expediens. Quare, quia deus nullo modo potest facere quid non est bonum & expediens, nul
526 2684 2290 2738 lo modo potest facere quid non est decens siue decorum aut honestum. Verum ad clariorem huius
518 2736 2294 2794 intellectum habendum, Sciendum quod factum aliquod dicitur honestum siue decens ex duplici ordi-
516 2789 2302 2853 ne. Primo ex ordine quem habet ad facientis: secundo ex ordine ad aliud factum. Secundum primum
520 2845 2304 2905 ordinem bonus & sapiens nunquam facit nisi quod statum eius decet & honestum sit facere: & nunquam fa-
521 2899 2301 2956 cit quod non decet statum suum: quia illud est indecens statui suo. Vnde quia regem non decet in-
519 2950 2304 3023 trare cauponam & ganeam cum scurris & caeteris vilibus hominibus, rex sapiens hoc nunquam face-
521 3008 2299 3061 ret. Et secundum istum modum deus, quia est optimus & sapientissimus, nec facit nec potest facere
520 3055 2297 3128 aliquid quod non decet eum facere. Et de tali modo proprie proposita est quaestio. Secundum ordinem secundum
523 3112 2305 3187 aliquid dicitur decens siue honestum dupliciter, quid patet ex eius contrario, quod est indecens siue in-
