2455 3700
218 246 1987 330 purum malum fuit. Et vt dicit in epistola ad Robertum. Quid tibi frustra quispiam blanditur de ab
213 316 1985 383 solutione apostolica, cuius conscientiam diuina ligatam tenet sententia: Plura ergo beneficia tenere
213 370 1992 431 simul necessario est de bonis mediis. SED aliqui non distinguendo media bona dicunt quod omnia sunt
211 421 1992 494 talia quod quantum est de se, neque bona sunt, neque mala: bonitate dico moris: sed omnia indifferentia & li
218 485 1981 545 cita quantum est de se, licet non semper expedientia. lta quod sint illicita: hoc non est nisi ex sola prohibi-
214 534 1992 602 tione: sicut erat illicitus primo homini esus ligni vitae post prohibitionem, qui erat indifferens ante pro
218 585 1987 643 hibitionem, & medius inter simpliciter bonum, & simpliciter malum. Sic ergo dicunt quod plures prae-
222 639 1987 701 bendas habere simul, si non esset prohibitum: non esset magis malum neque illicitum habere duas, quam habere
223 698 1986 760 vnaim: sicut non est modo magis illicitum habere vnam magnam, quam habere vnam paruam. Sed hoc vt
223 746 1988 806 videtur non potest stare: immo de mediis videtur esse distinguendum: licet Bernardus non distin-
215 798 1980 868 guat: quia nihil ad suum propositum erat: quia illicitum quod intendebat dissuadere: erat de malo in ex-
217 852 1984 910 tremo: vt patet inspicienti epistolam. SClendum quod mediorum inter bonum simpliciter licitum, & ma
212 905 1990 965 lum simpliciter illicitum, est triplex medium. Quoddam quid est simpliciter bonum & licitum, malum au
218 961 1985 1020 tem in casu. Quoddam vero quod est simpliciter malum & illicitum, bonum autem in casu. Quoddam
226 1013 1993 1071 vero medium inter ista duo, quantum est de se indifferens omnino, neque bonum simpliciter, neque ma
213 1066 1993 1133 lum simpliciter, & ita licitum per indifferentiam quod ex casu posset esse bonum: & ita licitum quo ad quid
210 1118 1990 1189 sicut erat tactus ligni scientiae boni & mali, qui quantum est ex se, omnino fuit indifferens. fuisset autem
214 1171 1997 1242 bonus & licitus tanquam opportunus ad tactum, si fuisset praeceptus: sicut malus fuit & illicitus tanquam per
211 1228 1991 1295 niciosus ad tactum postquam fuit prohibitus. Ad istud genus mediorum omnia media illi reducebant: &
216 1279 1996 1352 de tali genere dicebant esse pluralitatem praebendarum habere. Sed non est ita. praedicta enim duo ge
221 1337 1995 1405 nera mediorum inueniuntur in rebus diuersis omnino ab isto tertio, & de altero illorum est plurali-
221 1392 1984 1458 tas beneficiorum, vt patebit. Est igitur aliquid bonum simpliciter & absolute: quia est de genere legis
219 1440 1986 1500 naturae, quid tamen malum potest esse in casu. Verbi gratia. Ordo graduum ecclesiasticorum qui est ex
223 1496 1985 1562 lege diuinae ordinationis, & ita simpliciter bonus, & ad instar hierarchiae caelestis ordinatus, bonus est
222 1548 1986 1610 simpliciter: secundum quod dicit Bernardus libro tertio de Consideratione, ad Eugenium Papam loquens.
219 1601 1988 1661 Erras si vt summam ita & solam institutam a deo tuam apostolicam potestatem existimas. Non tua
214 1654 1988 1716 sola potestas a domino, sunt & mediocres, sunt & inferiores. Nec vilem reputes formam hanc: quia in
206 1713 1987 1778 terra est: exemplar habet in caelo. sicut illic seraphin & cherubin ac caeteri quique vsque ad archangelos &
218 1758 1985 1822 angelos ordinantur sub vno capite deo: ita hic quoque sub vno summo pontifice primates, vel patriarchae,
217 1817 1997 1884 archiepiscopi, episcopi, presbyteri vel abbates & reliqui in hunc modum. Non est paruipendendum quod
211 1870 1991 1934 & deum habet auctorem, & de caelo ducit originem. Quia si dicat Episcopus: nolo esse sub archiepiscopo
217 1921 1984 1985 aut abbas, nolo obedire episcopo: hoc de caelo non est: nisi tu forte angelorum quempiam dicentem audi-
207 1976 1985 2046 sti, Nolo esse sub archangelis. Est ergo plane talis ordo simpliciter bonus: quia de iure diuino & legis na
216 2030 1985 2092 turae. & tamen potest esse malus in casu: vt non expediat quod iste abbas sit sub illo episcopo. vnde & in hoc
214 2081 1985 2156 papa dispensat: & abbatem eximit ne sub episcopo sit. Et ideo Bernardus quia visus est sic ordinare di
213 2135 1994 2199 ctos ordines ex iure diuino, sibiipsi opponens subdit: exponendo quando in talibus dispensatio habet
215 2186 1982 2255 locum & quando non dicens. Quid inquis: prohibes dispensare: non sed dissipare. Non sum tam rudis
214 2253 1984 2310 vt ignorem positos vos dispensatores: sed in aedificationem non in destructionem: vbi necessitas vrget,
215 2297 1991 2358 excusabilis dispensatio est: vbi vtilitas prouocat, dispensatio laudabilis est. vtilitas dico communis non
223 2357 1990 2423 propria, nam cum nihil horum est, non plane fidelis dispensatio, sed crudelis dissipatio est. Vult ergo
218 2403 1982 2471 quod in illo ordine simpliciter bono, & de iure diuino in casu rationabiliter dispensandum est: vt plane di-
215 2454 1995 2523 cit in epistola ad Medistanenses. Plenitudo inquit potestatis super vniuersales orbis ecclesias singulari
214 2521 1992 2586 praerogatiua apostolicae sedi donata est: potest si vtile iudicauerit, nouos ordinare episcopatus vbi ha
205 2561 1994 2629 ctenus non fuerunt: potest eos qui sunt, alios deprimere alios sublimare prout ratio sibi dictauerit. ali
214 2622 1994 2687 as enim non reputat Bernardus dispensationis: sed potius dissipationis: secundum quod ante praedi-
215 2677 1989 2734 cta ad Eugenium praemisit dicens. Subtrahuntur abbates episcopis, episcopi archiepiscopis, archiepi-
206 2721 1993 2789 scopi patriarchis siue primatibus. bona ne species haec: Mirum si excusari queat vel opus. Sic factitando
219 2777 1997 2847 probatis vos habere plenitudinem potestatis: sed iustitiae forte non ita. facitis hoc quia potestis: sed vtrum
214 2837 1999 2899 & debeatis, quaestio est. & infra. At quomodo non indecens tibi voluntate pro lege vti: & quia non est
216 2884 1996 2949 ad quem appelleris, potestatem exercere, negligere rationem: Et infra. Nolo autem praetendas mihi
218 2935 1994 3004 fructum emancipationis ipsius. Nullus est enim: nisi quod inde episcopi insolentiores, monachi etiam dis
219 2989 1993 3059 solutiores fiunt: quid quod & pauperiores: Patet ergo quod aliquid est simpliciter bonum, & tamen in casu non
213 3044 1996 3103 expedit: & quod tunc in eo dispensari potest & debet. Econtra patet aperte quod aliquid est simpliciter malum
221 3104 1993 3182 vt hominem occidere: & tamen in casu est bonum: cum quis est publicus hostis. in quo dispensat cum iudice
