2389 3722
139 299 1914 376 sicut & illi confitentur, per esse debeamus intelligere principium siue deum eo modo quo ipse est esse
143 374 1909 434 omnium. scilicet non formaliter sed causaliter: quia. scilicet omnia dicuntur esse per ipsum, quid sufficit nobis ad propo
144 426 1901 484 situm nostrum contra illud argumentum. Vel si velimus secundum aliam expositionem dictum illud esse de solo
146 481 1903 538 esse creaturae: et dicere quod diuersum est, esse & id quod est: dicendum quod non intelligitur ista diuersitas de di
138 532 1902 587 uersitate secundum rem, sed tantum vel de diuersitate secundum rationem, vel de diuersitate secundum intentionem. Compo
141 587 1903 657 sitio enim in creatura non semper intelligitur ex diuersis secundum rem, secundum quod dicit idem Commenr. Est igitur
137 645 1892 702 intelligendum quod secundum iam dicta superius & secundum illos, esse vno modo dicit esse essentiae praedicamenti
138 697 1900 749 alio modo dicit eius existentiam. Loquendo de esse primo modo: vno alio modo a praedicto exponitur di-
141 748 1903 807 ctum Boetii, quod diuersum est esse & id quod est: quia quaelibet res creaturae per rationem ipsius esse quid
143 802 1903 867 indeterminatum est, nec determinatur ad genus, sed solummodo per rationem suae essentiae in qua tale
134 858 1898 911 esse est quaedam diuina participatio secundum rationem causae formalis exemplaris. Vnde secundum Conmen. homo
139 905 1900 967 humanitate non habet esse, sed tantummodo esse aliquid. Et secundum hoc aliquando diximus in quaestione quadam
136 964 1902 1025 de praedicamentis in conmuni, quod praedicamentum nominat aliquid cui conuenit esse: & est quodlibet praedi
135 1017 1896 1076 camentum in ratione eius cui conuenit quod sit genus generalissimum: puta in eo quid est substantia aut
139 1069 1903 1129 quantitas aut huiusmodi compositum ex esse tali & eo cui conuenit esse. & est diuersum in eo esse &
143 1125 1900 1185 id quod est cui conuenit esse, sed hoc non sicut re differentia sed sicut differentia intentione tantummodo,
142 1179 1902 1243 vel ratione. Hoc quidem esse licet secundum praedicta sit prima rerum creatarum, quia tamen ex se non est determi
143 1230 1898 1290 natum ad genus, & per consequens nec ad speciem nec ad indiuiduum, ideo per se separatim absque essentia
135 1291 1901 1352 quae se habet ad illud per informationem creari non potest, nec est re aliud ab eo quod ipsum informat. Loquem
134 1340 1898 1408 do autem de esse secundo modo, tertio modo potest exponi dictum Boetii dicendo quod diuersum est esse & id quid
133 1396 1898 1451 est: quia quaelibet res siue essentia creaturae, includens in se esse secundo modo dictum per quid existit extra
133 1441 1899 1514 intellectum, est quaedam diuina prticipatio secundum rationem causae efficientis. & sic homo humanitate habet esse
141 1500 1893 1555 aliquid cui conuenit esse. sed hoc modo non sicut superius & magis commune essentiale conuenit suo
134 1555 1896 1617 inferiori & minus communi sicut conuenit esse primo modo homini: sed sicut accidentale quid suo sub
136 1606 1895 1665 iecto. Vnde si deus ad momentum subtrahat se vt causa efficiens & conseruans, a creatura vt a suo
130 1663 1898 1731 effectu, subito cadit in nihilum & in non esse oppositum esse actualis existentiae, non tamen in non esse oppo
135 1713 1895 1784 situm esse primo modo dicti. Sicut enim non potest cadere a sua essentia vt non sit essentia secundum praedicta:
129 1770 1893 1832 sic nec a tali esse: aliter enim non esset quid intelligibile, sed imaginabile tantum, vt chimaera vel hircocer-
142 1823 1897 1879 uus. Nec hoc esse oportet intelligere vt rem aliam absolutam ab ipsa essentia: immo est econuerso esse
129 1878 1895 1944 essentiae: quid sola ratione ab ipsa differt. Similiter nec esse existentiae oportet intelligere vt rem aliam ab-
128 1927 1901 1996 solutam ab essentia, sicut illi dicunt: sed sufficit intelligere vt intentione aliud. quodquidem esse tam primum
143 1981 1894 2047 quam secundum, quia nihil nisi respectum quendam addit super essentiam cuius est respectus, qui separatus esse
130 2040 1903 2099 non potest: idcirco per se separatim creari non potest, quod reuera posset si diceret rem aliam absolutam ab
138 2091 1891 2149 essentia cuius est. Tunc enim ex eo quod in se esset quaedam essentia secundum praedeterminata esset determina-
137 2147 1892 2209 tum ad genus, & per consequens ad speciem, & etiam ad indiuiduum sub specie, eo quod secundum quod dicunt illi, esset
131 2197 1884 2262 maioris actualitatis quam essentia cuius est: vt patet ex praedictis. ClRca sextum quo ad primum eius
137 2259 1886 2314 articulum sic procedunt dicentes, quod non possit creatura in nihilum redigi nisi differret in ea reali-
135 2309 1890 2367 ter esse & essentia, triplici via probamus. Prima ex ipsa creaturae productione: secunda ex conserua
139 2356 1890 2417 tione eius: tertia ex defectibilitate eius. Prima via, vt dicunt, sic patet. Nam quod esse secundum se pos-
133 2413 1894 2477 sit incipere esse, & quod actus secundum se possit incipere esse actu per se loquendo contradictionem implicat:
139 2468 1896 2534 quia semper haec est vera, esse est esse, & actus est actus. Si ergo actus vel esse incipit esse oportet quod sit
140 2531 1890 2586 tale quod non sit esse vel actus per se sed in alio. Ex hoc enim potest non esse, quia ab illo potest separa-
134 2574 1889 2638 ri. Oportet ergo quod omne esse vel actus creatus sit in alio receptum. creatura ergo non potest esse
141 2627 1891 2684 actus tantum, similiter nec potentia tantum, quia potentia tantum non potest actu esse, & sic est composita ex po
133 2681 1895 2738 tentia & actum, & hoc differentibus re, quia sicut non differunt sic non possunt separari: si ergo non dir
131 2733 1899 2796 ferunt realiter, realiter non possunt separari, quia nihil potest separari a se nec seipsum perdere: ergo &c.
196 2790 1890 2846 Et ego respondeo hic secundum praedicta quod esse si esset res absoluta, & actualitas alterius in se posset
132 2840 1882 2908 esse. Similiter quod dicitur de actu quod implicat contradictionem ponendo quod secundum se possit incipere esse,
131 2895 1890 2961 falsum est, & instantia est in anima rationali & in quantitate continua quae naturaliter actus sunt alte-
133 2952 1890 3012 rius: & tamen secundum se possunt incipere esse: quia deus potest illa secundum se creare, sicut potest ea a suis
134 3008 1902 3073 possibilibus separare. Quid autem arguunt ad illius probationem, quod haec semper est vera: esse est esse, &
128 3067 1896 3126 actus est actus: Dico quod licet hoc verum sit, esse tamen esse incipit actum: & actus incipit esse actum. sicut haec
132 3116 1900 3182 semper est vera, homo est homo: & tamen haec est vera: homo incipit esse homo. Illa enim semper est
126 3167 1903 3250 vera: homo est homo: vt ly homo in subiecto stat pro forma siue pro significato. Et similiter illa est vera
