2495 3702
512 274 2277 369 dispositione personarum. vt enim extra de electione Innotuit, dicitur, multa dispensationem inducere videntur: scien
506 364 2281 419 tia literarum, morum honestas, fama personae: & vt dicitur extra de praeben. de multa. circa sublimes & literatas
519 411 2294 482 personas quae maioribus sunt honorandae beneficiis, cum ratio postulat poterit dispensari. Et aduertendum
512 468 2283 528 est quod dicit cum ratio postulat: ne passim, & indiscreta fiat dispensatio, quia vt ibi dicit glos. Olim in curis
508 517 2283 573 & dignitatibus dispensabant epsei: sed hoc immutatum fuit propter indiscretas, & stultas dispensationes epi-
511 568 2282 627 scoporum. Vnde nec papa dispensare debet nisi iusta ratio hoc postulet. ita habitum est supra ex dictis beati
508 620 2285 684 Bernardi. Alias enim etsi ab ecclsia militante super eo quod dispensationem quis obtinet non inquietatur, coram deo tamen
508 677 2281 740 non assecuratur. secundum quod extra de voto, & vo. re. super cap. primum dicit glos. Non est securus quoad de
510 737 2283 799 um cum quo papa dispensat nisi subsit causa dispensandi: nec etiam securum est ipsi dispensanti, si dispensando
506 782 2284 839 cuiquam licentiam faciendi tribuat eius quid ei omnino non licet, aut non expediat, aut forte petenti modo quo nec
506 837 2283 895 liceat nec deceat. Cum enim quodlibet horum in se malum sit vel saltem facienti: nunquid ideo vt ait Bernardus ad
511 894 2279 959 Adam monachum: aut malum esse desiit aut minoratum est quod papa concessit: quis vero malum esse neget assen
506 946 2279 1010 sum praebere malo: & sic ouem in praecipitium erroris ire permittere, a quo cum diligentia eam reuocare deberete
500 999 2271 1054 Ne forte dicatur ei illud Ezechielis. Quid errabat non reuocasti, quid perierat non quaesisti. Sic enim vt dicit Augustinus
513 1050 2284 1111 in sermone de pastoribus, debet dicere pastor oui sic petenti licentiam errandi: tu vis errare: tu vis peri
510 1105 2277 1164 re, ego nolo. Non vult ille qui me terret si voluero, reuocabo errantem: requiram perditam: etsi me inquirentem
513 1162 2275 1217 lanient vepres syluarum: per omnia angusta ire coarctabo: omnes sepes excutiam: omnia peragrabo, reuoca-
512 1214 2280 1281 bo errantem atque pereuntem requiram. Si me pati non vis, noli errare: noli perire. Parum est quod doleo
508 1269 2276 1333 te errantem atque pereuntim: timeo ne negligens te etiam quod forte est occidam. Quod tamen vt ait Ber-
514 1321 2280 1387 nardus in epistola vbi supra, pontificem fecisse non credidero nisi aut circunuentum mendacio, aut im
507 1371 2280 1435 portunitate victum, quando enim aliter huiuscemodi indulgentiam daret: tunc non esset dispensa-
510 1426 2276 1488 tio, sed crudelis dissipatio. Dico ex parte eius qui dispensari secum petit. EST autem hic considerandum
508 1478 2276 1537 quod alius est modus dispensandi in illis quae sunt prohibita quia mala: & in illis quae solum sunt mala & il
503 1528 2285 1591 licita quia prohibita. In malis tantum quia prohibita, dispensatio vt dictum est supra, nihil facit: nisi quod au-
510 1587 2280 1656 fert prohibitionem ipsam: & rem ipsam suae naturae relinquit: quae de se indifferens est, & ideo licita
507 1643 2276 1709 vt bene possit fieri post prohibitionims: cum propter prohibitionem non liceat. licebat autem quando
505 1698 2280 1760 cum licentia fiebat. In prohibitis vero quia mala, dispensatio non aufert solum prohibitionem relinquem
506 1754 2279 1813 do rem suae naturae: tanquam de se indifferentem: quae absque licentia non liceret: liceret autem si cum licentia
506 1802 2277 1865 fieret: sed cum hoc quod dispensatio aufert ipsam prohibitionem, determinat casus in quibus bonum est &
510 1857 2278 1913 licitum quod regulariter tanquam malum & illicitum vniuersaliter est interdictum: vt quo ad hoc secundum ista
510 1909 2280 1978 dispensatio non sit nisi iuris quaedam declaratio in particularibus factis in quibus dubium est: vtrum. scilicet perti-
510 1958 2274 2026 nere debeant ad aliquem casum dispensabilem in iure expressum, an ad aliquem alium qui forte non sit expres
509 2016 2280 2074 sus: vt tunc detur licentia facti secundum formam illius: vt qui habet vnum beneficium intitulatum
504 2071 2277 2140 teneat alterum tanquam conmendatum: vel qui habet duas intitulatas, teneat illas tanquam tenues respectu con
504 2123 2277 2193 ditionis personae: vel tanquam sit paucitas clericorum sufficientium ad alterum: vel tanquam vnum sit alteri an
504 2178 2269 2241 nexum, & siquis alius modus sit possibilis praeter istos. Et sic dispensatio proprie non est vnus modus
501 2231 2276 2290 distinctus ab aliis quatuor: sed coincidit cum quolibet & semper cum aliquo illorum in omni actu dis
505 2283 2276 2345 pensandi: & hoc vt dictum est non nisi in factis dubiis, si ad aliquem illorum casuum pertinent. cuius du
508 2338 2275 2400 bii determinatio pertinet ad industriam & auctoritatem solius dispensantis. & istud dubium cum in di-
504 2386 2275 2457 ctis casibus vel in aliquo eorum ex consuetudine facti est determinatum ex aliqua obseruatione in ali
502 2446 2270 2506 quibus beneficiis, tunc pertinet ad ius conmune: & non requirit dispensationem: vt vbi obseruatum est quod praebendae alicui ma
497 2504 2281 2563 ioris ecculsiae annexa est capella aliqua: cui confertur praebenda, simul & confertur capella vel siquid aliud sit annexum ei. Est
501 2552 2265 2615 n. ab initio facta illorum connexio propter eandem causam propter quam de nouo fieret de eis simul obtinen-
508 2604 2268 2666 dis dispensatio. vnde extra de praeben. super capitulum Exposuisti, tacta necessitate dispensandi in eo di
505 2662 2262 2728 cit glos. Propter talem necessitatem adiunguntur ecclesiae praebendae. Quia autem praedicta iuris expres-
504 2713 2259 2768 sio siue determinatio dicatur dispensatio: patet per hoc: quid extra de voto & vo. red. super illud capitulum.
505 2765 2271 2827 Non est dicendus voti transgressor qui quod vouit auctoritate apostolica distulit adimplere. dicit glos.
508 2819 2270 2876 Papa in votis non dispensat sed declarat: & tamen dispensatio appellatur, est enim quo ad hoc dispensa-
497 2874 2257 2930 tio: quod statutum iuris communis de pluribus beneficiis non simul tenendis, etiam prohibet ne in casibus
502 2935 2267 2994 dispensabilibus simul sine dispensatione teneant: nisi vbi ex antiqua consuetudine simul obtenta sunt
504 2980 2260 3050 in aliis enim non licet simul omnino plura tenere etiam in casibus dispensabilibus: nisi de licentia pa-
497 3032 2264 3099 pae vel habentis potestatem dispensandi: quia hoc de iure comni prohibetur: & quo ad hoc est dispensatio su
499 3096 2263 3155 per alias in se licitas: quia solummodo iuris commnis relaxatio, quod proprie loquendo est dispensatio. vt enim dicitur. l dist.
497 3141 2263 3215 super ca. Vt constitueretur, in glos. aliud est ius, aliud rigor, aliud dispensatio. Rigor est excessus & austeritas
