2453 3753
152 324 1921 401 & quod bsit b, aeternum sit & absque factione: similiter & quod c sit c. quod tamen essentia aliqua creaturae siue
154 394 1928 456 simplex siue composita sit in existentia actuali hoc habet a factione. Omnis enim essentia creaturae
156 438 1919 508 existens facta est, licet non est factum quod ipsa sit essentia. Vnde creare essentiam sicut non est facere quod
153 493 1913 552 essentia sit essentia, sic nec solum facere quod essentia sit sub esse. Similiter creare esse sicut non est face-
148 548 1918 627 re quod esse sit esse, sic non est solum facere quod esse sit in essentia. Similiter & de materia & forma, nisi po
153 600 1916 671 natur quod huiusmodi componentia secundum se habent esse ex se ab aeterno, sed de nouo componantur.
153 663 1905 725 Sed creare essentiam, vel materiam, vel formam, vel esse, si sit res aliqua absoluta, est facere ipsam
148 719 1913 782 essentiam, vel materiam, vel esse, vel formam: creare vero compositum est creare vnum illorum sub
149 759 1923 828 alio & vnum in alio. quae tamen creatio in alio & sub alio supponit creationem vniuscuiusque eorum
151 814 1923 885 secundum se, quamuis etiam alterum eorum non sit natum creari separatim. Et sic super essentiam simplicem crea
153 887 1916 944 turae non oportet ponere ad hoc vt sit in existentia actuali aliud quam ipsam factionem diuinae actionis,
149 934 1912 997 per quam in ea secundum actum fundatur saepe dictus respectus ad deum. Et sic nec oportet nec est possibi-
152 975 1915 1059 le imaginari imaginatione recta quod esse existentiae super essentiam creaturae aliquid nominet re di-
157 1034 1126 1106 uersum ab ipsa, sed solummodo respectum praedictum.
472 1044 1914 1154 Equitur vnicum propositum pertinens ad creaturarum reductionem in deum. Vtrum scil i.
477 1139 1917 1202 aliqua creatura posset transubstantiari in deitatem, puta substantia panis in sub-
467 1196 1910 1266 stantiam deitatis Christi, sicut transubstantiatur in substantiam corporis Christi. Et
476 1252 1917 1311 arguitur quod sic, quia ex hoc variatio nulla ponitur circa deitatem aut personalitatem
483 1300 1919 1370 Christi, nec inconueniens aliquod sequitur: ipsa autem deitas quantum est ex se potest esse
449 1348 1918 1410 terminus omnis actionis quae nullam mutationem ponit circa eam, aut inconveniens, quia
470 1413 1924 1476 ad ipsam immediate terminatur bonorum voluntas & cognitio per actus ipsorum volendi
152 1464 1906 1533 & intelligendi. ltem diuinum esse est quodammodo esse omnium, & hoc magis quam esse vnius creaturae sit esse
148 1521 1915 1585 alterius. Et similiter essentia dei est quodammo omnis essentia, quia omnium in se perfectiones continet: non sic autem
158 1582 1912 1644 vna creatura continet in se perfectiones alterius: vnumquodque autem magis natum est conuerti in sibi conue
147 1628 1910 1694 niens quam in disconveniens: cum igitur substantia panis conuertitur in corpus Christi, multo fortius potest com
150 1680 1904 1751 uerti in deitatem eius. CONtra, per conversionem id in quod sit conuersio de nouo existit vbi prius non
145 1733 1910 1804 existebat scilicet vbi prius erat id quod conversum est: propter hoc enim corpus Christi simul est in pluribus al
143 1784 1911 1859 taribus in quibus prius non erat: sed deitas nullo modo potest esse vbi prius non erat, quia ipsa semper
149 1855 1903 1911 est vbique: ergo &c. DIco quod sic est in conuersione transubstantiationis quod conuersum quia post conuer
141 1891 1907 1961 sionem non est nihil, eo quod per conuersionem non est omnino annihilatum, ideo necesse est ponere quod post conuersio
151 1963 1916 2015 nem sit aliquid, quia esse nihil, idem est quod non esse aliquid. Cuicumque ergo convenit quod non sit nihil siue
155 2012 1909 2078 quod non sit non aliquid: necesse est concedere quod ipsum sit aliquid: quia si non, stare posset contradictorus. scilicet quod
145 2070 1905 2125 non esset aliquid, & sic contradictoria essent simul vere. scilicet quod non esset non aliquid: & quod non esset aliquid.
151 2117 1907 2172 id ergo quod conuersum est, post conuersionem quodammodo est aliquid, quia non est nihil: sed hoc non
152 2166 1913 2228 quid erat prius, quia illud totum conuersum est: nec aliquid aliud ab illo in quod conversum est: vt nunc cum
150 2213 1908 2279 substantia panis conuertitur in corpus Christi sicut post conuersionem substantia pani s. i. quid fuit aliquando
140 2268 1903 2345 substantia panis non quod modo est substantia panis, non est panis: sic non est lignum nec lapis, nec aliquod caete
150 2323 1909 2400 rorum quae sunt aliquid aliud a corpore Christi. Oportet ergo sentire quod conversum post conuersionem sit
148 2390 1915 2443 aliquid, vt videlicet id in quod conversum est: vt verum sit dicere quod id quid fuit substantia panis sit corpus
152 2430 1911 2496 Christi: aut si hoc non concedatur, saltem oportet concedi quod secundum aliquem modum mirabilem, & forte nobis pro
148 2492 1909 2556 hac vita non plane intelligibilem, verum sit dicere quod id aliquid quid est corpus Christi, siue aliquitas corporis
149 2537 1912 2597 Christi (ut ita liceat loqu) sit aliquid eius quod fuit substantia panis: & per hoc etiam esse corporis Christi sit
143 2591 1899 2663 secundum eundem modum eius quid erat substantia panis. Aliter enim nullo modo posset dici quod conversum post conuer
146 2646 1904 2719 sionem esse aliquid sit, siue quod esse aliquo modo ei conveniret: immo oporteret dicere quod omnino esset annihilatum.
152 2698 1907 2777 Quia si sic, in omni ergo transubstantiatione aliquitas siue esse eius in quid conversum est per conversionem aliquo
145 2765 1903 2829 modo habet esse eius quod conversum: vt in proposito, eius quod fuit substantia panis. Quare cum substan-
144 2803 1897 2882 tia panis & vniversalter omne conuertibile per transubstantiationem in aliud, sit finitum in esse & quiditate siue aliqui
144 2870 1905 2941 tate, aliquitas autem dei sit infinita, & similiter esse eius sit infinitum, quae in infinitum excedunt quodlibet fi
140 2912 1901 2985 nitum: ei autem quod ex natura sua est omnino finitum, nullo modo convenire poterit esse quod est infinitum: vt per il
139 2970 1898 3047 lud infinitum dicatur esse aliquid & manere: & esse illud quoquo mod dicatur esse illius: idcirco ergo
140 3019 1901 3097 dico simpliciter quod nulla creatura potest transubstantiari in deitatem Christi. quid non solum facit infini
148 3074 1903 3144 ta distantia inter essentiam creatam & increatam, vt aliqui possent opinari, quia illa bene potest transiri
149 3132 1907 3202 siue absolui per actionem virtutis infinitae, a qua causatur omnis transubstantiatio: sed hoc facit infini
142 3183 1901 3275 tus excessus aliquitatis & esse dei super aliquitatem & esse creaturae: quia oportet quod illa quae sic
