2468 3746
149 257 1923 368 pontper suam substantiam esse in organo & praesens vi sensitiuae ad ipsam mouendam, oportet quod sit eiphisoenus
158 355 1916 425 per suam speciem: & quia non multiplicat suam speciem nisi per actum lucidi, & in lucido, immediate non potest spe
165 407 1914 477 cien suam facere in organo nisi per medium, vt dictum est. & tunc organum per speciem illam habentem vim eius cuius est
160 459 1917 520 immutat vim illam inclinando, vt dictum est. Intelligibile autem quia bene potest esse praesenus intellectui humano
161 513 1910 574 & angelico, licet aliter & aliter sm quod alibi declaratur: & infra dicetur in parte: res autem obiecta quando phiosenus potest
165 566 1901 638 esse multo melius mouet quam eius species, & est maioris virtutis & actiuitatis in agendo: propter hoc ex
159 632 1909 697 parte intellectus non debet poni species sicut ponitur ex parte sensus. Sed quemadmodumi sensu species
163 678 1904 740 existens in organo siue organum per illam speciem immutat vim sensitiuam ipsam inclinando ad percipiendum
155 733 1907 802 per actum sensationis ipsum obiectum sensibile: sic in intellectu intelligibile phieosephus sub ratione obiecti vniuer-
164 783 1909 847 salis vel in phantasmate, vel in habitu immediate immutat vi sua actiua ipsum intellectum inclinando ipsum
164 832 1916 901 ad se percipiendum peractum intellectionis: & dispositione illa qua sic est inclinatus, est dispositus vltimate
164 890 1914 952 ad eliciendum intellectionem tamquam suam, propriam operationem, non tanquam ad motum aut aliquam mutationem
165 944 1908 1002 quae est actus imperfecti sm quod imperfectum est: sed tanquam operationem quae est actus perfecti sm quod perfectum est.
154 999 1915 1063 PER haec patent argumenta. Cum enim arguitur ad vnam partem primo quod operationes huiusmodi sunt omnino ab agen
166 1045 1910 1113 te intra absque cooperatione agentis extra, falsum concluditur: & ad alteram partem quod sunt omnino ab agen
158 1105 1917 1168 te extra, similiter falsum concluditur: & sic ad singula respondendum est. Quid ergo arguitur primo quod actio vitalis
155 1160 1918 1232 non procedit nisi a viuente: Dicendum quod verum est vt a proximo eliciente ipsam, quia tamen eam non elicit in
160 1222 1921 1278 tellectus vel sensus nisi primo immutatus & ad hoc inclinatus ab obiecto vt ab agente extra, in cuius vir
159 1266 1920 1334 tute per dispositionem dictamactum elicit: ideo vt a primo agente dicitur esse ab obiecto. Quod quidem quia
160 1318 1916 1379 est extra animae essentiam & non in ipsa per aliquam impressionem, etiam si sit intra per praesentiam sm rationem ob
157 1378 1922 1442 iecti mouentis ipsum, dicitur mouens extra: inquantum tamen intelligibile est intra, & phaesenus sub ratione obiecti
160 1429 1911 1490 dicitur mouens intra: non sic autem ipsum sensibile: ideo respectu obiecti sensibilis obiectum in-
157 1480 1916 1550 telligibile dicitur esse mouens intra, & obiectum sensibile dicitur esse mouens extra: dicente philosopho in secundo de
155 1534 1911 1602 anima & comparante haec duo sic. Differt autem quod huius quidem accidentia operationis extra sunt visibile
164 1596 1905 1651 audibile, similiter autem & reliqua sensuum: cam autem est quia singularium sm actum sensus est, scientia autem vniuer-
162 1641 1910 1710 salium: haec autem in ipsa quodammo sunt anima. & ideo est quod quaelibet animae ex parte cognoscitiuae operatio, passio di
158 1692 1923 1763 citur, quia non elicit eam nisi per illud quid primo passa recipit ab obiecto. Sic etiam contingit ex parte irascibilis
162 1747 1916 1818 & concupiscibilis tam sensualis quam intellectualis. Non sic autem ex parte volitiuae, quae non requirit nisi praesentiam
165 1813 1912 1870 obiecti in cognitiua absque omni inclinatione facta in ipsa, qua necessario elicit suam: operationem, sicut
161 1861 1913 1927 contingit ex parte cognitiuae. Ad secundum, quod nulla actio transcendit speciem agentis: Dicendum quod verum
161 1916 1915 1976 est de actione quae est operatio quam operatur intra se: talis enim operatio propria est cuique sm suam speciem, vt de
164 1968 1911 2032 terminatur in fine quarti Metaphysicae & ideo obiectum siue sensibile siue intelligibile inquantum obiectum
168 2027 1919 2083 etiam si esset nobilius quam sit ipse intellectus, nullo modo operatur in sehuiusmodi operationem, sed in alio tantum: & hoc
168 2073 1916 2137 dispositiue. De operatione autem quam operatur in alio extra se & sicut agens primum disponens agens proximum, bene
162 2128 1910 2198 pont transcendere suam speciem in hoc quod agat nobiliorem operationem quam sibi competat operari iinseipso: & sic
160 2181 1903 2242 obiectum non viuum bene operatur in alio operationem vitalem: quemadmodum & caelum operatur in viuens per
170 2235 1902 2306 generationem naturalem licet in se non sit viuens. AD tertium, quod actio denominat agentem: Dicen-
165 2282 1904 2345 dum quod verum est quando est ab ipso vt ab agente proximo, etiam si non sit in eo secundum quod agens denomi-
159 2335 1909 2406 natur ab eo, quod non est secundum rem nisi in passo: quando autem est ab alio vt a proximoagente in quo est, non
167 2396 1911 2459 oportet. Nulla enim operatio alium denominat quam illum in quomodo est. Per idem patet ad quartum.
176 2446 1915 2514 Verum est enim quod nullius actionis sensibilis causa est natura corporalis vt agens proximo eliciens: be-
162 2496 1909 2571 nie tamen est agens primum, secundum dictum modum. & sic intelligitur dictum Augustini: quod anima ope
166 2556 1905 2620 rationem suam format in seipsa & sensibilem & intelligibilem ad praesentiam sensibilis & intelligi
160 2618 1914 2676 bilis. Dico autem ad praesentiam sensibilis & intelligibilis nonnihil facientis ad illam formationem, quia
168 2660 1918 2731 per inclinationem qua ipsam ad actum determinat dat ei vim: quodammo ad informandum seip-
160 2725 1916 2787 sam: & ita informando seipsam est mouens mota. Sine enim determinatione quam habet intellectus
160 2765 1917 2834 nunquam aliquid determinate intelligeret: Et si omnino nihil ab obiecto reciperet, omnino nihil intellige-
166 2827 1909 2888 ret. Et similiter ex parte sensus. Per idem patet ad quintum. Attribuitur enim actio vitae viuo vt
162 2877 1912 2943 actio calendi calido: quo ad hoc quod eius est vt principii proximi & in ipso: non tamen sic quod absque alterius actio
164 2937 1916 2995 ne praecedente a quo patiatur & disponatur ad actum, sicut calor calet, & lux lucet: in quo diffe-
167 2982 1915 3055 runt operationes cognitiuarum virtutum ab omnibus aliis. Ad argumentum in contrarium, quod
164 3047 1920 3111 tales operationes passiones sunt, Dicendum quod nec sunt passiones, nec proprie actiones, sed sunt proprie
163 3092 1920 3154 operationes: sed dicuntur passiones quia non eliciuntur a virtute nisi per hoc quod est prius passa ab obie
163 3148 567 3242 cto: sicut dictum est.
