2373 3708
109 324 1849 412 illa ponuntur: & tale consuetum est dici esse cam: per hoc talem substantiam vel tale subiectum dicunt esse cau
116 408 1847 464 sam talium accidentium. Sed (ut dicunt) de separabilibus & communibus accidentibus hoc videtur omnino absurdum
118 461 1849 535 dicere: vt quod lignum dicatur esse causa effectiua suae albedinis & suae nigredinis, cum ex suis principiis
110 514 1845 570 non sit determinatum ad duo contraria, nec posset determinari ad illa per quancumque virtutem sibi impressam
110 572 1845 633 a generante. quia sine violentia potest esse sine vno & sine altero, sicut Diaphanum lucidum & tenebrosum.
114 623 1843 679 Et similiter esse videtur inconueniens quod voluntas dicatur esse causa suae volitionis, cum absque violentia possit esse fine
110 677 1837 745 volitione. Et patet quod ista non repugnant dictis nostris quaestione nona Quodlib, nostri decimi, in qua
113 731 1837 787 ista materia tractatur. In dissoluendo enim quaestionem illam circa principium insinuabamus quandam distinctio
106 780 1849 845 nem accidentium, cuius vnum membrum subdistinximus, quia solum pertinebat ad nostrum propositum: & aliud omisi
107 835 1844 898 mus. Est autem distinctio talis: quod quaedam sunt accidentia quae existente suo subiecto secundum formam substan-
100 886 1848 960 tialem constituto in esse de necessitate sequuntur ipsum secundum esse actuale ipsorum, nisi impedimentum
110 943 1860 998 coincidit: & cum impedimentum interuenit quod impedit illorum accidentium consecutionem, tunc ab agente est
101 998 1857 1066 in illis virtus ad producendum sm esse accidentale illa accidentia, siue sint communia, siue, propria. vt po
109 1049 1855 1120 te generans aquam producit in illa sm actum grauitatem: & si extra locum aquae generat eam, dat ei vt agens pri
109 1102 1849 1169 mum, motum deorsum, dando ei grauitatem vt agens, proximum: & sic per motum dat ei proprium locum aquae, quod si generetur
107 1157 1851 1213 extra suum locum, & per impediens ibi moretur, similiter si per contrarium agens calesiat, generans cum generauit aquam vir
107 1211 1846 1268 tutem impressit suae formae, qua cessante impedimento in contrarium agente, generat in se motum quo tem
110 1262 1845 1330 dit ad locum suum deorsum & quo reuertitur ad frigiditatem. & sumo motum coniter ad verum motum
106 1317 1841 1375 & mutationem. Quod dico propter graue existens sursum, quod remoto impedimento & resistente subi-
109 1372 1840 1439 to facit se deorsum per mutationem non per motum: mouetur autem a se per accidens, cum inuenit me
109 1430 1844 1491 dium resistens. Alia vero sunt accidentia de quibus in dicta quaestione non fecimus mentionem, quia non
119 1477 1839 1546 pertinebant ad propositum, de quibus tamen illi opponebant: quae suo subiecto sm formam substantialem constituto in
113 1531 1846 1590 esse, non de necessitate sequuntur ipsum secundum esse actuale ipsorum cessante omni impedimento. & haec
112 1586 1838 1649 non sunt nisi accidentia communia & separabilia: quae non consequuntur ratione formae substantialis vllo modo nisi
115 1638 1846 1692 determinentur per agens aliud quam sit ipsum generans, ratione qua generat ipsum sm formam substantialem: qua
116 1692 1834 1747 lia accidentia sunt albedo & nigredo circa lignum. propter hoc lignum in eo quod lignum nullo modo
115 1737 1845 1815 potest esse causa suae albedinis aut nigredinis: quia ad neutrum illorum determinatur forma ligni
116 1805 1836 1862 neque per generans ipsum sm formam substantialem inquantum huiusmodi. Aqua autem in eo quod aqua, determinat
118 1852 1840 1906 sibi grauitatem & frigiditatem: & ideo cessante impedimento & agente contrario, virtute quam habent
111 1902 1844 1965 a generante facit se in motum ad deorsum & ad frigidum. & est secundum praedictum modum causa sui
116 1964 1849 2027 motus & sui esse deorsum & suae frigiditatis. nec est in hoc differentia, siue accidentia sint propria siue
123 2013 1847 2069 communia, dum tamen ad illa determinate se habet substantialis forma. Quod autem arguitur adhuc ab aliis, quod li-
128 2066 1842 2131 cet talis motus sit grauis a natura sua, graue tamen proprie non dicitur efficere motum illum, quia a se non habet na-
121 2124 1843 2185 turam quam sequitur iste motus, sed a generante. Si ergo non dicimus graue licet frigiditatem habet a
130 2171 1841 2238 generante quod infrigidet se: similiter non debemus dicere si graue motum habet a generante & natu-
125 2223 1839 2291 ram per quam mouetur, quod propter hoc moueat se. Et est dicendum quod bona est comperatio de graui &
137 2277 1842 2341 frigiditate quam simul habet cum generatur: & similiter de motu quem habet cum generatur: sed de motu
138 2331 1847 2397 quem habet post impedimentum cessans, & similiter de frigiditate, quia de nouo grauitatem nullo modo habet a se, nec ac-
137 2377 1846 2439 cidentia quae simul generantur cum ipso circa quae non cadit impedimentum: illa tamen quae post impedimentum cessans fiunt in ipso a na
140 2438 1849 2490 tura quam recipit a generante, bene praesent dici fieri ab ipsa, quia fiunt a natura ipsius, & quae est in ipso principium motus &
140 2490 1844 2549 status. Quia arguitur ab aliquibus adhuc de voluntate respectu velle & non velle, a simili de ligno respectu al
141 2542 1839 2599 bi & nigri: quod quia lignum ex sua forma non est alterum illorum determinatum, ideo nullo modo potest dici il-
146 2598 1836 2662 lorum cam: quare neque voluntas sui velle aut nolle, cum ad neutrum illorum sit determinata: Dicendum quod differt
150 2649 1842 2718 sic vires rationalium & non rationalium. Vires enim & potentiae rationalium quae rationales vocantur valent ad opposi
148 2710 1838 2769 ta: quae vero sunt non rationalium, quae irroinales vocantur, non valent ad opposita, sed ad vnum tantum siue ad alterum
156 2754 1839 2822 oppositorum. Licet ergo lignum quod non est rationale, sed est purum naturale a generante non rationali & pure natu
156 2809 1839 2875 rali non potest habere potentiam vel vim quam possit ad opposita, aut esnt ad alterum eorum, quia naturaliter est sus
169 2862 1834 2928 ceptibile vtriusque, & hoc non ex praecisa natura sui generantis inquantum est ipsum, si solummo per eius contrarias dis-
163 2915 1835 2985 positiones: sed solum illa naturalia a generante habent vim quod ex se per vim quam habent a generante possint in alterum ip
168 2973 1840 3036 sorum quae ex praecisa natura generantis & suae forae ad illud sunt determinata: voluntas tamen quia est rationalis, ex natura
167 3029 1837 3090 sua valet ad opposit. scilicet ad velle & non velle siue nolle. Quid arguitur contra modum ponendi sic. quod sicut
175 3078 1839 3148 substantia habet a producente virtutem qua est immediata cauam effectiua accidentium, consimiliter hent ab agen-
177 3132 1843 3188 te quod sit subiectum eorundem: oportet ergo quod habeat virtutem sibi impressam a producente ad hoc quod sit caua
173 3185 1852 3265 material: quid non oportet ponere: ergo &c. Respondendum est ad hoc respondendo ad quaestionem quam quaerit conti
