2437 3691
594 232 2323 338 vt ignis calidus non facit se calidum, sed aliud. Et est dicendum quod esse aliquid virtute tale contigit
578 306 2311 398 dupliciter, vel particulari & determinata ab agente tali secundum actionem: vel vniuersaliindeter-
587 366 2302 459 minata omnino. Primo modo aqua calida actu est virtute frigida: & ideo eius generatio est vniuoca quae
579 409 2307 510 facit se frigidam, sicut erat vniuoca quando frigidum generans ipsam fecit eam frigidam. Secundo modo sol
584 473 2319 559 calidus est virtute, & ideo eius generatio qua generat calidum est aequiuoca. Et quia non habet hanc
586 532 2319 623 virtutem a producente nato ipsum calefacere actione, nullo modo habet ipsam ad faciendum se call
580 573 2326 680 dum, sed solummodo aliud. Et quia esse tale virtute particulari, & esse tale actione siue formaliter
580 628 2335 737 sunt in eodem aliud & aliud & alterius rationis: esse autem actione & formaliter tale non possunt
576 689 2333 796 esse plura simul in eodem eo quod sunt vnius rationis vt plures albationes: idcirco licet ignis calidus actio
579 742 2321 846 ne non potest facere seipsum, ignis tamen si per impedimentum possit esse calidus virtute ita quod non formaliter, se
579 797 2326 907 ipsum faceret actione calidum, vt dictum est. Et quia ista virtus vt dictum est, non est alia a substantia
580 859 2318 950 nec accidens superueniens ei: et est necessario in omni eo quid ex sua natura a producente determinatur
590 913 2315 1013 ad aliquid, & hoc ex eo quod determinatur ad illud: idcirco dico vlterius quod ad omne illud ad quod determinatur
588 971 2314 1063 res quaecunque secundum suam naturam a producente ipsam, habet talem virtutem illud in se producendi & cau
580 1016 2313 1119 sandi, si contingat ipsam pati impedimentum ne habeat actu in se illud: & hoc siue pertinet ad pri-
584 1078 2315 1179 mas actiones siue ad sequentes. Ad omnes enim terminatur a producente illam in sua substantia necessa-
577 1137 2314 1237 rio & inuariabiliter. Idcirco dico circa voluntatem, propter quam circa naturalia omnia praedicta in
574 1185 2307 1283 troducta sunt, & ratione voluntatis circa totam animam humanam, quod ipsa anima respectu omnium suo-
580 1243 2309 1346 rum accidentium & primorum & secundorum ex ratione suae naturae & essentiae a producente ipsam ha-
581 1295 2304 1389 bet quod sit substantialiter suae potentiae. secundum quod diffusius perscrutati sumus in quadam quaestione de Quo
585 1352 2296 1457 libet. Quid autem adhuc arguunt aliqui primo sic: actus animae secundarii possunt adesse & abesse: & sic
580 1413 2298 1500 anima non est determinata ad illos: & sic determinatur ad illos per aliud quid vocatur potentia, Dicendum quod ve-
581 1469 2297 1555 rum est, sed non vt per aliud re absoluta: sed respectu solum, vt dictum est. Secundo sic. Ea quae habent esse in fieri
578 1517 2299 1618 in subiecto praesupponunt aliquid accidens, vt motus dealbationis nigredinem: ergo motus in spiritualibus
574 1577 2309 1672 qualis est intelligere & velle praesupponit accidens in subiecto, quod non est nisi potentia: ergo &c. Istud
576 1631 2309 1720 modicum cogit. Quia enim motus siue corporalis siue spiritalis supponit accidens in subiecto, hoc non com
579 1692 2308 1781 tingit nisi quia est a contrario vel a priuatiuo in contrarium: & sic tanquam accidens supponit in sub-
578 1735 2301 1839 iecto non semper ipsam potentiam qua elicitur actus, sed ipsum contrarium vel priuatiuum actus aut
580 1809 2306 1892 accidentis quod per actum acquiritur., quemadmodum dealbatio praesupponit nigredinem vt contrarium
577 1850 2308 1941 albedinis producendae. Et similiter dealbationis motus praesupponit quietem sibi contrariam praece
572 1904 2307 1993 dentem in nigredine. Et sic accidens quod praesupponit in subiecto motus qui est velle vel intelligere
576 1958 2308 2063 non est potentia qua vult aut intelligit: sed priuatio huius vel illius, vt non velle, vel non intelligere
574 2012 2310 2110 Tertio sic. anima de se limitata est, ergo seipsa non potest determinari ad diuersa: ergo per alia a se, nec par
571 2074 2313 2170 diuersos respectus, quia illi non sunt rationes agendi: ergo &c. Dicendum quod anima determinatur ad
569 2130 2309 2224 diuersos actus vel secundum genus, vel secundum speciem, vel secundum numerum. Genere enim
564 2177 2307 2266 aut specie differunt intelligere, velle, sentire. Specie autem differunt videre & audire. Numero verodif-
569 2235 2298 2330 ferunt intelligere, velle &c. hoc vel illud. Dico ergo quod determinatione prima & secunda determi-
567 2289 2303 2390 natur a solo producente animam, qui essentiae eius secundum id quod est indidit quod potens est ad illos
571 2355 2298 2440 actus differentes genere vel specie, licet non cum effectu nisi per determinationem ab organis quo
570 2405 2299 2496 ad potentias organicas, & alio modo quo ad potentias non organicas, quam assignauimus in dicta
563 2456 2299 2545 quaestione de potentiis animae. Tertia autem determinatione determinatur ab obiectis. Formaliter
562 2513 2288 2597 autem praeter istas determinationes determinatur per respectus importatos in nominibus potentiarum.
557 2565 2307 2663 Substantia enim etsi cum respectu cadat in significatione potentiae: formaliter tamen significat respectum:
566 2622 2305 2708 & ab ipso imponitur, qui quidem respectus ad actum determinat, licet elicitiuum actus non sit nisi
555 2674 2297 2773 substantia: vt tamen sub ratione respectus existens, secundum quod in quaestionibus aliis ista clarius ex
556 2733 2299 2825 posuimus. Quarto sic. Diuersi respectus reales supponunt diuersa fundamenta realia quae non praesentesse
557 2789 2295 2883 in anima nisi accidentia: ergo &c. Dicendum quod falsum est, quia super idem re diuersi respectus rea
558 2834 2296 2930 les in ordine ad diuersa bene fundantur, vt super eandem albedinem respectu alterius albedinis si-
556 2891 2291 2977 militudo, & dissimilitudo respectu nigredinis: & tamen similitudo & dissimilitudo important diuerso-s
553 2939 2287 3035 respectus reales, quorum realitas etsi sit a fundamento, diuersitas tamen est ex ordine ad diuersa, vt ex
554 2996 2282 3094 positum est in quaestionibus ordinariis, quem tamen ordinem non habent ex illis diuersis sed ex ipso produ-
556 3061 2288 3146 cente substantiam & ordinante ipsam. Causaliter enim in proposito actus potius determinantur per po
548 3107 2277 3203 tentias quam econuerso. Dico quantum est ex parte rei, licet quantum est ex parte notitiaepotentiae di-
543 3142 2292 3282 stinguuntur per actus, & actus per obiecta smphilosophum. Quinto sic. Membra leonis non differunt a l
