2449 3753
204 331 2015 414 tiam, potius quam suam, propriam perfectionem quae est in diligendo ipsam: hoc est falsum. Hoc enim a natura inditum
211 400 2004 472 est vnicuique appetitui quod plus suam persectionem appetat quam cuiuscumque alterius. & sic voluntas finalitur ap-
222 454 2002 525 petit suam, propriam perfectionem, nec est in sua vltima perfectione per perfectionem cuiusquam alterius quousque suam pro
213 522 2000 579 priam perfectionem adipiscatur: citra quam nullatenus sistit. & est illa multo persectior quam quacumque alia: quemadmo
217 569 1997 629 dum perfectius est transformari in rem nobilem quam assimilari illi: secundum quod alias declarauimus. Sequitur.
209 618 2003 685 Et ideo quia in via vitae praesentis non potest intellectus attingere suam perfectionem nec per consequens volum
220 670 2000 733 tas: propterea si in via voluntas quae in se est imperfectior intellectu, debeat altius eleuari quam intellectus, opor
216 737 2007 793 tet quod hoc sit per altiorem habitum, vt pote per charitatem, quam sit habitus intellectus qui est lumen fidei. Dicendum
226 782 1995 851 quod in via praesentis vitae nec intellectus nec voluntas possunt attingere suam perfectionem: & hoc quia intellectus
219 841 1988 903 perfectio consistit in perfecta diuinae essentiae cognitione, quae non habetur nisi in eius aperta visione. Perfectio au
220 894 1989 955 tem voluntatis non consistit nisi in perfecta eius dilectione, quae requirit apertam visionem praecedentem, non vt cau
220 936 1989 1002 sam propter quam sit, vt illi intendunt in principio huius clausulae: quais scilicet voluntas suam habeat per-
212 992 1985 1053 fectionem non in se, sed in ipso intellectum, vt iam dictum est, sed vt causam sine qua non. Habet enim volum
216 1051 1982 1107 tas in se suam perfectionem supiorem perfectione intellectus: secundum quod hoc alibi latius declarauimus. Et sic
228 1103 1983 1168 voluntas in via non solum altius eleuatur per altiorem habitum quam sit habitus intellectus, sed & ipsa est ex seipsa
224 1159 1990 1219 altior potentia & altius eleuata quam sit intellectus, vt similiter alibi declarauimus: ita quod habitus voluntatis
217 1210 1985 1275 qui est charitas, non solum sit altior quam sit habitus intellectus in via, qui est fides: sed etiam quam sit quicumque ha-
218 1267 1985 1323 bitus intellectus in patria. & hoc quia persectione aequiuoca perfectior est habitus intellectus in pa
211 1318 1987 1378 tria quam in via: vniuoce autem persectior est habitus voluntatis in patria quam in via: eo quod idem habi-
217 1376 1990 1436 tus numero voluntatis qui est in via erit in patria, licet augmentatus: quia charitas nunquam excidit.
213 1426 1986 1489 Habitus autem intellectus mutatur, quia fides omnino euacuatur adueniente visione: secundum Aposto. primae Cori.
216 1481 1989 1544 xiii. Sequitur. Et quia voluntas fertur finaliter in perfectionem intellectus secundum quod in illam tendit non sistens in
214 1541 1985 1603 propria perfectione sua quam habet ex obiecto suo, pro tanto dicitur ferri in rem extra. intellectus autem solum fer
218 1591 1980 1652 tur in perfectionem quam habet ab obiecto proprio. Dicendum quod hoc totum falsum est. secundum quod litera iacet: &
218 1645 1980 1709 contrarium simplicitur verum est: quia intellectus tendit finalitur in perfectionem voluntatis non sistens in sua, propria
214 1702 1978 1766 perfectione quam habet ex obiecto suo: & pro tanto intellectus tendit finaliter in rem extra, vt est res: volun
207 1756 1981 1814 tas autem solum fertur per se in perfectionem quam habet ab obiecto proprio, vt est res. & si aliquo modo intendit
221 1814 1976 1876 perfectionem intellectus, illam intendit solum vt est ratio, & hoc per accidem scilicet vt eam ducat in suam perfectionem pro
212 1868 1978 1930 priam. Sequitur. Vt similis sit comparatio intellectus & voluntaris referendo ipsa ad obiecta, propria tantum quo
212 1919 1976 1980 ad modum essendi in, obiectorum: quia sicut intellectum est in intelligente non per speciem impressam, sed per
207 1969 1989 2035 actum quo intelligitur qui est in intelligente: ita volitum est in volente per actum volendi quo voluntas vult ipsum
210 2022 1985 2093 qui est in ipso volente, per quem voluntas existens in actu habet vim mouendi alias vires. Dicendum,
214 2078 1985 2146 quod hoc totum est falsum: quia omnino est dissimilis comparatio intellectus & voluntatis referendo ipsa ad
209 2128 1981 2195 obiecta propria tantum quo ad modum essendi in, quia intellectum vt intellectum simpliciter esse habet in in
215 2181 1975 2243 telligente & non nisi in intelligente, vt in illo quem informat: volitum autem vt volitum nullo modo
207 2231 1978 2294 habet esse in volente: sed potius econuerso volens in volito, vt in eo in quod transformatur. Quid autem se
208 2293 1975 2358 quitur. Sicut intellectum est in intelligente &c. Similiter falsum est. Quoniam duplex est actus, qui-
212 2350 1979 2412 dam qui est factio, qui non est in faciente sed in re extra quae est facta, vt illuminatio a sole in illu-
212 2397 1983 2462 minato est. Alius est actus qui est operatio, qui non est nisi in operante vt in subiecto: sed alio & alio
215 2453 1975 2517 modo in intellectiua vi & in volitiua: quia operatio intellectiua habet esse in intellectu quoquo mo
210 2505 1981 2570 do ab ipso obiecto, & sistit in ipso obiecto vt quo perficitur. Et quia iste actus siue operatio ha-
208 2562 1982 2626 bet esse in intellectu ab obiecto per ipsum obiectum, quoquo modo habet esse in ipso intellectu ip-
209 2614 1976 2674 sum obiectum. Operatio vero volitiua habet esse in volente nullo modo ab ipso obiecto volito, nisi
211 2661 1982 2725 sicut sine quo non: fertur autem per ipsum actum volendi in obiectum, vt in quod transformatur.
212 2717 1984 2783 Et quia iste actus siue operatio non habet esse in voluntate ab ipso obiecto, sed potius a seipso solo
208 2777 1979 2850 nullo modo per ipsum actum volendi habet esse volitum in volente. & sic omnino est dissimile. Se-
214 2836 1985 2900 quitur. Et haec conuenienter intelliguntur in simili quodam. Supposito enim motu locali cordis a
212 2883 1981 2953 generante qui est primus motus ex se in animali, sicut in toto mundo motus caeli, vis motiua in
209 2946 1987 3005 corde ad apprehensionem sensus habet virtutem vt ex ea sequatur motus in quibuscunque aliis par
217 2995 1990 3058 tibus corporis: qui diuersificatur secundum diuersitatem apprehensionis & alterationis primo fa
208 3042 1986 3105 ctae in corde. Sic enim ad apprehensionem delectabilis cor mouetur ad pudenda: secundum quod haec pla-
204 3102 1984 3165 ne traduntur ab Aristotele de causa motus & progressuum animalium: & in tertio de anima cap. de
210 3160 1986 3217 mouente. Dicendum quod simile hoc quod de corde inducunt pro se, ab illa parte: Vis motiua in
217 3215 1986 3287 corde & caetera, multum facit pro nobis: pro parte eius praecedente in qua nullam perpendunt
