2431 3697
379 234 2250 318 formas, quae sunt ipsa intelligibilia. NObis autem videtur quod inhaerens per quod praesentetur obiectum sit
379 310 2242 368 habitus, qui aequaliter imprimitur ab obiecto sicut & species & actus. Eadem enim quo ad hoc est ratio-
391 367 2247 436 speciei, habitus, & actus. Sed quia actus non est manens, ideo ei non potest attribui praesentatio: aliis autem
392 422 2258 480 duobus aequaliter attribui potest, quia ab eodem in nobis scilicet ab obiecto intelligibili formantur, &
399 477 2262 544 virtutem eius retinent ad ipsum praesentandum, quemadmodum idem natum est praesentare seipsum. Sed hoc non sic
400 529 2265 594 intelligendum, vt ante primum actum intelligendi aliquid inhaerens intellectui nostro proponatur vt intelligi-
406 583 2269 642 bile intellectui & illo moueatur in actum intelligendi: quemadmodum praesentatur per phantasiam in primo actu
408 636 2265 706 intelligendi: sed vt id quod impressum est intellectui per primum actum intelligendi quem elicit solum obiectum
419 690 2271 757 virtutem eius retinens, inclinet intellectum ad determinatum actum intelligendi terminatum ad certum ob
414 750 2271 820 iectum, & praesentet obiectum, quod quidem inclinans proximum est ipse habitus, & habet in se vim prosentatiuam
423 799 2277 860 solus omnium obiectorum a quibus impressus est. Ex hoc enim tenet vim illorum: nec aliam vim haberet species
433 856 2264 932 & superfluum est ponere aliquid ficri per duo cum potest fieri per vnum: quia cum secundum omnes necesse est po
433 921 2271 988 nere habitus ad inclinandum, & non nisi inclinando potest quodcumque sit illud, praesentare: superfluum er-
435 965 2259 1030 go est ponere species in intellectu adpresentandum obiecta alias ab habitu. SIc ergo licet secundum quod pro-
443 1025 2270 1083 cedit prima ratio, habitus sit res determinati generis, & quo ad hoc solum esset suiipsius praesentatiuus
442 1073 2259 1145 & hoc tanquam aliquid intelligibile inclinans intellectum per aliquam dispositionem quamnei imprimit ad actum
451 1128 2264 1200 intelligendi seipsum, tamen vt habet virtutem cuiuslibet a quo impressus est, non minus habet vim praesen-
461 1184 2262 1244 tandi quam species, nec est minus spiritualis res, nec plus est de praedicamento habitus quam species: ambo enim
469 1239 2258 1296 sunt aliquid in anima reale, de potentia eius educta, vt habitus vnus scientialis repisentet omnia scibi
473 1292 2265 1355 lia in ea quo ad eorum quiditates & essentias. Domus enim in materia producitur a domo quae mani
474 1350 2256 1422 festatur in arte artificis: vt non solum habitus scientialis habilitet potentiam ad actum: sed etiam reprae
483 1403 2257 1485 sentet actum. Licet enim illud sit ei commune cum aliis habitibus, hoc tamen est ei proprium ratione qua est ha
490 1458 2261 1521 bitus cognitiuus. Est igitur sciendum quod habitus scientialis dupliciter habet considerari. Vno modo
489 1514 2267 1581 secundum id quod est aliquid de genere entium distinctum ab aliis: & sic vt obiicitur est quid potentiale
501 1569 2269 1637 non determinatiuum: sed tantum inclinatiuum ad actum absque omni ratione praesentandi aliquid:
510 1626 2274 1681 sicut sunt habitus partis appetitiuae. in quo conuenit cum eis. Alio modo vt est formatus a re in-
521 1676 2269 1747 telligibili, vt notitia eius habitualis, & ita vt eius similitudo per quam habet relationem ad intelli
527 1729 2279 1801 gibile sicut scientia ad scibile: & secundum hoc a nullo genere entium distinguitur, sed est quodam-
525 1798 2264 1860 modo omnia entia scibilia per illum, quemadmodum scientia est quodammodo omnia scibilia per
538 1840 2272 1911 ipsam. & secundum hoc est omnium praesentatiuum, non ratione alicuius contrarietatis aut dis-
552 1900 2272 1967 parationis, sed verae similitudinis. Et sic habitus scientialis de prima specie qualitatis inquantum
547 1951 2274 2016 ipsemet scibile quoddam est & imprimitur a seipso, repraesentatiuus est suiipsius. Similiter inquan
556 2005 2283 2072 tum qualitas de secunda specie qualitatis, similiter de tertia & de quarta: & similiter res quaecunque
572 2056 2282 2118 cuiuslibet alterius praedicamenti, inquantum est scibilis per illum, & vt obiectum intelligibile im-
565 2115 2278 2180 pressiuum illius, repraesentari habent aequaliter per illum secundum iam expositum modum. Ille
577 2170 2281 2232 autem qui has rationes inuenit, respexit solum ad primum considerandorum circa habitum scien-
596 2216 2286 2292 tialem & non ad secundum. ARgumentum in oppositum quod species vna non praesentat contras in
600 2270 2276 2333 ria, mihi videtur concedendum: est enim idem habitus scientialis contrariorum potius quam eadem
617 2322 2284 2398 species. AD primum quod voluntas non potest in contraria, quia nec natura elementaris, patet quod non
613 2384 2273 2447 valet: quia illa est limitata per naturam, voluntas autem a nullo limitata est aut determinata. AD
617 2441 2270 2508 secundum, quod licet voluntas non possit in suum actum nisi supposito actu intellectus, quia tamen
624 2490 2275 2562 intellectus nullam determinationem, nullamque necessitatem imponit voluntati respectu sui actus
631 2552 2012 2617 idcirco non obstante quod intellectum praesupponat, bene adhuc potest in contraria.
962 2641 2290 2716 lrca tertium arguitur quod dolor verus ex sola apprehensione procedit: quia autem
976 2707 2281 2780 procedit ex illa, aut ex immutatione reali quae sit per abiectionem contrarii. ab
988 2769 2288 2832 sta autem immutatione reali non potest procedere: quia ipsa impedit perceptionem eo quod impe-
992 2814 2287 2887 dit sensum: ex hoc quod sesibile positum supra sensum, secundum Philosophum secundode
992 2876 2278 2937 anima, nuilum facit sensum, immo potius impedit ipsum ne fiat: & ita dolorem
982 2921 2278 3011 eo quod non est nisi cum perceptione, quia insensibilia licet realiter immutant
1001 2970 2284 3054 omnino tamen non dolent: ergo &c. CONtra, ad immutationem quae per se
712 3027 2277 3099 delectat nullo modo sequitur dolor: quia cum dolor sit contrarius delectationi, tunc er eo-
715 3093 2275 3163 dem actu sequerentur duo contraria: quare cum omnis apprehensio vt visio, intellectio, & quae
722 3136 2278 3223 cunque alia per se delectat: ergo &c. DIcendum de dolore sicut & de quacunque alia animipassione
