2379 3702
118 243 1896 320 & intensius magis: quia per hoc assimilant sensum rei, quae sentitur. ad quod maxime operatur appeti
122 329 1876 387 tus: qui vt dicit Augustinus. xi. de Trin. cap. secundo, habet vim copulandi haec duo: vt & sensum
120 375 1883 439 formandum admoueat rei quae cernitur & in ea formatum teneat. & si tam violenta est vt possit vo
126 425 1878 484 cari libido: etiam caeterum corpus animantis vehementer afficitur. Et vbi non restat pigrior du-
131 483 1872 553 riorque materies, in similem speciem coloremque commutat. Licet videre corpusculum Cameleontis
123 534 1874 591 ad colores quos videt facillima conuersione variari. Aliorum autem animalium: quia non est ad
127 585 1883 645 conuersionem facilis corpulentia, foetus produnt plaerunque libidines matrum: quo. scilicet cum magna
130 644 1875 710 delectatione conspexerint. Quan. teneriora atque formabiliora sunt primordia seminum: tam efficaci
132 698 1879 762 ter consequuntur intentionem animae maternae: & quae in ea facta est phantasiam per corpus quod cu
135 752 1876 812 pide aspexit. Vbi dat exemplum in ouibus lacob. Nam vt dicit cap. iiii. interdum homines nimia
133 799 1876 860 cogitatione rerum visibilium vel illecti, vel territi: etiam eiusmodi voces repente ediderunt: quasi reue-
132 855 1875 914 ra in mediis talibus actionibus vel passionibus versarentur. vbi dat exemplum de abstracto a sensi
126 903 1882 970 bus exterioribus conuerso ad inte riorem imaginationem, qui mulierem imaginatam interius ve-
124 963 1885 1031 ram mulierem extra existimauit: vt & ei se misceri sentiens etiam genitalibus flueret. Ex quo
135 1015 1884 1079 patet quod eandem vim immutandi, quam habet res vt est existens extra: habet vt est imaginata vel
133 1070 1892 1132 intellecta. & ipsam vt est imaginata vel intellecta appellat Philosophous speciem factiui: cuius habet facti
132 1114 1890 1180 uam virtutem. Non ergo hic appellat id quod organo est impressum speciem factiuam: sed potius
132 1172 1881 1238 rem imaginarie vel intellectualiter vt obiectum apparens in actione imaginandi aut intelligendi: quid
132 1233 1879 1292 est forma siue species non impressa: sed expressa. Vnde Augustinus vbi supra de auersis a sensibus & con-
132 1287 1882 1344 uersis ad ea quae intus imaginantur dicit sic. Tanta effunditur similitudo speciei expressa ex me-
132 1334 1886 1400 moria: vt nec ipsa ratio discernere sinatur, vtrum foris corpus ipsum videatur, an intus tale aliquid
133 1392 1874 1456 cogitetur: nam interdum homines &c. vt supra. Formatur autem ipsa forma expressa in imaginatiua
132 1433 1872 1501 ab ipsa forma siue specie impressa in memoria: vt a memoria per speciem sibi impressam nihil formetur in ima
132 1501 1879 1563 ginatiua nisi operatio imaginandi, terminata ad illam speciem expressam. Hinc dicit Aug. ibidem.
126 1542 1878 1606 Interdum ita contingit vt cogitatione occupata se voluntas auertat a sensibus: atque ita formet animi
130 1604 1875 1657 aciem variis imaginibus rerum sensibilium, tanquam ipsa sensibilia sentiantur: non tantum autem cum
122 1658 1861 1720 appetendo in talia voluntas intenditur: sed etiam cum deuitandi & cauendi causa rapitur animus
128 1709 1865 1764 in contuenda ea quae fugiat. Vnde non solum cupiendo: sed etiam metuendo informatur vel sensus
131 1761 1872 1822 ipsis sensibilibus vel acies animi informanda ipsis imaginibus sensibilium. lta vt metus aut cupidi-
133 1812 1871 1878 tas quanto vehementior fuerit tanto expressius formetur acies, siue sentientis ex corpore quod in loco ad
126 1869 1874 1926 iacet, siue cogitantis ex imaginatione corporis quae memoria continetur. & sic quod perceptio mo-
130 1920 1878 1981 uet non est nisi per accidens: quia affert motiuum. Vnde dicit ibidem Philosophous. Videmus mo-
125 1978 1877 2035 uentia animal intellectum & phantasiam. Etenim phantasia & sensus & intellectus eundem locum
130 2026 1884 2083 habent: iudicatiua enim omnia, quare mouet primum quod appetibile & quod intellectuale: non autem omne:
125 2081 1877 2149 sed quod operabilium finis, quod quidem primum non motum mouet, appetitus autem & appetitiuum motum
118 2131 1874 2193 mouet: vltimum autem motorum non est necesse aliquid mouere. INtentiones autem dictae conue-
122 2185 1878 2242 nientis vel disconuenientis dupliciter possunt percipi puta intentio nociui. Vno modo sub ratione
127 2241 1874 2307 nociui imminentis & comminantis malum futurum. Alio modo sub ratione instantis & inferentis malum
123 2294 1879 2360 praesens. Primo modo est intentio insensata: quia non est nata percipi a sensu particulari. Secundo autem
130 2348 1884 2416 modo est intentio sensata: & percipitur a sensu particulari vt sensibile commune. Secundum hoc igitur di
132 2403 1879 2464 ctae intentiones conuenientis & disconuenientis: quandoque percipiuntur non ab ipsa eadem virtute appre
130 2454 1878 2514 hensiua sensibilium aut intelligibilium: sed ab alia: & hoc vel sensitiua vel intellectiua. Sensitiua vt ad
134 2511 1874 2573 praesens loquamur de intentione inconueniente ad quam sequitur dolor in vi sensitiua: quemadmodum
127 2564 1868 2628 onis videns lupum statim existimat inimicum: & timens fugit. Vel intellectiua, quemadmodum vi
128 2609 1873 2668 dens errabundum de nocte suspicatur furem & timens merces suas abscondit. Quandoque autem illa
130 2667 1875 2732 intentio percipitur ab eadem virtute sensitiua apprehensiua: & hoc vel circa organum ipsius virtu
131 2718 1876 2783 tis vel circa ipsam virtutem, vel circa eius operationem. Circa virtutis organum apprehendendo per
130 2779 1875 2838 cipit illam intentionem: percipiendo laesionem quae sit in organo ex qua sequitur dolor. Sed hoc non
133 2824 1882 2893 principaliter quia laeditur immutatione corruptiua temperamentum organi: sed quia offenditur tem
124 2884 1878 2948 peramentum virtutis existentis in organo: quo ipsa contemperata naturaliter est organo cuius est
128 2925 1882 2989 sentire principaliter: & suiipsius offensionem principalius percipere. Haec autem laesio in organo
123 2989 1884 3053 cuiuscunque sensus etiam dupliciter potest contingere: vel per accidens: vel per se. Per accidens quan
132 3041 1888 3105 do organum sentiendi puta visus inquantum visus est, & media ratio visibilium, laeditur immuta
123 3096 1892 3175 tione reali: puta calefactione: & hoc per se inquantum est corpus naturale simpliciter: per accidens
