2443 3742
443 261 2242 329 inquantum est organum visus. & est simile de organis aliorum sensuum. Omnia enim quo ad sua
445 325 2238 385 temperamenta habent corrumpi per accidens: qualitatum actiuarum & passiuarum contrarieta-
446 383 2243 448 te: quae sunt calidum & frigidum, humidum & siccum: quibus etiam corrumpitur totum animal.
458 429 2253 495 Per se autem contingit laesio in organo cuiusque sensus: quando laeditur immutatione intentionali per spe
460 491 2244 552 ciem sui proprii sensibilis excessiuam: inquantum excellentiae sensibilium corrumpunt per se sensus. secun
457 541 2252 602 dum Philosophum secundo de Anima. Quamuis aliqui dicunt quod hoc contingit per dictam actionem re-
457 594 2241 651 alem per se. Immo dico quod species excessiua conmensurationem organi vt sensitiuum est, corrumpit per
461 643 2249 711 se. Sed actio realis, quae per se corrumpit corpus vt est corpus mixtum: per accidens corrumpit
458 702 2251 758 illam commensurationis: sicut etiam per accidens corrumpit totum animal: vt cum ictus tonitrui con-
458 754 2246 822 tingit simul cum sono: vt dicitur in tertio de Anima. Sicut enim temperamentum vt medium reale quali
461 812 2251 873 tatum sensibilium realium: puta calidi, frigidi, humidi, & sicci: a temperato & non nimium excedente
463 868 2251 934 calido in suo temperamento conseruatur: ab excedente autem corrumpitur per se inquantum est corpus
458 919 2251 975 mixtum & harmonia media realis inter reales qualitates tangibiles: per accidens autem inquantum
459 973 2249 1036 est harmonia media intentionalis inter species intentionales illarum qualitatum: & similiter vt est
458 1029 2251 1097 media inter species aliorum sensibilium quo ad organa aliorum sensuum a tactu, qui organum suum
464 1078 2250 1145 habet sub organis aliorum sensuum: sic temperamentum vt est organum & medium specierum intentio-
466 1134 2257 1193 nalium: puta speciei albi & nigri & mediorum colorum, a temperata & non nimium excedente specie
470 1180 2251 1247 impressa in organo conseruatur: ab excedente autem nimium corrumpitur: puta temperamen-
477 1248 2257 1306 tum organi visus inquantum organum tale ab excedente specie lucis diffusa ab nimis fulgida luce &
472 1300 2254 1364 ab excedente specie cuiuscumque coloris diffusa ab excedente colore. Vnde contingit quod organum infor-
467 1353 2257 1419 matum temperata luce & temperato colore aliquo: in nullo impeditur ab informatione a quacum que
473 1402 2256 1456 alia luce temperata, aut colore. simul enim informatur speciebus contrariorum colorum: & statimcum ab-
480 1455 2255 1518 sentatur sensibile extra, euanescit illa species ab organo. Sed cum informatur specie excedente ni
475 1510 2257 1576 mium organi harmonia impeditur ne informetur speciebus aliorum: & auerso sensibili extra adhuc
472 1565 2265 1625 manent reliquiae illius speciei impressae: ita quod visus conuersus ad alia visibilia non informatur specie
478 1613 2264 1682 bus colorum illorum: sed apparent ei omnia colorata colore cuius specie erat excessiue informatus.
483 1673 2262 1737 quae quidem impressio maxime apparet oculis clausis. lta etiam quod si huiusmodi impressio fortis sit
490 1728 2264 1794 multum, corrumpitur organi harmonia omnino: & manet impressio illa sensibiliter non quasi species
483 1781 2258 1845 lucis aut coloris: sed quasi verus color: & nuilius speciei organum de caetero est receptiuum. Si vero hu
482 1832 2265 1898 iusmodi impressio non sit ita fortis vt corrumpat harmoniam: licet debilitet: continue euanescit & re-
496 1885 2262 1951 uertitur vigor temperamenti: dicente Augustinus. xi. de Trin. cap. secundo. Plaerunque cun diutile atten-
494 1938 2264 1998 derimus quaecunque luminaria: & deinde oculos clauserimus: quasi versantur in conspectu quidam luci
489 1993 2264 2056 di colores varie sese commutantes & minus minusque fulgentes, & quodammodo gradatim deficiendo va
489 2044 2264 2100 riari donec omnino desistant, quas intelligendum est reliquias illius esse formae quae facta erat in sen
495 2098 2263 2156 su cum corpus lucidum videret. ET est aduertendum quod quanto fortius est impressa, tanto tardius de
486 2149 2261 2215 ficit: & quod pro quanto manet post corporis exterioris absentiam, pro tanto erat species illa impressa ex
491 2209 2263 2276 cessiua & laesiua: & non recepta sub ratione speciei tantum: sed quodammodo verae rei: vt non tantum sub
492 2263 2264 2326 ratione speciei lucis aut coloris: sed sub ratione lucis quodammodo aut coloris: quam vt est dictum non
493 2317 2272 2382 solum res vera extra: sed species eius in virtute sua potest imprimere susceptibili corpori: quale est
493 2367 2265 2435 illud organum. & hoc quodammodo: quemadmodum lux in nube formaliter impressa ex plurium radio-
500 2422 2266 2491 rum concursu multiplicat se sub specie coloris non lucis: vt patet in coloribus iridis. Et ille color existens in
495 2478 2263 2542 exteriori parte organi sic debilitati, non autem corrupti, videtur a vi visiua in organo quo ad par
498 2535 2271 2599 tem eius interiorem: & hoc ad absentiam primi sensibilis: vt licet sensibile positum supra sensum
500 2582 2277 2647 nuiium facit sensum: sensibile tamen positum in sensu dicto modo: aliquo modo facit sensum
508 2645 2262 2703 vt sit idem medium sentiendi respectu sensibilis exterioris: & obiectum respectu sentientis inte
497 2689 2269 2749 rius, quod inquantum huiusmodi impedit sensum ad alia percipienda extra. Et per hunc modum
499 2744 2265 2805 sentiunt aliqui continuum tinnitum in auribus: & multum impediuntur ab audiendo alia. CIr
498 2796 2265 2866 ca vero virtutem sensitiuam ipsamet virtus percipit intentionem inconuenientis circa seipsam:
495 2862 2259 2928 & hoc dupliciter: Vno modo per aliquam suiipsius laesiuam laesionem. Alio modo per inconuenientis
502 2919 2267 2971 offendentis perceptionem. Primo modo deficit delectatio & sequitur dolor ex labore in operatione
507 2961 2259 3021 diurna. Vnde quaerit Philosophus. x. Ethicorum. Quare continue nuilus delectatur: & respondet subdens. Vel labo
499 3010 2265 3077 rat: natura enim humana opera non potest continue operari: non sit igitur delectatio. vbi Commentator quaerit. Nonne cum
515 3068 2263 3130 ex labore non operari vtimur non delectamur: & respondet. Ex sensibus non delectamur: secundum reuersionem
503 3121 2267 3205 naturae delectamur. Quia igitur in operibus delectationes fiunt: quaecunque semper & continue ope
