2440 3748
146 271 1958 380 rari possunt, continue delectantur vt intellectuales naturae: quorum autem operatio labore inter-
156 351 1966 436 scinditur, horum & delectatio deficit. Sed quia virtutes non laeduntur nisi: quia sunt in organo quod
152 410 1957 494 laeditur per se: ideo virtus non laeditur nisi per accidens. Et sic dolor iste sequitur ex laesione organi
160 473 1954 548 per se: ex laesione ipsius virtutis non nisi per accidens. & sic iste modus causandi dolorem debet per
161 513 1947 597 se reduci ad modum praedictum causandi dolorm: scilicet ex laesione organi. Secundo modo sequi
165 568 1950 655 tur dolor quia non est proportio actiui ad passiuum: & hoc dupliciter: vel partim ex parte vnius
157 616 1951 713 partim ex parte alterius: vel ex parte vnius omnino. De primo dicit Philosophous decimo Ethicorum
160 683 1945 767 post superius tacta secundum aliam translationem: postquam enim dixit quousque durauerint sensibile. &
166 734 1950 813 intelligibile: continuo sequitur. Et propter istud non est possibile vt delectetur homo delectationem
170 781 1949 865 continua: eo quod res humanae non possunt agere actionem continuam propter mutabilitatem simili-
158 835 1945 918 tudinis quae est inter agens & patiens. Secundum patet ex hoc: quod existente optima organi dispositione
172 887 1937 983 propter obiecti indispositionem sequitur dolor. & hoc quemadmodum etiam bruta animalia delectantur
164 941 1945 1028 ex sonorum & cantuum melodia: & tristantur ex eorum discordia: quia concordia melodiae concordat
168 993 1942 1081 temperamento virtutis & sui organi naturaliter: & discordia discordat. Et quanto magis ex natura
164 1060 1949 1135 speciei vel indiuidui temperatum est organum & virtus sensitiua ei naturaliter contemperata: tan-
176 1104 1951 1193 to magis illam delectat melodia & contristat discordia. lta quod aliqui homines, qui. scilicet sunt in
172 1152 1951 1243 optima dispositione temperamenti circa organum audiens, maxime delectentur in melodiis: qui ve
172 1211 1953 1294 ro non: nequamquam illis delectantur: sed forte potius offenduntur & tristantur. & sic in aliis sensibus qui-
175 1261 1947 1350 dam odoribus & saporibus aromaticis delectantur quidam tristantur. Clrca operationem autem
176 1317 1952 1410 virtutis sensitiuae ipsa virtus percipit intentionem inconuenientis per ipsius operationis defectio
171 1367 1946 1455 nem: quia enim operatio cuiuscunque virtutis nata est per se delectare: quod ipsa noidelectat hoc so-
175 1422 1947 1511 lum contingit propter perceptionem alicuius imperfectionis circa ipsam: quae scilicet non per-
178 1475 1943 1560 fecta operatio elicitur a virtute, quae imperfectio non contingit ex se: sed solummodo ex organi de-
178 1530 1950 1623 fectu. Vires enim non senescunt in se nec deficiunt: sed ex organo. Omnis ergo dolor talis procedit
175 1585 1953 1676 ex perceptione illius imperfectionis: sicut econtrario ex perceptione perfectionis eius: nascitur delecta
174 1640 1949 1728 tio. AD quaestionem ergo respondendum quo ad vires sensitiuas quod omnis dolor in animali tanquam
176 1687 1953 1775 ex radice prima & ex causa propter quam sic, non sequitur ex aliqua apprehensione: sed ex sola orga-
176 1742 1952 1835 ni laesione, vel virtutis offensione, vel operationis defectione tanquam ex inconuenientis coniunctione.
184 1800 1948 1887 Sicut econtrario: delectatio vt ex radice prima, non sequitur ex aliqua apprhensione: sed ex sola organi
195 1851 1949 1938 confortatione, vel virtutis pacatione, vel operis perfectione. Et vt generaliter causas horum assigne-
183 1906 1947 1996 mus: quo ad omnes passiones sensibiles, vt ex radice prima sequuntur ex intentione conuenientis & dis
188 1957 1957 2056 conuenientis imminentis quo ad passiones quae respiciunt malum futurum: vel bonum futu-
184 2012 1953 2110 rum quales sunt timor & spes: vel instantis & hoc quo ad passiones quae respiciunt malum
192 2070 1957 2164 praesens, vt sunt dolor & tristitia. Tanquam autem ex radice proxima dolor sensitiuus & caeterae passi
193 2132 1949 2202 ones ex apprehensione, sicut ex causa sine qua non: experceptione vt excausa propter quam sic:
195 2174 1951 2264 sed per accidens: ex intentione autem percepta circa sensibile vt ex causa per se propter quam sic. ipsum
191 2225 1951 2309 enim sensibile puta lupus aut mulier apprehensa sensu aut imaginatione aut intellectum non sunt
191 2280 1950 2370 per se factiua passionum: quia sola imaginatione vel intellectu speculatiuo aut sensu particulari appre
191 2335 1956 2419 henduntur: quae nihil dicunt de actuali bono aut malo: neque de fugiendo vel imitabili: etiam cum
198 2391 1958 2475 apprehendunt timendum aut laetandum: non iubent timere aut laetari: & sunt sicut intelligere
195 2444 1957 2524 & imaginari in nobis cum volumus. In nobis enim est facere hoc prae oculis: sicut contingit positis in
199 2499 1948 2582 recordatiuis. Secundum phantasiam enim & intellectum huiusmodi: nos habemus sicut si essemus
198 2554 1956 2634 considerantes in pictura difficilia & contristantia: ipsae autem intentiones circa sensibilia & intelligi
195 2608 1956 2688 bilia quae consistunt in ordine & relatione rerum contristantium & laetantium ad animata sensibi
197 2661 1947 2748 lia: puta lupus aut mulier: vt inimicum & amicum naturae, perceptae aestimatione vel opinione vt bo
204 2718 1951 2799 num vel malum actuale: quae iubent aut timere aut laetari: & dicunt de fugiendo & imitabili cum
210 2773 1957 2857 percipiunt timendum aut laetandum: & non sunt haec in nobis cum volumus: & cum existimamus
197 2823 1962 2905 aut opinamur aliquid difficile aut tristabile, statim compatimur, secundum quod haec omnia habentur
207 2891 1960 2952 ex tertio de Anima. Et sicut est cum intentiones huiusmodi percipiuntur virtute alia: sic est cum
206 2939 1955 3016 percipiuntur eadem. DE dolore autem quomodo contingit in viribus intellectiuis: sciendum
212 2982 1966 3072 secundum quod dictum est supra de dolore ex apprehensione sensitiua: quod vt ex radicem prima con-
204 3043 1967 3124 tingit ex dispositione siue intentione disconueniente corruptiua: quia illa non habet locum ex par
209 3097 1967 3165 te intellectus: eo quod non est virtutis corruptibilis nec in se nec in organo: quia nuilum habet: sed
212 3151 1975 3241 solummodo ex dispositione offensiua & disconueniente. & hoc non ex eius apprehensione speculati
