2476 3698
509 248 2277 333 & alias dignus, potest pro se petere vt vnicum beneficium obtineat. Sed tamen Bernardus & loannes
505 319 2269 399 glossatores canonum, volunt quod quantumcunque tenue beneficium quis prius acceptauit, non liceat eum ac-
513 377 2270 437 cipere secundum: & quod sibiipsi imputare debet quod tam tenue beneficium ab initio acceptauit: & ita nec talis
509 434 2268 492 omnino posset pro se petere dispensationem ad obtinendum beneficium secundum. Et tamen forte paucitas
508 481 2265 538 clericorum & tenuitas beneficiorum duo casus sunt in quibus solis licet dispensare super pluralitate be
502 535 2275 607 neficiorum: & ad quos omnes alii reducendi sunt. Sed in hoc casu se promptum offerre, non potest dici
506 586 2274 661 petere pro se: quia vt dictum est, hoc non licet ipsum facere pro vtilitate propria & priuata: sed solum
506 642 2275 711 pro necessitate ecclesiae aut vtilitate publica. Nec potest hoc dici absolute petere: sed magis in debito
508 698 2263 761 obedire. in eo enim quod potens dispensare quaerit vtilem cum quo dispensare possit cum opus est, & per-
497 748 2268 805 sona talis non videt ad manum aliquem idoneum qui se offerat cum quo dispensari de iure possit: ipsa
504 802 2252 864 inquam talis persona quasi in generali per hoc vocata est: vt ecclesiae subueniat si possit. & sic tanquam necessi
500 865 2259 917 tate vrgente in tali casu non voluntate affectante ad debitum exoluendum se promptum offerre debet.
509 906 2271 972 iuxta illud quod dicit Gregorius in primo pastoral. Si vnigenitus patris pro explenda omnium salute
507 959 2268 1033 de secreto patris ad publicum nostrum egressus est, nos quid dicturi si secretum nostrum praeponi-
502 1017 2265 1071 mus vtilitati proximorum: ABsolute ergo & proprie loquendo de petere pro se, nullus potest licite pro
506 1069 2268 1133 se dispensationem petere: nec vt cum ipso dispensetur super pluralitate beneficiorum, vel per se, vel per
512 1131 2264 1192 alium procurare. AD obiectum in oppositum, quod cum nemine dispensatur nisi cum petente vel per
508 1176 2274 1235 se, vel per alium: Dicendum quod dispensans si iuste dispensat: non dispensat, vt dictum est, nisi vrgente ne
505 1247 2263 1299 cessitate vel suadente vtilitate non priuata sed publica: & sic ad petitionem non dispensat tanqui ad pe
496 1284 2271 1356 titionem, sed tanquam ad insinuationem. iuxta hoc, quod papa in literis suis dispensatoriis non solet allegare pe
500 1346 2262 1405 titionem alicuius pro ratione dispensandi: sed vel necessitatem ecclesiae vel vtilitatem: quae forte saepius
508 1387 2260 1454 falso insinuantur. propter quid ex falsi suggestione frequenter dispensationes impetrantur. Sed in hoc pro
504 1445 2260 1506 uideat sibi cuius est dispensare: quia secundum apostolum, iam inter dispensatores quaeritur: vt fidelis quis
507 1499 2262 1563 inueniatur. ipsius enim potius est quaerere cum quibus poterit & debeat dispensare: aut honores & di-
505 1553 2262 1621 gnitates conferre: quam illorum petere ab eo vt cum eis dispensetur, aut vt honoris dignitates siue hono
505 1608 2260 1676 res eis conferantur. immo isti omnino hoc facere non debent: nec licet eis: sed magis debent talia fugere.
508 1661 2259 1719 lpse autem illos qui digni sunt ad hoc, debet quaerere: & non petentibus sed fugientibus talia offerre:
507 1715 2264 1772 & quaerentibus & petentibus tanquam ambitiosis & indignis ea denegare, vt dictum est. Vnde recitat Au-
512 1766 2267 1839 gustinus dictum fuisse de Catone: Quo minus petebat gloriam tanto magis illum sequebatur. & ad
504 1822 2270 1881 dit ibidem quinto de ciuitate dei. Honores quos non expetiuit Cato, petere non debuit: sed ei ciui-
509 1873 2264 1933 tas ob eius virtutem non petenti dare. Hoc est vt credo quod fieri debet. si secus fiat: ipsi viderint qui
502 1927 667 1986 faciunt.
844 1983 2272 2045 lrca tertium arguitur, quod non licet viris ecclesiasticis in expensis praeternecessariis
844 2036 2259 2102 bona ecclesiastica consumere. quia pro eis omnibus dicit apo stolus. Habentes qui
850 2092 2256 2155 bus vescimur & tegimur iis contenti sumus. Sed in hoc excluditur omnis vsus prae-
846 2143 2257 2209 ternecessarius. ergo &c. IN contrarium est communis consuetudo. DICENdum
849 2200 2264 2260 ad hoc: quod secundum quod dicitur. x, quaest. ii. Precarie. res ecclesiae quemque tractare conue
836 2250 2269 2320 nit vt alienarum rerum dispensatorem, sed non vt propriorum largitorem. & vt se
510 2316 2265 2372 cundum quod dicitur in capitulo proximo sequenti, episcopus habeat potestatem in rebus ecclesiae: vt
502 2357 2255 2421 dispenset ea necessitatem habentibus cum omni reuerentia & timore dei. Participare etiam opus eum
504 2414 2257 2472 quae necessaria sunt: si tamen ipse aut qui cum eo sunt fratres indiguerint aliquo: vt necessitatem
504 2465 2264 2527 in nullo patiantur. secundum apostolum dicentem. Victum & tegumentum habentes iis contenti sumus.
508 2518 2263 2585 vbi dicit glos. Nota qualiter exponitur hoc verbum indiguerint: vt arctetur tantum ad victum & vesti-
499 2571 2261 2641 tum, intellige necessarium. Vnde Bernardus in epistola ad Fulconem. Ne tibi frustra blandiaris quod tuis con
509 2629 2260 2698 tentus aliena non rapias. veruntamen quae sunt illa tua: beneficia ecclesiae. recte,. quia surgis ad vigilias:
504 2679 2261 2740 vadis ad missas: horis chorum nocturnis diurnisque frequentas. bene facis. sic enim praebendam gratis
504 2733 2257 2794 non accipis. Dignum est vt qui altario deseruit de altario viuat. Non autem vt de altario luxurieris
504 2784 2255 2848 vt de altario superbias, vt de altario compares tibi fraena aurea, sellas depictas, calcaria deaurata, varia
507 2847 2256 2909 grise aque pellicea a collo & manibus ornatu purpureo diuersificata. Denique quicquid praeter necessa-
507 2894 2258 2962 rium victum ac simplicem vestitum de altario retines, tuum non est, rapina est, sacrilegium est. Haben
504 2943 2257 3006 tes inquit apostolus victum suum & vestitum, non victum & ornatum. Sic ergo nos contenti simus
513 2998 2255 3057 vestimentis quibus operiamur: non quibus lasciuiamus, non quibus superbiamus, non quibus mu-
506 3049 2239 3121 lierculis placere studeamus. Ait enim idem ad Henricum Senonensem archiepiscopum. Clamant nudi:
504 3112 2250 3193 clamant famelici: conqueruntur & dicunt. Dicite pontifices in fraeno quid facit aurum, nobis fame & fri-
