<?xml version="1.0" encoding="UTF-8" standalone="yes"?>
<PcGts xmlns="http://schema.primaresearch.org/PAGE/gts/pagecontent/2013-07-15" xmlns:xsi="http://www.w3.org/2001/XMLSchema-instance" xsi:schemaLocation="http://schema.primaresearch.org/PAGE/gts/pagecontent/2013-07-15 http://schema.primaresearch.org/PAGE/gts/pagecontent/2013-07-15/pagecontent.xsd">
    <Metadata>
        <Creator>prov=University of Rostock/Institute of Mathematics/CITlab|PLANET AI GmbH/Gundram Leifert/gundram.leifert@planet-ai.de:name=Badius1518-m5(htr_id=23184)::::v=2.6.6
prov=University of Rostock/Institute of Mathematics/CITlab|PLANET AI GmbH/Tobias Gruening/tobias.gruening@planet-ai.de:name=de.uros.citlab.module.baseline2polygon.B2PSeamMultiOriented:v=2.6.6
prov=University of Rostock/Institute of Mathematics/CITlab|PLANET AI GmbH/Tobias Gruening/tobias.gruening@planet-ai.de:name=/net_tf/LA73_249_0mod360.pb:de.uros.citlab.segmentation.CITlab_LA_ML:v=2.6.0
Transkribus</Creator>
        <Created>2019-12-09T23:49:15.829+01:00</Created>
        <LastChange>2020-04-22T22:51:30.806+02:00</LastChange>
        <TranskribusMetadata docId="291873" pageId="11635788" pageNr="987" tsid="28169727" status="IN_PROGRESS" userId="25065" imgUrl="https://files.transkribus.eu/Get?id=IJNJFFHGPBHYQXUMXKCNNXNX&amp;fileType=view" xmlUrl="https://files.transkribus.eu/Get?id=FZSMTPLCGPFZPHLWBPSKZEPW" imageId="8014827"/>
    </Metadata>
    <Page imageFilename="986.jpg" imageWidth="2446" imageHeight="3746">
        <ReadingOrder>
            <OrderedGroup id="ro_1587600716601" caption="Regions reading order">
                <RegionRefIndexed index="0" regionRef="TextRegion_1586043916175_23"/>
            </OrderedGroup>
        </ReadingOrder>
        <TextRegion orientation="0.0" id="TextRegion_1586043916175_23" custom="readingOrder {index:0;}">
            <Coords points="188,294 1955,291 1946,3154 188,3159"/>
            <TextLine id="r2l2" custom="readingOrder {index:0;}">
                <Coords points="537,354 1913,355 1974,340 1974,259 1788,294 537,281"/>
                <Baseline points="549,341 619,340 690,339 760,338 831,338 902,338 972,337 1043,337 1114,337 1184,337 1255,337 1326,337 1396,337 1467,337 1538,337 1608,337 1679,337 1750,337 1820,337 1891,336 1962,335"/>
                <TextEquiv>
                    <Unicode>Equuntur quaesita circa hominem viatorem pertinentia specialiter ad laicum vel ad clericum. Et</Unicode>
                </TextEquiv>
            </TextLine>
            <TextLine id="r2l3" custom="readingOrder {index:1;}">
                <Coords points="546,413 1959,405 1985,331 546,354"/>
                <Baseline points="557,394 627,394 698,393 769,393 840,392 911,392 982,392 1053,391 1124,391 1195,391 1266,391 1336,391 1407,391 1478,390 1549,390 1620,390 1691,391 1762,391 1833,391 1904,391 1975,391"/>
                <TextEquiv>
                    <Unicode>erant duo pertinentia specialiter ad hominem laicum. Primum in vexando proximum: vtrum &amp;</Unicode>
                </TextEquiv>
            </TextLine>
            <TextLine id="r2l4" custom="readingOrder {index:2;}">
                <Coords points="551,463 1827,465 1963,456 1963,402 550,417"/>
                <Baseline points="561,449 630,448 700,447 769,446 839,446 908,445 978,445 1047,445 1117,444 1186,444 1256,444 1325,444 1395,444 1464,444 1534,444 1603,445 1673,445 1742,445 1812,445 1881,445 1951,445"/>
                <TextEquiv>
                    <Unicode>aici publica tenentes officia vexantes parentes clericorum, quia ipsi clerici nolunt</Unicode>
                </TextEquiv>
            </TextLine>
            <TextLine id="r2l5" custom="readingOrder {index:3;}">
                <Coords points="535,516 1816,525 1965,509 1965,455 535,470"/>
                <Baseline points="547,501 617,501 687,500 758,500 828,500 898,500 969,499 1039,499 1109,499 1180,498 1250,498 1320,498 1391,498 1461,498 1531,498 1602,498 1672,498 1742,498 1813,499 1883,499 1954,500"/>
                <TextEquiv>
                    <Unicode>eis obedire: sint excommunicati. Secundum in occidendo proximum: vtrum in lege noua</Unicode>
                </TextEquiv>
            </TextLine>
            <TextLine id="r2l6" custom="readingOrder {index:4;}">
                <Coords points="520,586 1961,587 1961,526 1910,508 520,501"/>
                <Baseline points="531,555 601,555 672,554 743,554 814,553 885,553 956,552 1027,552 1098,552 1169,552 1240,552 1310,552 1381,552 1452,552 1523,552 1594,552 1665,552 1736,553 1807,553 1878,553 1949,554"/>
                <TextEquiv>
                    <Unicode>liceat iudicem saecularem occidere quemquam pro solo furto. ClRca primum arguitur, quod </Unicode>
                </TextEquiv>
            </TextLine>
            <TextLine id="r2l7" custom="readingOrder {index:5;}">
                <Coords points="522,610 1961,616 1961,579 1856,559 522,584"/>
                <Baseline points="534,608 604,608 675,608 746,608 817,608 888,607 958,607 1029,606 1100,606 1171,605 1242,605 1312,604 1383,604 1454,604 1525,604 1596,604 1666,605 1737,605 1808,606 1879,607 1950,609"/>
                <TextEquiv>
                    <Unicode>illi laici sunt excommunicati, quia extra de sen. excommunicationis. Nouit. dicitur quod </Unicode>
                </TextEquiv>
            </TextLine>
            <TextLine id="r2l8" custom="readingOrder {index:6;}">
                <Coords points="521,680 1953,669 1953,629 1881,617 521,607"/>
                <Baseline points="532,661 602,661 673,661 743,661 814,661 884,661 955,660 1025,660 1096,659 1166,659 1237,659 1307,658 1378,658 1448,657 1519,657 1589,657 1660,657 1730,658 1801,658 1871,659 1942,660"/>
                <TextEquiv>
                    <Unicode>statuentes contra ecclesiae libertatem sunt excommunicati: illi autem contra eam in sic</Unicode>
                </TextEquiv>
            </TextLine>
            <TextLine id="r2l9" custom="readingOrder {index:7;}">
                <Coords points="194,735 1883,732 1953,726 1953,669 194,680"/>
                <Baseline points="206,723 292,722 379,720 466,719 553,718 640,716 726,715 813,714 900,713 987,713 1074,712 1160,712 1247,711 1334,711 1421,711 1508,711 1594,712 1681,712 1768,713 1855,714 1942,715"/>
                <TextEquiv>
                    <Unicode>faciendo contra clericos &amp; eorum libertatem pugnant facto: quid maius est. ergo &amp;c. Contra, parentes il</Unicode>
                </TextEquiv>
            </TextLine>
            <TextLine id="r2l10" custom="readingOrder {index:8;}">
                <Coords points="196,792 1950,783 1910,724 195,735"/>
                <Baseline points="206,777 292,776 379,774 465,773 552,772 639,771 725,770 812,769 899,768 985,767 1072,766 1159,766 1245,765 1332,765 1419,765 1505,765 1592,765 1679,765 1765,766 1852,766 1939,767"/>
                <TextEquiv>
                    <Unicode>li clericorum laici sunt in quos habent potestatem: &amp; sic licet eis hoc facere. pro licito autem facto nemo</Unicode>
                </TextEquiv>
            </TextLine>
            <TextLine id="r2l11" custom="readingOrder {index:9;}">
                <Coords points="198,842 1953,832 1952,775 198,791"/>
                <Baseline points="210,830 296,829 383,828 469,827 556,826 642,825 729,824 815,823 902,822 988,821 1075,820 1162,819 1248,819 1335,818 1421,818 1508,818 1594,818 1681,818 1767,819 1854,820 1941,821"/>
                <TextEquiv>
                    <Unicode>est excommunicatus. ergo &amp;c. DIcendum quod quaestio aut quaerit de: excommunicatione canonica pro iniectio</Unicode>
                </TextEquiv>
            </TextLine>
            <TextLine id="r2l12" custom="readingOrder {index:10;}">
                <Coords points="197,897 1903,891 1944,836 196,844"/>
                <Baseline points="207,885 293,884 379,882 465,881 552,880 638,878 724,877 811,876 897,875 983,874 1070,873 1156,873 1242,872 1328,872 1415,871 1501,871 1587,872 1674,872 1760,873 1846,874 1933,875"/>
                <TextEquiv>
                    <Unicode>ne manus violenta in clericum: aut pro aliquo alio delicto. Si primo modo, dico quod propter illum canonem ex</Unicode>
                </TextEquiv>
            </TextLine>
            <TextLine id="r2l13" custom="readingOrder {index:11;}">
                <Coords points="193,951 1899,947 1956,883 193,896"/>
                <Baseline points="203,940 290,938 377,936 464,935 551,933 638,932 725,931 813,930 900,929 987,928 1074,927 1161,926 1248,926 1335,926 1423,925 1510,925 1597,925 1684,926 1771,926 1858,927 1946,927"/>
                <TextEquiv>
                    <Unicode>tali facto non sunt excommunicati: quia talis canon loquitur de iniuria illata clerico in persona sua tantum. Si se</Unicode>
                </TextEquiv>
            </TextLine>
            <TextLine id="r2l14" custom="readingOrder {index:12;}">
                <Coords points="198,1004 1808,1000 1950,990 1950,938 198,953"/>
                <Baseline points="209,993 295,991 382,990 468,988 555,987 641,986 728,984 814,983 901,982 987,981 1074,980 1161,979 1247,979 1334,978 1420,978 1507,978 1593,978 1680,979 1766,979 1853,980 1940,982"/>
                <TextEquiv>
                    <Unicode>cundo modo: tunc distinguendum est de causa excommunicationis &amp; animo vexantium. Aut enim vexant parentes</Unicode>
                </TextEquiv>
            </TextLine>
            <TextLine id="r2l15" custom="readingOrder {index:13;}">
                <Coords points="193,1058 1833,1058 1964,1035 1964,978 192,1004"/>
                <Baseline points="203,1047 290,1045 378,1043 465,1041 553,1040 640,1039 728,1037 815,1036 903,1035 990,1034 1078,1033 1166,1033 1253,1032 1341,1032 1428,1031 1516,1031 1603,1031 1691,1031 1778,1031 1866,1032 1954,1032"/>
                <TextEquiv>
                    <Unicode>clericorum vt cogant clericos subiicere se ipsorum iurisdictioni in illis in quibus non debent esse iudices</Unicode>
                </TextEquiv>
            </TextLine>
            <TextLine id="r2l16" custom="readingOrder {index:14;}">
                <Coords points="195,1113 1839,1105 1966,1089 1966,1041 194,1065"/>
                <Baseline points="206,1100 293,1098 381,1096 468,1095 556,1093 643,1092 731,1091 818,1090 906,1089 993,1088 1081,1087 1168,1086 1256,1086 1343,1086 1431,1085 1518,1085 1606,1085 1693,1086 1781,1086 1868,1086 1956,1087"/>
                <TextEquiv>
                    <Unicode>eorum: &amp; ne quaerant ecclesiasticum auxilium in talibus pro vexatione parentum clericorum: in isto casu dico quod sunt excom</Unicode>
                </TextEquiv>
            </TextLine>
            <TextLine id="r2l17" custom="readingOrder {index:15;}">
                <Coords points="191,1166 1875,1160 1953,1153 1953,1091 190,1111"/>
                <Baseline points="201,1154 288,1152 375,1151 462,1150 549,1148 636,1147 723,1146 810,1144 897,1143 984,1142 1071,1141 1158,1141 1245,1140 1332,1139 1419,1139 1506,1139 1593,1139 1680,1140 1767,1141 1854,1142 1942,1143"/>
                <TextEquiv>
                    <Unicode>municati auctoritate canonis allegati, &amp; expressius eodem titulo cap. Grauem. &amp; expressissime auctori</Unicode>
                </TextEquiv>
            </TextLine>
            <TextLine id="r2l18" custom="readingOrder {index:16;}">
                <Coords points="199,1218 1953,1194 1952,1153 1381,1142 198,1168"/>
                <Baseline points="209,1207 295,1205 382,1204 468,1202 555,1201 642,1200 728,1198 815,1197 902,1196 988,1196 1075,1195 1162,1194 1248,1193 1335,1193 1422,1192 1508,1192 1595,1192 1682,1192 1768,1192 1855,1192 1942,1192"/>
                <TextEquiv>
                    <Unicode>tate Bituricen. concilii in cap. Cum nonnulli. Aut vexant eos pro aliis causis, puta ne clerici iniurientur ciuibus</Unicode>
                </TextEquiv>
            </TextLine>
            <TextLine id="r2l19" custom="readingOrder {index:17;}">
                <Coords points="196,1277 1955,1255 1954,1191 196,1221"/>
                <Baseline points="206,1262 292,1260 379,1258 466,1257 553,1255 640,1253 727,1252 814,1251 901,1250 988,1249 1075,1248 1161,1247 1248,1247 1335,1247 1422,1246 1509,1246 1596,1247 1683,1247 1770,1247 1857,1248 1944,1249"/>
                <TextEquiv>
                    <Unicode>suis, aut ciuitati: in isto casu credo vel consimili, etsi forte grauiter peccarent, quod non sunt excommuni</Unicode>
                </TextEquiv>
            </TextLine>
            <TextLine id="r2l20" custom="readingOrder {index:18;}">
                <Coords points="194,1326 1878,1342 1952,1258 194,1278"/>
                <Baseline points="205,1314 291,1313 378,1312 465,1311 552,1310 639,1308 726,1307 812,1306 899,1305 986,1304 1073,1303 1160,1302 1247,1302 1334,1301 1420,1301 1507,1301 1594,1301 1681,1301 1768,1302 1855,1302 1942,1304"/>
                <TextEquiv>
                    <Unicode>cati. Breuiter enim credo quod pro tali facto non sunt excommunicati nisi vel directe vel indirecte infringunt</Unicode>
                </TextEquiv>
            </TextLine>
            <TextLine id="r2l21" custom="readingOrder {index:19;}">
                <Coords points="200,1386 1214,1381 1213,1315 199,1325"/>
                <Baseline points="210,1370 259,1369 309,1368 359,1367 408,1367 458,1366 508,1365 557,1364 607,1363 657,1363 707,1362 756,1361 806,1361 856,1360 905,1360 955,1359 1005,1359 1054,1359 1104,1359 1154,1359 1204,1360"/>
                <TextEquiv>
                    <Unicode>libertatem ecclesiae. Per haec patent obiecta vtriusque partis.</Unicode>
                </TextEquiv>
            </TextLine>
            <TextLine id="r2l22" custom="readingOrder {index:20;}">
                <Coords points="512,1432 1898,1435 1950,1424 1950,1349 511,1375"/>
                <Baseline points="522,1418 592,1417 663,1416 734,1416 805,1415 876,1415 947,1414 1018,1414 1089,1414 1160,1413 1231,1413 1301,1413 1372,1413 1443,1412 1514,1412 1585,1412 1656,1411 1727,1411 1798,1410 1869,1409 1940,1408"/>
                <TextEquiv>
                    <Unicode>Irca secundum arguitur, quod in lege noua non licet occidere quenquam pro solo furto, quia </Unicode>
                </TextEquiv>
            </TextLine>
            <TextLine id="r2l23" custom="readingOrder {index:21;}">
                <Coords points="517,1491 1886,1489 1945,1474 1945,1421 517,1430"/>
                <Baseline points="528,1472 598,1471 668,1470 738,1469 809,1468 879,1468 949,1468 1020,1467 1090,1467 1160,1467 1231,1467 1301,1466 1371,1466 1441,1466 1512,1466 1582,1466 1652,1465 1723,1465 1793,1465 1863,1464 1934,1463"/>
                <TextEquiv>
                    <Unicode>hoc non licuit in lege veteri: quia ipsa taxauit talionem vt pro vna oue redderentur quaetuor </Unicode>
                </TextEquiv>
            </TextLine>
            <TextLine id="r2l24" custom="readingOrder {index:22;}">
                <Coords points="519,1536 1634,1546 1947,1530 1949,1475 519,1490"/>
                <Baseline points="529,1525 599,1524 669,1523 740,1522 810,1522 881,1521 951,1521 1022,1521 1092,1521 1163,1521 1233,1521 1303,1521 1374,1521 1444,1521 1515,1521 1585,1521 1656,1520 1726,1520 1797,1519 1867,1519 1938,1518"/>
                <TextEquiv>
                    <Unicode>&amp; pro vno boue quinque boues, vt habetur Exo. xxii. vbi etiam dicitur, quod si non haberet vn </Unicode>
                </TextEquiv>
            </TextLine>
            <TextLine id="r2l25" custom="readingOrder {index:23;}">
                <Coords points="519,1590 1945,1576 1931,1525 519,1535"/>
                <Baseline points="530,1578 600,1578 670,1577 740,1577 810,1577 881,1576 951,1576 1021,1576 1091,1576 1161,1575 1232,1575 1302,1575 1372,1575 1442,1575 1512,1574 1583,1574 1653,1574 1723,1573 1793,1573 1863,1572 1934,1571"/>
                <TextEquiv>
                    <Unicode>de redderet, fur venderetur, &amp; de pretio suo satisfieret. In lege autem noua non de- </Unicode>
                </TextEquiv>
            </TextLine>
            <TextLine id="r2l26" custom="readingOrder {index:24;}">
                <Coords points="515,1644 1949,1645 1949,1575 515,1589"/>
                <Baseline points="526,1632 596,1632 667,1632 737,1632 808,1631 879,1631 949,1631 1020,1630 1090,1630 1161,1630 1232,1629 1302,1629 1373,1629 1443,1628 1514,1628 1585,1627 1655,1627 1726,1626 1796,1626 1867,1625 1938,1624"/>
                <TextEquiv>
                    <Unicode>bet obseruari maior crudelitas quam in veteri: quia illa erat lex timoris: ista vero est</Unicode>
                </TextEquiv>
            </TextLine>
            <TextLine id="r2l27" custom="readingOrder {index:25;}">
                <Coords points="519,1704 1952,1694 1952,1648 1870,1635 519,1645"/>
                <Baseline points="530,1687 600,1686 671,1686 741,1685 812,1684 882,1684 953,1683 1023,1683 1094,1683 1164,1682 1235,1682 1305,1682 1376,1681 1446,1681 1517,1681 1587,1681 1658,1681 1728,1681 1799,1681 1869,1681 1940,1681"/>
                <TextEquiv>
                    <Unicode>lex amoris. dicente Augustinum. Breuis differentia legis &amp; euangelii: timor &amp; amor</Unicode>
                </TextEquiv>
            </TextLine>
            <TextLine id="r2l28" custom="readingOrder {index:26;}">
                <Coords points="493,1746 1941,1749 1940,1698 1886,1690 493,1704"/>
                <Baseline points="504,1739 575,1739 646,1739 717,1739 789,1739 860,1739 931,1739 1003,1738 1074,1738 1145,1738 1217,1738 1288,1737 1359,1737 1430,1737 1502,1736 1573,1736 1644,1735 1716,1735 1787,1735 1858,1734 1930,1734"/>
                <TextEquiv>
                    <Unicode>ergo &amp;c. IN contrarium est consuetudo obseruata in ecclesia. DIcendum quod pro nullo de</Unicode>
                </TextEquiv>
            </TextLine>
            <TextLine id="r2l29" custom="readingOrder {index:27;}">
                <Coords points="189,1812 1716,1814 1941,1801 1941,1748 189,1750"/>
                <Baseline points="200,1807 279,1806 507,1797 586,1795 665,1794 744,1794 823,1793 902,1793 981,1792 1060,1792 1140,1791 1219,1791 1298,1791 1377,1791 1456,1790 1535,1790 1614,1790 1693,1789 1772,1789 1851,1788 1931,1787"/>
                <TextEquiv>
                    <Unicode>licto quis morte plectendus est: dum tamen potest aliter corrigi, quia semper poenae mitigandae sunt. Mors autem</Unicode>
                </TextEquiv>
            </TextLine>
            <TextLine id="r2l30" custom="readingOrder {index:28;}">
                <Coords points="201,1865 1938,1859 1953,1795 201,1814"/>
                <Baseline points="212,1857 298,1854 385,1852 471,1850 558,1849 644,1848 731,1847 817,1846 904,1845 990,1845 1077,1845 1163,1845 1250,1845 1336,1844 1423,1844 1509,1844 1596,1843 1682,1843 1769,1842 1855,1841 1942,1840"/>
                <TextEquiv>
                    <Unicode>vltima poenarum est: propter quid dicitur in auten. vt nulli iudicum. scilicet pro furto. Collx. Pro furto nolu-</Unicode>
                </TextEquiv>
            </TextLine>
            <TextLine id="r2l31" custom="readingOrder {index:29;}">
                <Coords points="195,1924 1936,1910 1953,1859 194,1856"/>
                <Baseline points="206,1909 292,1907 379,1905 466,1903 553,1902 640,1901 726,1900 813,1899 900,1899 987,1898 1074,1898 1160,1898 1247,1897 1334,1897 1421,1897 1508,1897 1594,1896 1681,1896 1768,1895 1855,1895 1942,1894"/>
                <TextEquiv>
                    <Unicode>mus omnino quodlibet membrum abscindi aut mori: sed eum aliter castigari. Si tamen aliter cor</Unicode>
                </TextEquiv>
            </TextLine>
            <TextLine id="r2l32" custom="readingOrder {index:30;}">
                <Coords points="197,1989 1914,1963 1953,1906 197,1924"/>
                <Baseline points="208,1962 294,1960 381,1959 468,1957 555,1956 641,1955 728,1954 815,1954 902,1953 988,1953 1075,1953 1162,1952 1249,1952 1335,1952 1422,1951 1509,1951 1596,1951 1682,1950 1769,1949 1856,1948 1943,1947"/>
                <TextEquiv>
                    <Unicode>rigi non potest aut castigari: &amp; per hoc mors vtilior iudicetur quam vltra viuere, quia sic cessare mala</Unicode>
                </TextEquiv>
            </TextLine>
            <TextLine id="r2l33" custom="readingOrder {index:31;}">
                <Coords points="199,2029 1911,2025 1944,1959 198,1981"/>
                <Baseline points="209,2016 295,2014 381,2013 467,2012 553,2011 640,2010 726,2009 812,2008 898,2008 984,2007 1071,2007 1157,2006 1243,2006 1329,2006 1415,2005 1502,2005 1588,2004 1674,2003 1760,2003 1846,2002 1933,2001"/>
                <TextEquiv>
                    <Unicode>agere quaedam correctio est, morte furtum bene plectendum est. Quia vt dicitur. xxiii. cauiam qu. v. cap. Prodest. si</Unicode>
                </TextEquiv>
            </TextLine>
            <TextLine id="r2l34" custom="readingOrder {index:32;}">
                <Coords points="194,2079 1808,2080 1943,2065 1943,2024 193,2026"/>
                <Baseline points="204,2070 290,2069 376,2067 463,2066 549,2065 636,2063 722,2063 809,2062 895,2061 982,2061 1068,2060 1154,2060 1241,2059 1327,2059 1414,2058 1500,2058 1587,2057 1673,2057 1760,2056 1846,2056 1933,2055"/>
                <TextEquiv>
                    <Unicode>ue plectendo siue ignoscendo hoc solum bene agitur vt vita hominum corrigatur. In casu autem quo incor- </Unicode>
                </TextEquiv>
            </TextLine>
            <TextLine id="r2l35" custom="readingOrder {index:33;}">
                <Coords points="195,2134 1829,2133 1949,2121 1949,2066 195,2081"/>
                <Baseline points="206,2124 292,2122 379,2121 465,2120 552,2119 639,2118 725,2117 812,2116 898,2116 985,2115 1072,2115 1158,2114 1245,2114 1331,2113 1418,2113 1505,2112 1591,2112 1678,2111 1764,2111 1851,2110 1938,2109"/>
                <TextEquiv>
                    <Unicode>rigibilis inuenitur fur, loquitur aliud capitulum ibidem dicens sic. Qui malos percutit in eo quod mali</Unicode>
                </TextEquiv>
            </TextLine>
            <TextLine id="r2l36" custom="readingOrder {index:34;}">
                <Coords points="200,2188 1948,2169 1947,2121 200,2134"/>
                <Baseline points="210,2179 296,2177 382,2175 469,2173 555,2172 641,2171 728,2170 814,2169 900,2169 987,2168 1073,2168 1159,2167 1246,2167 1332,2166 1418,2166 1505,2165 1591,2165 1677,2164 1764,2163 1850,2162 1937,2161"/>
                <TextEquiv>
                    <Unicode>sunti&amp; habet causam interfectionis &amp; potestatem vt occidat, minister est domini. Causa autem vt oc</Unicode>
                </TextEquiv>
            </TextLine>
            <TextLine id="r2l37" custom="readingOrder {index:35;}">
                <Coords points="206,2245 1956,2230 1955,2169 206,2199"/>
                <Baseline points="216,2232 302,2230 388,2229 475,2228 561,2226 648,2225 734,2224 820,2223 907,2223 993,2222 1080,2221 1166,2220 1252,2220 1339,2219 1425,2218 1512,2217 1598,2217 1684,2216 1771,2215 1857,2214 1944,2213"/>
                <TextEquiv>
                    <Unicode>cidat duo in se debet continere. Vnum ex parte facti pro quo quis occidendus est scilicet quod vergat in praeiudicium</Unicode>
                </TextEquiv>
            </TextLine>
            <TextLine id="r2l38" custom="readingOrder {index:36;}">
                <Coords points="194,2291 1939,2285 1881,2222 193,2241"/>
                <Baseline points="205,2285 291,2284 377,2282 463,2281 549,2280 635,2279 721,2278 807,2277 893,2276 979,2275 1066,2275 1152,2274 1238,2273 1324,2272 1410,2271 1496,2270 1582,2270 1668,2268 1754,2267 1840,2266 1927,2265"/>
                <TextEquiv>
                    <Unicode>dei aut proximi. Aliud ex parte occidendi quod incorrigibilis appareat. Propter primum dat furtum causam</Unicode>
                </TextEquiv>
            </TextLine>
            <TextLine id="r2l39" custom="readingOrder {index:37;}">
                <Coords points="197,2346 1868,2340 1953,2291 197,2300"/>
                <Baseline points="209,2339 295,2338 382,2336 469,2335 555,2334 642,2332 729,2331 815,2330 902,2329 989,2328 1076,2327 1162,2326 1249,2325 1336,2324 1422,2324 1509,2323 1596,2322 1682,2321 1769,2321 1856,2320 1943,2319"/>
                <TextEquiv>
                    <Unicode>occidendi: &amp; est directe contra legem naturae &amp; pactum humanae societatis. dicente Tullio libo tertio</Unicode>
                </TextEquiv>
            </TextLine>
            <TextLine id="r2l40" custom="readingOrder {index:38;}">
                <Coords points="198,2409 1875,2399 1945,2393 1945,2328 197,2346"/>
                <Baseline points="209,2391 295,2390 381,2389 467,2389 554,2388 640,2387 726,2385 813,2384 899,2383 985,2383 1072,2381 1158,2380 1244,2380 1330,2379 1417,2378 1503,2377 1589,2376 1676,2376 1762,2375 1848,2375 1935,2374"/>
                <TextEquiv>
                    <Unicode>de officiis. Hominem hominis incommodo suum commodum augere magis est contra naturam quam mors: </Unicode>
                </TextEquiv>
            </TextLine>
            <TextLine id="r2l41" custom="readingOrder {index:39;}">
                <Coords points="199,2460 1938,2454 1953,2395 198,2409"/>
                <Baseline points="209,2445 295,2445 382,2444 469,2443 555,2442 642,2441 729,2440 815,2439 902,2438 989,2437 1076,2436 1162,2435 1249,2434 1336,2433 1422,2432 1509,2431 1596,2431 1682,2430 1769,2429 1856,2429 1943,2429"/>
                <TextEquiv>
                    <Unicode>nam tollit conuictum humanum. Illud natura non patitur vt aliorum spoliis nostras facultates augeamus.</Unicode>
                </TextEquiv>
            </TextLine>
            <TextLine id="r2l42" custom="readingOrder {index:40;}">
                <Coords points="207,2516 1875,2508 1945,2444 206,2457"/>
                <Baseline points="217,2499 302,2499 388,2498 474,2497 560,2496 646,2495 732,2494 818,2493 904,2492 990,2491 1076,2490 1161,2489 1247,2487 1333,2487 1419,2485 1505,2485 1591,2484 1677,2483 1763,2482 1849,2481 1935,2481"/>
                <TextEquiv>
                    <Unicode>&amp; sic iure naturae sicut dicit fures tanquam membra putrida abscindendi de coetu humani generis &amp;</Unicode>
                </TextEquiv>
            </TextLine>
            <TextLine id="r2l43" custom="readingOrder {index:41;}">
                <Coords points="206,2565 1952,2545 1951,2488 206,2523"/>
                <Baseline points="217,2553 303,2553 389,2552 475,2551 561,2551 647,2550 733,2549 820,2547 906,2546 992,2545 1078,2544 1164,2543 1250,2541 1336,2540 1423,2539 1509,2539 1595,2538 1681,2537 1767,2537 1853,2537 1940,2537"/>
                <TextEquiv>
                    <Unicode>morte plectendi. Secundum autem dictorum dat causam occidendi: quia tollit omne aliud remedium</Unicode>
                </TextEquiv>
            </TextLine>
            <TextLine id="r2l44" custom="readingOrder {index:42;}">
                <Coords points="199,2624 1945,2611 1909,2546 199,2567"/>
                <Baseline points="209,2608 295,2607 381,2606 467,2605 553,2604 640,2603 726,2602 812,2601 898,2600 984,2599 1071,2598 1157,2597 1243,2596 1329,2595 1415,2595 1502,2594 1588,2593 1674,2592 1760,2591 1846,2590 1933,2589"/>
                <TextEquiv>
                    <Unicode>talis autem iudicandus est fur ex humanis praesumptionibus: quia aliter interiora hominum scire non</Unicode>
                </TextEquiv>
            </TextLine>
            <TextLine id="r2l45" custom="readingOrder {index:43;}">
                <Coords points="207,2683 1935,2655 1880,2599 207,2624"/>
                <Baseline points="218,2662 303,2661 388,2660 474,2659 559,2659 644,2658 730,2657 815,2656 900,2655 986,2654 1071,2653 1156,2652 1242,2651 1327,2650 1412,2649 1498,2648 1583,2647 1668,2645 1754,2644 1839,2642 1925,2641"/>
                <TextEquiv>
                    <Unicode>possumus. Praesumptio autem talis accipitur, vel ex magnitudine rei quam furatur, vel ex assuefactio</Unicode>
                </TextEquiv>
            </TextLine>
            <TextLine id="r2l46" custom="readingOrder {index:44;}">
                <Coords points="197,2731 1870,2721 1942,2704 1941,2652 196,2680"/>
                <Baseline points="208,2715 294,2715 380,2714 466,2714 552,2713 638,2712 724,2711 811,2710 897,2709 983,2708 1069,2707 1155,2706 1241,2705 1327,2703 1414,2702 1500,2701 1586,2700 1672,2698 1758,2697 1844,2695 1931,2694"/>
                <TextEquiv>
                    <Unicode>ne furandi, per quam quis super furandi actu diffamatus est tamquam frequenter deprehensus in tali scelere quam </Unicode>
                </TextEquiv>
            </TextLine>
            <TextLine id="r2l47" custom="readingOrder {index:45;}">
                <Coords points="196,2779 1935,2776 1895,2704 196,2731"/>
                <Baseline points="208,2770 293,2769 379,2768 465,2767 551,2767 637,2766 722,2765 808,2764 894,2763 980,2762 1066,2762 1151,2760 1237,2759 1323,2758 1409,2757 1495,2755 1580,2754 1666,2752 1752,2750 1838,2748 1924,2746"/>
                <TextEquiv>
                    <Unicode>tuncumque sit modicum furtum. Vnde propter hoc secundum leges humanae quae prohibebant fures simplices occidi</Unicode>
                </TextEquiv>
            </TextLine>
            <TextLine id="r2l48" custom="readingOrder {index:46;}">
                <Coords points="208,2847 1833,2827 1944,2815 1944,2771 207,2781"/>
                <Baseline points="218,2823 303,2823 389,2822 475,2822 561,2821 647,2820 732,2819 818,2818 904,2818 990,2817 1076,2816 1161,2815 1247,2814 1333,2812 1419,2811 1505,2810 1590,2808 1676,2807 1762,2805 1848,2804 1934,2802"/>
                <TextEquiv>
                    <Unicode>pro furto, vt habitum est supra, bene praecipiunt fures famosos occidi. fr. de poenis. l. Capitalium. S. Fa-</Unicode>
                </TextEquiv>
            </TextLine>
            <TextLine id="r2l49" custom="readingOrder {index:47;}">
                <Coords points="196,2886 1948,2872 1923,2813 195,2851"/>
                <Baseline points="207,2878 293,2877 380,2876 466,2876 553,2875 639,2874 726,2873 812,2873 899,2872 985,2871 1072,2870 1158,2869 1245,2868 1331,2866 1418,2865 1504,2863 1591,2862 1677,2860 1764,2858 1850,2856 1937,2854"/>
                <TextEquiv>
                    <Unicode>mosos. Propter primum lex Moysi quae in minoribus furtis ordinauit talionem: maiora prohibuit sub</Unicode>
                </TextEquiv>
            </TextLine>
            <TextLine id="r2l50" custom="readingOrder {index:48;}">
                <Coords points="193,2948 1894,2929 1944,2880 192,2889"/>
                <Baseline points="204,2931 290,2931 377,2930 463,2930 550,2929 636,2928 723,2927 809,2927 896,2926 982,2925 1069,2924 1155,2923 1242,2922 1328,2920 1415,2919 1501,2918 1588,2916 1674,2914 1761,2913 1847,2911 1934,2909"/>
                <TextEquiv>
                    <Unicode>poena sanguinis siue mortis. Aestimabatur autem res furata maior vel ratione sui, vel ratione eius</Unicode>
                </TextEquiv>
            </TextLine>
            <TextLine id="r2l51" custom="readingOrder {index:49;}">
                <Coords points="177,3009 1942,2982 1941,2921 176,2954"/>
                <Baseline points="188,2985 275,2984 362,2984 449,2983 536,2983 623,2982 710,2981 797,2981 884,2980 971,2979 1059,2978 1146,2977 1233,2975 1320,2974 1407,2973 1494,2971 1581,2969 1668,2968 1755,2966 1842,2964 1930,2962"/>
                <TextEquiv>
                    <Unicode>in cuius possessione erat. Propter primum diter Exo. xxi. Qui furatus fuerit hominem &amp; vendiderit eum, conuictus</Unicode>
                </TextEquiv>
            </TextLine>
            <TextLine id="r2l52" custom="readingOrder {index:50;}">
                <Coords points="197,3050 1638,3046 1923,3034 1940,2981 196,2996"/>
                <Baseline points="208,3040 294,3040 380,3039 466,3038 552,3037 638,3036 724,3035 810,3034 896,3033 982,3032 1069,3031 1155,3030 1241,3029 1327,3028 1413,3026 1499,3025 1585,3023 1671,3022 1757,3020 1843,3018 1930,3016"/>
                <TextEquiv>
                    <Unicode>noxae morte moriatur. Propter secundum Achor lapidatus fuit, quia propter sacrilegium furando domino</Unicode>
                </TextEquiv>
            </TextLine>
            <TextLine id="r2l53" custom="readingOrder {index:51;}">
                <Coords points="198,3103 1957,3085 1956,3031 1897,3027 198,3055"/>
                <Baseline points="210,3094 296,3094 383,3093 470,3093 557,3092 644,3091 730,3090 817,3089 904,3088 991,3087 1078,3085 1164,3084 1251,3083 1338,3081 1425,3080 1512,3078 1598,3077 1685,3076 1772,3074 1859,3073 1946,3072"/>
                <TextEquiv>
                    <Unicode>consecrata. Vnde de morte eius legitur los. x. vbi die. Quia turbasti nos exturbet te dominus in die hac. &amp; lapi</Unicode>
                </TextEquiv>
            </TextLine>
            <TextLine id="r2l54" custom="readingOrder {index:52;}">
                <Coords points="200,3167 1845,3160 1945,3095 199,3110"/>
                <Baseline points="211,3149 297,3149 383,3149 469,3149 555,3148 642,3148 728,3147 814,3145 900,3144 986,3143 1073,3142 1159,3140 1245,3139 1331,3137 1417,3136 1504,3135 1590,3133 1676,3132 1762,3131 1848,3130 1935,3129"/>
                <TextEquiv>
                    <Unicode>dauit eum omnis populus, quid est, quia quae furatus erat de possessione domini erant vt dicitur los. vi. Sit ciuitas</Unicode>
                </TextEquiv>
            </TextLine>
            <TextEquiv>
                <Unicode>Equuntur quaesita circa hominem viatorem pertinentia specialiter ad laicum vel ad clericum. Et
erant duo pertinentia specialiter ad hominem laicum. Primum in vexando proximum: vtrum &amp;
aici publica tenentes officia vexantes parentes clericorum, quia ipsi clerici nolunt
eis obedire: sint excommunicati. Secundum in occidendo proximum: vtrum in lege noua
liceat iudicem saecularem occidere quemquam pro solo furto. ClRca primum arguitur, quod 
illi laici sunt excommunicati, quia extra de sen. excommunicationis. Nouit. dicitur quod 
statuentes contra ecclesiae libertatem sunt excommunicati: illi autem contra eam in sic
faciendo contra clericos &amp; eorum libertatem pugnant facto: quid maius est. ergo &amp;c. Contra, parentes il
li clericorum laici sunt in quos habent potestatem: &amp; sic licet eis hoc facere. pro licito autem facto nemo
est excommunicatus. ergo &amp;c. DIcendum quod quaestio aut quaerit de: excommunicatione canonica pro iniectio
ne manus violenta in clericum: aut pro aliquo alio delicto. Si primo modo, dico quod propter illum canonem ex
tali facto non sunt excommunicati: quia talis canon loquitur de iniuria illata clerico in persona sua tantum. Si se
cundo modo: tunc distinguendum est de causa excommunicationis &amp; animo vexantium. Aut enim vexant parentes
clericorum vt cogant clericos subiicere se ipsorum iurisdictioni in illis in quibus non debent esse iudices
eorum: &amp; ne quaerant ecclesiasticum auxilium in talibus pro vexatione parentum clericorum: in isto casu dico quod sunt excom
municati auctoritate canonis allegati, &amp; expressius eodem titulo cap. Grauem. &amp; expressissime auctori
tate Bituricen. concilii in cap. Cum nonnulli. Aut vexant eos pro aliis causis, puta ne clerici iniurientur ciuibus
suis, aut ciuitati: in isto casu credo vel consimili, etsi forte grauiter peccarent, quod non sunt excommuni
cati. Breuiter enim credo quod pro tali facto non sunt excommunicati nisi vel directe vel indirecte infringunt
libertatem ecclesiae. Per haec patent obiecta vtriusque partis.
Irca secundum arguitur, quod in lege noua non licet occidere quenquam pro solo furto, quia 
hoc non licuit in lege veteri: quia ipsa taxauit talionem vt pro vna oue redderentur quaetuor 
&amp; pro vno boue quinque boues, vt habetur Exo. xxii. vbi etiam dicitur, quod si non haberet vn 
de redderet, fur venderetur, &amp; de pretio suo satisfieret. In lege autem noua non de- 
bet obseruari maior crudelitas quam in veteri: quia illa erat lex timoris: ista vero est
lex amoris. dicente Augustinum. Breuis differentia legis &amp; euangelii: timor &amp; amor
ergo &amp;c. IN contrarium est consuetudo obseruata in ecclesia. DIcendum quod pro nullo de
licto quis morte plectendus est: dum tamen potest aliter corrigi, quia semper poenae mitigandae sunt. Mors autem
vltima poenarum est: propter quid dicitur in auten. vt nulli iudicum. scilicet pro furto. Collx. Pro furto nolu-
mus omnino quodlibet membrum abscindi aut mori: sed eum aliter castigari. Si tamen aliter cor
rigi non potest aut castigari: &amp; per hoc mors vtilior iudicetur quam vltra viuere, quia sic cessare mala
agere quaedam correctio est, morte furtum bene plectendum est. Quia vt dicitur. xxiii. cauiam qu. v. cap. Prodest. si
ue plectendo siue ignoscendo hoc solum bene agitur vt vita hominum corrigatur. In casu autem quo incor- 
rigibilis inuenitur fur, loquitur aliud capitulum ibidem dicens sic. Qui malos percutit in eo quod mali
sunti&amp; habet causam interfectionis &amp; potestatem vt occidat, minister est domini. Causa autem vt oc
cidat duo in se debet continere. Vnum ex parte facti pro quo quis occidendus est scilicet quod vergat in praeiudicium
dei aut proximi. Aliud ex parte occidendi quod incorrigibilis appareat. Propter primum dat furtum causam
occidendi: &amp; est directe contra legem naturae &amp; pactum humanae societatis. dicente Tullio libo tertio
de officiis. Hominem hominis incommodo suum commodum augere magis est contra naturam quam mors: 
nam tollit conuictum humanum. Illud natura non patitur vt aliorum spoliis nostras facultates augeamus.
&amp; sic iure naturae sicut dicit fures tanquam membra putrida abscindendi de coetu humani generis &amp;
morte plectendi. Secundum autem dictorum dat causam occidendi: quia tollit omne aliud remedium
talis autem iudicandus est fur ex humanis praesumptionibus: quia aliter interiora hominum scire non
possumus. Praesumptio autem talis accipitur, vel ex magnitudine rei quam furatur, vel ex assuefactio
ne furandi, per quam quis super furandi actu diffamatus est tamquam frequenter deprehensus in tali scelere quam 
tuncumque sit modicum furtum. Vnde propter hoc secundum leges humanae quae prohibebant fures simplices occidi
pro furto, vt habitum est supra, bene praecipiunt fures famosos occidi. fr. de poenis. l. Capitalium. S. Fa-
mosos. Propter primum lex Moysi quae in minoribus furtis ordinauit talionem: maiora prohibuit sub
poena sanguinis siue mortis. Aestimabatur autem res furata maior vel ratione sui, vel ratione eius
in cuius possessione erat. Propter primum diter Exo. xxi. Qui furatus fuerit hominem &amp; vendiderit eum, conuictus
noxae morte moriatur. Propter secundum Achor lapidatus fuit, quia propter sacrilegium furando domino
consecrata. Vnde de morte eius legitur los. x. vbi die. Quia turbasti nos exturbet te dominus in die hac. &amp; lapi
dauit eum omnis populus, quid est, quia quae furatus erat de possessione domini erant vt dicitur los. vi. Sit ciuitas</Unicode>
            </TextEquiv>
        </TextRegion>
    </Page>
</PcGts>
