2396 3720
131 229 1875 300 est liberatus nisi super hoc dispensationem aut licentiam obtinuerit competentem. & quid maius est:
137 285 1877 347 si quis promisit intrare vnum monasterium ex religionibus habentibus bona temporalia mobilia & im-
136 339 1868 412 mobilia distincta secundum distinctionem monasteriorum, non soluit promissum intrando aliud
142 392 1866 459 sicut aestimo, vt qui vouit intrare monasterium ordinis sancti Benedicti apud sanctum Dionysium
136 446 1864 504 non soluit promissum complete intrando illud apud sanctum Germanum: quia etsi satisfaciat re
134 492 1873 570 ligioni siue ordini simpliciter & in hoc deo: non tamen satisfacit monasterio cui fecit suam promis
139 555 1867 616 sionis: si non velit remittere promissum: quia aliquid iuris habet ex illo promisso illud monaste-
141 606 1865 677 rium quod non habet aliud. secus autem est de religione in qua diuersa monasteria nihil sibi appro-
139 663 1870 726 priant, sed quicquid habent proprium est toti religioni pro singulis fratribus eius: vt quantum iu-
130 715 1870 776 ris habet singulus eorum in bonis vnius monasterii: tantum habet in bonis alterius. Propter quod
137 775 1865 834 ex suo promisso nihil plus iuris in illum acquirit vnum monasterium quam aliud. propter quod vouens intra-
141 822 1869 877 re vnum, sine omni iniuria illius potest intrare aliud & soluit persecte promissum: vt contingit in
131 876 1868 942 religionibus fratrum praedicatorum & Minorum. Ad argumentum in oppositum quod sufficien
136 927 1861 991 ter liberatus est: quia aequaliter soluit promissum quo ad tria essentialia in votis: Dicendum quod
138 985 1862 1048 non est verum: quia iste non solum promittit religionem vbi tria vota essentialia obseruantur: sed
140 1036 1867 1101 vbi etiam cum talibus obseruantiis obseruantur. & quid amplius est si eaedem obseruantiae custodi-
137 1085 1874 1158 rentur: postquam tamen non essent eis omnia aequaliter conmunia sicut non sunt diuersis monasteriis in ea
139 1143 1857 1210 dem religione quandoque, adhuc non satisfaceret quo ad eos quibus facta erat promissio licet satis-
133 1193 1865 1265 faceret quo ad rem promissam. Non enim qui aliquid promittit vni & in hoc debitor eius factus
137 1252 1872 1321 est, satisfacit si hoc soluit alteri, immo si sit res quae potest ab eodem solui pluribus postquam soluerit
133 1313 1865 1371 vni debet eam adhuc soluere alteri, vt si vni promisi denarium & credens soluere siue satisface-
134 1360 1860 1424 re dem denarium alteri puta pauperi in eleemosynam, adhuc teneor soluere denarium illi cui era
132 1407 1860 1465 obligatus ex promisso. Vnde si talis subintrauit aliam religionem laxiorem: ante professionem de-
131 1461 1849 1528 bet exire & intrare religionem cui se deuouit nisi dispensationem vel licentiam competentem habue-
128 1514 1861 1576 rit, etiam si scandalum ex hoc debeat oriri: quia hoc respectu illius scandalum passiuum est non
137 1570 1863 1629 actiuum nisi quo ad hoc quod fatue egit ab initio in talem necessitatem se ponendo: & de illa debet age
132 1624 1863 1691 re poenitentiam: & maxime si ex suo exitu postmodum scandalum oriatur: quia contra illud debuisset
128 1682 1857 1742 sibi prouidisse. propter quod ei imputatur sicut ebrioso si committat homicidium. Post professio
136 1741 1854 1799 nem autem per maius votum absolutus est a minori, debet tamen agere poenitentiam scilicet
137 1787 1851 1851 pro transgressione minoris. ET quod assumitur in argumento quod per simplex votum non obli-
138 1838 1854 1905 gatur ad plus, quam ad tria essentialia: Dicendum quod nec ad illa tria nec ad alia obligatur, & hoc
136 1898 1860 1957 neque quo ad ipsorum obseruantiam finalem, nec quo ad ipsorum experientiam: sed solummodo ob
140 1940 1864 2008 ligatur ad praecisum ingressum religionis vbi illa tria obseruantur cum talibus obseruantiis: &
132 2006 1860 2066 non satisfacit nisi intrando talem religionem: quo facto statim perfecte liberatus est & satisfecit &
133 2054 1861 2124 recedere potest libere quandocunque ei placuerit ante voti solennizationis: secundum quod alibi pla-
139 2102 502 2172 nius declarauimus.
449 2118 1852 2217 Irca secundum, quod dicti fratres non possunt dictum fratrem ad suam re ligionem recipe
451 2206 1852 2262 re arguitur: quia contrectarent rem alienam inuito domino. i. praelato suo alterius
448 2260 1859 2315 religionis. Similiter inuito praelato summo potoentifice scilicet qui hoc in priuilegioyse da
452 2311 1849 2374 to prohibuit vt ponitur in casu. ltem per tale factum ministratur pluribus scan-
456 2363 1859 2426 dalum: ergo peccat qui eius ex suo facto dat occasionem. ergo &c. Contrarium
454 2419 1852 2488 vt dixit opponens sit religioni suae. DIcendum quod si omnia essent vera quae supe
457 2475 1856 2536 ponuntur in casm. scilicet quod fratres qui recipiunt ad suam religionem fratres alterius re
135 2525 1859 2584 ligionis non essent strictioris religionis, nec cum hoc haberent priuilegium fortius contrarium, aut si ha
143 2582 1857 2647 berent, non tamen constaret de illo, & quod illi de alia religione sic essent priuilegiati vt dixit opponens, omni-
140 2629 1851 2700 no peccarent recipientes: dum tamen constaret eis de aliorum priuilegiis. peccarent et propter ipsum factum: quia iniurio
139 2686 1857 2750 sum est in se vt procedit prima ratio: & propter scandalum quod exinde sequitur: quia si ita esset scan
139 2745 1855 2806 dalum actiuum esset. Si autem veritas non suffragaretur in dictis: quia. scilicet recipientes essent strictio
135 2800 1849 2859 ris religionis, nullo modo peccarent. quia non obstaret priuilegium illud quod non concedit nisi ius commune
147 2842 1851 2914 De iure autem communi non licet transire de religione ad religionem nisi illa ad quam transitur stri
139 2894 1861 2966 ctior esset. Si enim esset aequalis strictionis tunc transire reputari debet curiositatis siue leuitatis. Si
147 2957 1856 3020 vero esset laxior, tunc transire reputari debet irreligiositatis siue dissolutionis. Et de iure commu-
138 3005 1856 3074 ni licet transire ad arctiorem religionem petita licentia a praelato laxioris religionis licet non ob-
138 3053 1858 3138 tenta. Frater autem opponens vt ostenderet religionem suam fore arctiorem quam illam ad quam
