2402 3720
109 209 1860 315 est. Sic enim consulendum est: & bene. Et quid assumitur: ergo non manet obligatus obligatione pec
113 281 1854 374 cati: dicendum quod verum est secundum iam dicta. Et quod assumitur: quare nec debiti: dicendum quod
109 336 1851 434 falsum est. Quid arguitur ad illius probationem per Augustinum. Non dimittitur peccatum &c. Verum
113 402 1849 482 est nisi restituatur facto vel firmo proposito secundum dictum modum: & alterum sufficit ad ab-
114 445 1849 538 solutionem a peccato: sed solum factum sufficit ad absolutionem a debito, vt dictum est. AD ar-
120 496 1844 600 gumentum in oppositum ex eodem: dicendum quod non valet: quia hic ablatum restitutum proposi
117 550 1847 637 to sufficit ad dimissionem peccati: & manet obligatio debiti: non quia ab illa secundum actum non so
122 601 1850 710 luta dependet obligatio peccati: sed obligationis debiti solutio dependet ab ipso actum solutionis. Pro
125 667 1849 760 pter quod qui committit alteri restitutionem faciendam: bene debet esse cautus quod ipse fideliter agat
122 713 1857 810 sibi commissum: quia quantocumque bono animo committat: non tamen absoluitur nisi commissum fiat
127 769 1855 859 sicut qui in testamento committit vt de bonis suis sibi quaerantur indulgentiae, nunquam illas obtinet ni
122 821 1858 913 si quod de bonis suis faciendum ordinauit fiat: nisi pro quanto ab initio meretur bona deuotio: quae
128 881 1853 963 statim aliquid meretur: non tamen totum quod obtineret si quod ordinauit fieret. Et pro tan-
130 922 1858 1017 to vult Augustinus quod post mortem nihil recipit mortuus nisi quid merebatur viuus. Tali enim bona
131 976 1868 1071 deuorione merebatur: vt si quae ordinauit fiant: indulgentias recipiat: quas tamen non recipit nisi
128 1033 1861 1125 fiant. Si autem nihil bona deuotione ordinando vel alio modo merebatur: vt si quid fieret ei vale-
131 1109 746 1182 ret: nihil omnino ei valet etsi fiat.
458 1127 1865 1234 Equuntur pertinentia ad praedicationis instructionem. Et erant duo. Vnum per-
469 1194 1872 1278 tinens ad dignitatem boni praedicatoris quam meretur ex actu praedicandi:
475 1251 1858 1329 Vtrum scilicet ille qui ex priuilegio habet potestatem praedicandi: & alios praedica-
464 1305 1867 1390 tione sua instruendi, ex eo quod aliis praedicat, & eos instruit, maior sit & verius sit
466 1360 1859 1446 pater quam qui hoc potest facere & facit iurisdictione ordinaria. Alterum quod perti-
465 1414 1857 1491 net ad poenam impedientis praedicatorem veritatis in tali praedicatione: vtrum
145 1465 1859 1551 scilicet excommunicatus ab ordinario loci: quia publice restitit vera praedicanti: si postmodum ce-
146 1519 1852 1607 lebret, sit irregularis. ClRca primum arguitur quod ille qui ex priuilegio: maior sit & verius pater per
147 1572 1862 1663 exemplum: quia dicitur Mar. v quod archisynagogus quidam nomine lairus impetrauit a Christo
153 1630 1861 1713 vt filiam suam suscitaret. Et vt dicit Glos. interlinearis. lairus interpretatur illuminans vel illu-
150 1682 1864 1760 minatus: quia verbis vitae populum illuminauit: & vt hoc posset a spiritu illuminatus est. lairus
151 1733 1871 1816 autem ille maior erat inter ludaeos, & verus pater puellae: quia naturalis. Ex quo patet quod omnis il
154 1784 1869 1879 luminatus a deo: & ex hoc alium illuminans: ex hoc sit pater eius: & potest dici pater puellae susci
155 1841 1868 1920 tandaed i. animae fidelis per gratiam viuificandae: siue hoc faciat ex iurisdictione ordinaria vel delega
149 1894 1867 1983 ta siue ex actu charitatis paternae. Et tanto verius: quanto magis & verius est illuminatus: & ve-
153 1947 1877 2034 rius & magis siue perfectius alios illuminat. Et hoc patet de Dauid: qui non fuit propheta ex offi-
154 1996 1879 2091 cio sicut Esaias & Hieremias & caeteri: sed tantummodo ex actu prophetandi quo caeteris expressius,
158 2055 1882 2138 excellentius, & eminentius prophetauit. Propter quod dictus est etiam eximius prophetarum, quasi
153 2111 1875 2181 caeteris excellentior: qui prophetabant ex officio: ipse autem non. Vnde apud Hebraeos non numera-
162 2159 1880 2244 tur inter prophetas: sed inter hagiographos. Vnde & aliquando melius prophetizat qui ex solo
158 2212 1882 2296 actu est propheta: quam qui ex officio. Similiter etiam aliquando est aliquis cantor ex officio, & aliquam
157 2262 1875 2346 do ex actu cantandi: & constat quod melius frequenter cantat cantor ex actu quam cantor ex officio. Qua
158 2320 1878 2402 re cum maiorem potestatem ad illuminandum alios habent priuilegiati quam ordinarii ex illumina-
170 2372 1877 2456 tione: & etiam quia delegatus fungitur vice delegantis: & ideo maior est omni ordinario. extra de
170 2428 1884 2506 offi. iudic. delius. Sane. ii. magis etiam sunt aliis doctrina illuminati qua possunt alios instruendo
161 2480 1887 2564 & praedicando illuminare quam ordinarii, vt patet ex se: maior ergo est omnino ille qui ex priuilegio
163 2536 1883 2620 habet potestatem praedicandi & illuminandi et verius pater quam ille cui haec competunt ex pote-
167 2586 1891 2665 state ordinaria: et similiter ille qui hoc facit ex charitate si melius docet & instituit: quia multi
161 2639 1888 2728 multa nouerunt quae non nouerunt praelati. ltem tales aut patres dicuntur aut paedagogi.
174 2694 1884 2778 Apostolus enim non videtur distinguere instructores nisi in patres & paedagogos: cum dicit. i. ad
172 2745 1896 2836 Corinth. iiii. Si habeatis decem milia paedagogorum: non tamen plures patres. Sed isti instructo-
172 2802 1891 2884 res euangelici paedagogi non possunt dici: quia dicitur Galat. iii. Lex paedagogus noster erat
170 2851 1905 2933 in Christo: at vbi fides venit iam non sumus sub paedagogo. Omnes enim filii des estis per fi
176 2905 1911 2996 dem in Christo lesu. vbi dicit Glossa. Postquam reuelata est fides quae prius occulta fuerat in antiquis
178 2960 1911 3043 non sumus sub paedagogo. Quod potest intelligi ex alio loco. i. Corinthi. iiii. vbi loquitur
169 3026 1908 3089 Apostolus de paedagogo. Etsi decem milia paedagogorum habeatis &c. vt supra dicitur. Ecce quod
171 3069 1913 3158 Paulus probat sub euangelio se esse patrem: quia doctor erat euangelii: absit ergo quod sumus sub pae-
