2396 3720
142 265 1875 368 quae per gratiam dantur per quae sunt filii: lste modus quo nos deus per gratiam suam genuit adoptio
138 346 1875 408 vocatur. & hoc maxime propter gratiam fidei. Propter quid dicitur loam. i. Dedit eis potestatem filios
144 393 1879 464 dei fieri iis qui &c. In sic spiritalibus inquam ille dicitur solus maior respectu filii & vere pater qui ipsum
140 454 1874 508 filium in esse spirituali generat, & a quo habet quod esse tale habeat. Aquo etiam debet habere alia duo.
153 503 1877 576 Vnum quod eum in esse conseruet scilicet per nutritionem. & aliud quod eum in esse dirigat scilicet per disciplinam.
145 557 1879 620 Et a primo istorum dicitur quis vere pater: a secundo autem & tertio nequaquam: sicut neque in natu
139 617 1875 677 ralibus secundum praedicta. Sed primum istorum ille qui verissime pater dicitur non sicut supra in natu-
149 664 1879 735 ralibus per se solum operatur: sed operatur etiam per alium, licet ille principaliter operetur: alius
141 721 1873 784 autem non principaliter. Et propter hoc vera paternitas in spiritualibus recipit gradus licet non
145 774 1875 843 in naturalibus. Asecundo autem & tertio vt supra, dicitur aliquis pater mutuando nomen patris: quia aliquid
144 828 1870 895 agit circa filium spiritaliter genitum vice patris generantis. Generantis dico, dictam gratiam qua sit adopta
144 881 1878 946 tio, conferendo. Dico autem agere vice patris generantis circa filium spiritualiter genitum, di-
146 929 1876 1003 ctam gratiam nutriendo per teneram vel facilem doctrinam fidei, & dirigendo per sapientiam perfe
137 988 1876 1042 ctam intellectus. Illam doctrinam fidei appellat Paulus potum lactis cum dicit. i. Corin. iii. Tamquam par-
154 1044 1882 1111 uulis in Christo. Glos. In cognitione Christi. Lac dedi vobis potum. Glos. i. Facilem & dulcem do-
143 1094 1871 1167 ctrinam & nutrientem. Sapientiam autem intellectus appellat escam quasi solidum cibum qui de
149 1145 1879 1214 betur adultis iam perfectis. Vnde subdit. Non escam. Glos. Non altiora praedicaui vobis. De quibus
141 1213 1867 1271 dicit. i. Corin. ii. Sapientiam loquimur inter perfectos. Glos. Qui inter vos incapaces simpliciter lo-
154 1261 1871 1324 quuti sumus: sapientiam autem quae est de secretis dei, loquimur inter perfectos. Perfectos hic dicit: non perfectos co
147 1311 1873 1380 gnitores & doctores quibus opus non est doceri: sed auditores iam capaces. Ad quam tamen capa
144 1357 1869 1417 citatem oportet prius per vsum lactis enutriri. secundum quod dicitur. i. Petri. ii. Sicut modo geniti infantes
140 1415 1868 1475 lac concupiscite vt in eo crescatis in salutem. GEnerare autem dicitur aliquis conferendo gratiam ad
145 1470 1871 1535 optionis. Vnde dicitur aliquis vere pater vel auctoritate vel ministerio. Auctoritate solus deus tri
141 1529 1862 1585 nitas: omnes autem alii ministerio tantum: quia solus deus pater gratiam adoptionis creando infundit.
144 1580 1865 1647 Caeteri autem ad hoc aliquid ministerialiter operantur: quo medio instrumentaliter deus gratiam
138 1629 1866 1685 illam infundit. Et ideo solus deus trinitas propriissime dicitur pater spiritualis & nullus alius sic
141 1685 1862 1745 respectu illius. secundum quod dicitur Matth. xxiii. Omnes vos fratres estis, & patrem nolite vocare vo
149 1735 1862 1791 bis super terram. Vnus est enim pater vester qui est in caelis. Vnde & dicit Glos. super illud. i. Cori.
147 1790 1858 1861 iiii. Per euangelium ego vos genui. Cum praedixisset ego vos genui: addidit per euangelium: ne ipsius
146 1843 1866 1912 putaretur esse quod dei est. Ait enim dominus in euangelio: Ne vobis dicatis &c. Quod non ideo dici-
147 1892 1869 1970 tur vt hoc nomen caeteris tollatur: sed ne gratia dei qua in aeternam vitam generamur, naturae vel
141 1950 1873 2019 potestati vel etiam sanctitati cuiusquam tribuatur. Appellantur quidem & alii patres: sed non sicut deus.
141 2004 1865 2064 qui vnus & verus pater est, qui regenerat spiritu sancto quos facit filios ad aeternam haereditatem.
139 2056 1869 2124 Homines vero dicuntur patres propter honoris gratiam, propter aetatem curamque pietatis. & hoc
142 2113 1864 2178 non nisi ministerialiter. In quo conveniunt & illi qui operantur circa iam regeneratum per gratiam,
137 2170 1865 2230 & etiam illi qui aliquid operantur circa regenerandum vt gratia adoptionis ei conferatur. Conue-
141 2216 1869 2276 niunt quidem in generali in hoc quod ambo operantur ministerialiter: sed differunt in modo operan-
137 2269 1876 2322 di: quia hi ministerialiter saltem operantur ad generationem: & sic quodammodo generant. Illi au
140 2326 1868 2387 tem nequaquam: sed solummodo ad generati nutritionem & directionem. Et ideo licet ambo dicantur
143 2376 1862 2437 patres ministerio: verius tamen & principalius isti dicuntur patres, quam illi: & maiores respectu fi
139 2434 1867 2499 liorum, quam illi. ita quod illi respectu istorum proprie patres dici non possunt: sed proprio nomine di-
149 2484 1873 2551 cuntur paedagogi. Et ideo Paulus reputans se vnum de numero istorum & praeferendum illis tan
147 2535 1868 2601 quam maiorem & verum patrem respectu illorum, se patrem appellauit: & ab illis nomen paternita-
145 2592 1871 2650 tis repulit: appellans illos paedagogos quando dixit. i. Corinthio. iiii. Vt filios meos charissimos
138 2649 1866 2708 moneo: nam si habetis. x. milia paedagogorum in Christo non multos patres tamen: nam in Christo
136 2693 1868 2754 lesu per euangelium ego vos genui. Vbi dicit Glossa super illud. Vt filios. Bene dico quod vos estis
132 2746 1868 2809 filii: quia ego pater sum. Et hoc est quod ait. Nam si habeatis decem milia paedagogorum in
136 2800 1873 2867 Christo. Glossa. Finitum pro infinito posuit: id est quantamlibet multitudinem eruditorum in
139 2853 1869 2918 Christo qui non genuerunt vos, habeatis. Vbi habet alia litera: Qui erudierunt. & est vtrunque
140 2907 1877 2966 verum: quia & erundierunt iam genitos: sed non genuerunt erudiendos: sed tamen non ha-
137 2959 1878 3035 betis multos patres qui genuissent vos in fide Christi: nam ego tantum vos genui non in me
136 3015 1877 3076 scilicet naturam meam vobis communicans sicut generant patres naturales & carnales: sed in
133 3071 1874 3128 Christo lesu. i. in fide Christi, fidem scilicet Christi vobis communicando: & hoc per euangelium
132 3119 1882 3205 iet per meam praedicationem. & sic ministerio insinuat se eos genuisse, & per hoc esse patrem: non aucto-
