2451 3749
174 266 1953 360 perfecta: nec ex auctoritate ordinaria: nec ex commissa vel delegata: non dicitur ita proprie pater: quia
177 349 1956 415 non est ita proprie generans: sed disponens & habilitans ad generationem &c. De iis qui primo modo con
180 399 1948 467 uertunt: & ideo patres dicuntur: dicit Apost. i. Corint. iii. Ego plantaui Apollo rigauit. vbi dicit Glos.
174 453 1944 525 Ego plantaui praedicatione ad fidem: Apollo rigauit baptismo. Et vterque potest dici pater operan-
174 509 1935 578 do ad generationem: & hoc proprie respectu illius qui solum operatur circa iam genitum in fide.
181 561 1940 623 Quia etiam gratia fidei sine baptismo non consignat charactere sicut facit baptismus: & ita per
179 612 1941 692 gratiam baptismalem perfecta fit adoptio quasi consignata sigillo principis: quae quasi est inchoata
182 668 1939 738 quando per gratiam praeuenitur baptismus: ideo inter illos magis proprie dicuntur patres qui generant
185 728 1931 793 per sacramentum baptismi conferentis gratiam non iam praeuentam: quam qui sola praedicatione: qua
183 779 1942 848 conuersus recipit gratiam praeuenientem baptismum: vel qua etiam lapsus a fide post baptismum ite-
178 829 1933 896 rum per praedicationem reformatur ad fidem. de quo dicitur Galics, quarto. Filioli mei quos iterum
178 887 1944 953 parturio. Glos. Primo quidem per fidem genuerat eos in baptismo: sed postea deformati sunt per
183 930 1936 1008 peseudo apostolos, quos cum dolore reformat. Attamen non dicit Paulus: quos iterum genero: quia non ita
174 984 1940 1069 proprie est noua generatio aut filiatio sicut ab initio: manet enim filiatio in charactere quodammo-
179 1033 1945 1102 do. hinc dicit Augustinus super loan. sermo. xii. Generatio spiritualis vna est sicut & generatio carna-
174 1094 1940 1164 lis vna est. Ex hoc autem quod dicit: genuerat in baptismo: Nota quod generare per baptismum contin-
181 1142 1941 1225 git aliquem dupliciter: vel auctoritate & ordinaria potestate: vel ex conmissione & vice ordinarii & eius
180 1193 1933 1269 auctoritate. & quia ille potius dicitur opus facere cuius vice & auctoritate fit: quam qui illud exequitur: id
179 1247 1939 1320 circo talis baptizando per alium puta sacerdos curatus, per suum capellanum: potius dicitur bapti-
176 1304 1938 1375 zare quam capellanus: & potius pater & maior pater quam capellanus: licet vterque dicatur pater: maxime
178 1367 1942 1427 si prius per suam praedicationem conuertit ad fidem quos per alios baptizat: quemadmodum Pau-
169 1409 1944 1482 lus illos quos ad fidem conuertit per ministros suos baptizauit. Episcopus etiam qui habet ex au-
171 1464 1939 1535 ctoritate ordinaria praedicare & omnia sacramenta ministrare: quamuis insistat principalius circa actum
175 1522 1943 1605 praedicandi & corrigendi & huiusmodi quae requirunt in ministerio maiorem perfectionem: quam cir
174 1577 1934 1638 ca actum baptizandi: quamuis non baptizet per seipsum, inquantum scilicet baptizat per inferiorem
173 1625 1943 1694 sacerdotem, qui habet etiam baptizare ex auctoritate ordinaria: licet sub episcopo, vere & proprie
175 1685 1934 1762 pater est. prout etiam Paulus vere pater fuit Corinthiorum: licet paucos ex illis baptizauit: quia
180 1735 1933 1803 missus fuit non tam baptizare quam euangelizare. vt dicit. i. Corinthio. i. Sic igitur descendendo ad
180 1781 1938 1869 quaestionem: dico quod sicut pater naturalis vel carnalis dicitur propter naturalem vel carnalem ge-
179 1837 1934 1909 nerationem: & non propter aliud: dicente Augustinus quod ideo dicitur pater quia generat: sic dicitur
178 1895 1937 1977 pater spiritualis propter spiritualem generationis: scilicet quia generat: & non propter aliud quid
179 1948 1938 2019 operatur circa iam genitum retinentem gratiam adoptionis: quae est praecipue gratia fidei. Quamdiu
173 2013 1948 2083 enim manet informis: vt in illis qui post baptismum incidunt in peccatum mortale: manet filiatio
180 2055 1939 2131 adoptionis: ita quod cum reuertitur ad gratiam charitatis per quam fides formatur, non acquiritur no-
180 2112 1941 2175 ua filiatio: sed solummodo noua filii fugitiui reconciliatio. Propter quid confessores reconciliantes ta-
182 2160 1944 2230 les per sacramentum poenitentiae: pro hoc facto non dicuntur proprie & vere patres eorum: sed
177 2209 1935 2285 solummodo improprie & extenso nomine: quia faciunt aliquid circa iam genitum: quia cum sicut
177 2271 1934 2351 actus patris est generare filium: ita etiam filium genitum qui offendit poenitentem reconciliare &
173 2325 1937 2388 offensam remittere: ideo etiam illi quibus conuenit sic filium reconciliare: scilicet auctoritate & po
181 2383 1938 2445 testate ordinaria: patres sunt vere & proprie. Qui autem hoc possunt facere auctoritate & pote-
184 2422 1946 2504 state delegata ab iis qui dicto modo sunt vere & proprie patres: non sic sunt patres proprie: sed eo
178 2481 1935 2568 rum vicarii vel vices agentes. Pater igitur spiritualis quia generat, primo & propriissime & ve-
186 2533 1943 2608 rissime dicitur solus deus trinitas: qui gratiam adoptionis vt agens principale creat & infundit:
181 2588 1936 2661 respectu cuius nullus homo inquantum homo proprie & vere dicitur pater: sed omnes renati in-
187 2639 1940 2713 ter se sunt fratres. Secundo vero vt agens ministerialiter secundum modum dictum dicitur propriissime
185 2694 1942 2773 & verissime pater Christus inquantum homo: respectu cuius nullus purus homo dicitur proprie
190 2748 1937 2823 & vere pater. & hoc ideo maxime quia ipse merito passionis in sanguine suo omnes nos baptiza-
185 2799 1940 2874 uit virtualiter: vnde baptismus ecclesiae habet efficaciam & virtus fidei vt per baptismum flumi
189 2852 1936 2933 nis aut flaminis baptizamur. dicente Apostolo. Roma. vi. Quicunque baptizati sumus in Christo le-
187 2911 1935 2984 su in morte ipsius baptizati sumus. vbi dicit Glossa super illud. In Christo lesu. Qui baptizat vere.
188 2956 1946 3036 & Apocaid eis. Lauit nos a peccatis nostris in sanguine suo. Propter quid etiam licet Christus dicitur
188 3024 1947 3091 agens ministeriale respectu dei & quantum ad gratiae adoptionis creationem inquantum homo: respectu
189 3073 1946 3157 tamen aliorum hominum dicitur in baptizando agens vt principalis minister: quia ipse potestate
