2485 3708
201 307 1961 406 gore miserabiliter laborantibus: Quid conferunt tot mutatoria vestium, vel extensa in perticis, vel pli
198 387 1972 442 cata in manticis: Nostrum est quod effunditis, nobis crudeliter subtrahitur quod inaniter expenditis, no
196 444 1963 508 stris necessitatibus subtrahitur quicquid accedit vanitatibus vestris. iumenta gradiuntur onusta gen
203 498 1966 556 mis: & nostra non curatis crura nuda caligulis. SIC ergo patet, quod de bonis ecclesiae viri ecclesiastici
201 549 1966 617 nihil possunt sumere ad superfluitatis: sed solum quod pertinet ad victus & vestitus necessitatem, qui
207 597 1965 666 tamen vt dicit glos. super capitulum illud Episcopus, melior vel peior dandus est secundum qualita
205 655 1959 719 tem personarum. Et vt dicitur dist. xli. secundum Augustinum de doctrina christiana. capitulo Quisque. in
205 712 1954 778 omnibus talibus non vsus rerum sed libido est in culpa. Quid ergo loco & tempore & personis conue-
207 764 1954 828 niat, diligenter attendendum est. Fieri enim potest vt sine aliquo vitio cupidinis vel voracitatis pre-
203 811 1961 879 tiosissimo cibo sapiens vtatur: insipiens autem foetidissimae gulae flamma vilissimis ardescat. Nam in
199 864 1961 932 huiusmodi omnibus rebus non est natura earum quibus vtimur: sed vt causa vtendi vel modo ap-
195 918 1955 989 petendi, vel probandum est, vel etiam improbandum quod facimus. Sed hanc causam vtendi timeo quod ni
196 978 1963 1044 mium extendimus. Creuit enim nimium decus ecclesiae in his & honestas exterior: vtinam magis cre
197 1027 1966 1091 uisset interior. secundum illud quod dicitur dist. xli. Episcopus vilem supellectilem, & mensam, & victum
201 1087 1959 1153 pauperem habeat, & dignitatis suae auctorem fide & vitae meritis quaerat. Sed vt dicit ibi glos. hoc
197 1137 1957 1201 hodie non tenet: quia modo habent amplas possessiones. Sed quid est: numquid quia ampliatae sunt pos-
194 1192 1959 1252 sessiones, ampliandae sunt expensae: & non potius eleemosynae: Aurum enim habet ecclesia non vt seruet
202 1244 1955 1299 sed vt eroget & subueniat in necessitatibus. vt. xii. quaest. ii. Aurum. Et similiter potest dici: aurum ha
198 1296 1959 1354 bet ecclesia non vt sumptus ampliet, sed vt eroget. Sed econuerso timeo: quia contingit quod dicit
194 1347 1961 1411 Bernardus in epistola ad Innocentium papam. Alienis laboribus locupletantur clerici: comedunt fru
200 1408 1960 1473 ctum terrae: & prodiit quasi ex adipe iniquitas eorum, quos respicit proprie hodie illa vetus scriptu-
205 1459 1963 1521 ra. Sedit populus manducare, & bibere, & surrexerunt ludere. De quibus dicit Bernardus in fine ter
203 1513 1957 1573 tii ad Eugenium. Solent dicere: Num de vestibus cura est deo: & non magis de moribus: an forte haec
216 1567 1950 1631 vestium difformitas mentium ac morum indicium est: Quid sibi vult quod clerici aliud esse, aliud
214 1621 1953 1681 videri volunt: Nempe habitu milites, quaestu clericos, actu neutrum exhibent: neque pugnant vt mili-
209 1675 1956 1736 tes, neque vt clerici euangelizant. Cuius ordinis sunt: cum vtriusque esse cupiunt, vtrumque deserunt, vtrumque
209 1727 1958 1789 confundunt. Vnusquisque, inquit apostolus, in ordine suo resurget. Isti in quo: an qui sine ordine pecca
201 1777 1957 1834 uerunt, sine ordine peribunt: aut si summe sapiens deus veraciter creditur a summo vsque deorsum ni
197 1824 1966 1893 hil inordinatum relinquere, vereor non alibi inordinandos quam vbi nuilus ordo sed sempiternus horror
205 1884 1959 1948 inhabitat: Ad necessitatem ergo pro qualitate personarum, temporum, & locorum, & societatum & hu-
199 1946 1962 2001 iusmodi, possunt viri ecclesiastici rebus ecclesiae vti secundum magis & minus: ad superfluitatem au-
194 1990 1968 2052 tem & excessum nequaquam. Qualitatem autem illam & quantitatem ad regulam rationis quilibet per in-
196 2041 1962 2116 dustriam suam determinabit. nec certa regula vniuersalis super hoc dari potest. Quia arguitur quod in con
199 2097 1689 2174 trarium est consuetudo: Dicendum quod non est consuetudo sed corruptela perniciosa.
612 2228 1499 2336 Finitur Quodlibet. Secundum Magistri Henrici
610 2313 1037 2379 Goethals a Gandauo.
772 2474 1510 2538 Sequitur Eiusdem Quodlibet. Tertium.
695 2574 1965 2649 VPER In nostra generali disputatione quaerebantur vigintiocto. Quorum
688 2628 1967 2709 quaedam pertinebant ad primum principium: deum scilicet. Quaedam vero
727 2685 1960 2751 d creaturas procedentes ab ipso. Vnum vero pertinens ad vtrumque simul.
734 2747 1963 2805 e quo quia vnicum erat: primo expediendum est: Vtrum videlicet ab in
723 2794 1951 2860 ellectu creato in vita beata videbitur deus per aliquam speciem mediam. ET
725 2848 1965 2911 rguitur quod sic. quia in actione intellectiua sicut in qualibet alia requiri-
699 2896 1967 2967 tur obiectum praesens & agens existens in actum: in dispositione scilicet tali
696 2959 1962 3023 qua natum est agere actionem suam circa obiectum. sed intellectus creatus
694 3004 1971 3068 non est in actu quantum est ex se ad videndum quodcumque visione intellectiua
692 3067 1963 3125 nisi per speciem ipsius obiecti: qua sicut per propriam formam habet elicere
691 3114 1964 3185 actum visionis intellectualis. sicut calidum elicit actionem calefaciendi per
196 3167 1977 3259 speciem caloris quam habet inse. Si ergo intellectus creatus videat deum in vita beata, oportet quod hoc sit
