2437 3737
552 218 2291 301 intellectus autem creatus intelligit deum infinitum sed finite & totum & non totaliter. Et secundum hoc
556 278 2287 363 diximus in quaestionibus nostris ordinariis quod subiectum theologiae deus est, non sub ratione qua est sal
566 336 2292 416 uator aut quocumque modo alio: sed sub ratione omnino absolutissima, prout ibidem determinauimus. propter
560 391 2294 475 quod vt puto mota fuit haec quaestio hic. Deus igitur non ratione alicuius finitatis a parte sui, hoc est
553 447 2293 525 non ratione alicuius specialis rationis puta glorificatoris aut restauratoris determinantis essentiam deita
553 500 2292 576 tis debet poni subiectum theologiae vel scientiae beatorum de deo. Et esto quod ita esset: non valeret ad eorum pero
555 548 2291 637 positum cum per hoc intendant distinguere scientiam infinitam dei de seipso a scientia finita intellectus
562 609 2290 688 creati de deo penes finitum & infinitum. Nam illa ratio specialis quam intelligunt nomine restauratoris
557 657 2294 752 seu glorificatoris vt est in deo secundum se, est etiam infinita: sicut & ipsa ratio deitatis secundum quod deitas est
559 714 2287 802 absolute: sicut & idea asini seu ratio vt est in deo, est infinita: licet secundum modum intelligendi per hu-
555 762 2293 863 iusmodi rationem specialem videatur determinari & finiri per comparationem ad intellectum nostrum ipsa ra
559 817 2286 910 tio deitatis absoluta. Ista ergo ratio specialis nihil faceret ad distinguendum scientiam dei increatam
556 880 2292 977 & scientiam de deo creatam penes finitum & infinitum attendendo ad rationem in obiecto secundum
559 927 2284 1021 se: penes quam tamen rationem vt est in obiecto nituntur distinguere scientiam dei increatam & scientiam de deo
556 990 2294 1084 creatam penes finitum & infinitum: sed ex parte subiecti in quo sic debent distingui penes finitum & infini
549 1041 2288 1124 tum: vt visum est. ltem deus sub nulla ratione finita a parte sui seu determinata(quia nec aliqua ta
558 1095 2285 1192 lis in eo esse potest) potest esse glorificator noster. Si igitur est subiectum theologiae sub ratione qua glo
554 1151 2280 1244 rificator noster (vt concedunt) oportet etiam quod concedant ipsum esse subiectum theologiae sub ratione
558 1204 2272 1301 infinita. nihil ergo valet ad improbandum dictum nostrum de subiecto theologiae ista ratio infinitatis.
575 1258 2274 1356 Ad secundum quod deus quia est obiectum suae scientiae ratione suae infinitatis, ideo simul intelligit alia omnia
559 1320 2266 1393 a se &c. Dico quod verum est. sed intelligere alia a deo intelligendo deum potest contingere dupliciter. Vno
548 1371 2275 1467 modo sub rationibus particularibus quibus differunt inter se. Alio modo secundum aliquam rationem conmunem qua se habent
553 1427 2277 1506 per attributionem aliquam ad deum. Primo modo solus deus naturaliter intelligit alia a se intelligendo se, &
556 1489 2277 1564 hoc propter specialem modum praedictum quo se intelligit sub ratione infinita. Et hoc modo nullus intel
545 1536 2284 1627 lectus creatus intelligendo deum intelligit naturaliter alia a deo: etiam si sit beatus: quia ille videndo de
547 1600 2287 1683 um non videt alia in deo naturaliter sed solummodo secundum modum quo vult ostendere se secundum ra
548 1645 2284 1738 tionem speculi & ideae ad videndum illa in se. Secundo autem modo intellectus hominis viatoris intelligendo deum
546 1718 2279 1781 per habitum scientiae theologiae intelligit simul omnia alia ab ipso, inquantum omnia alia per quandam
552 1772 2285 1846 attributionem se habent ad deum: & continentur sub scientia theologiae: & pertinent ad ipsam: secum
546 1814 2279 1902 dum quod exposuimus loquendo de vniuersalitate scientiae theologiae & eius subiecto in quaestionibus no-
549 1878 2286 1941 stris ordinariis. Et propter primum modum sciendi alia a deo, non omnia quae sciri possunt attribuit Au
553 1932 2284 2001 gustinus scientiae theologiae: sed solummo ea quibus fides generatur, nutritur, roboratur, & defenditur, &
551 1995 2280 2055 talia sunt omnia alia a deo: secundum quod habent se per attributionem ad deum: & vt ea quibus vti possumus si
553 2043 2279 2105 cut eis quae velut vtibilia ordinabilia sunt ad ipsum deum tanquam ad eum quo fruendum est sicut fine.
578 2098 2283 2177 Sed praeterea ex dictis meis contra me nituntur arguere. Nam dixi quod scientia theologiae & etiam beatorum
551 2147 2284 2220 est participatio quaedam scientiae diuinae: ex quo(ut dicunt) necessario sequitur quod id quod est obiectum sci
548 2211 2279 2269 entiae dei sub ratione absoluta sit obiectum scientiae participantis sub aliqua ratione partiali & speciali. ali-
549 2263 2290 2327 ter non diceretur scientia participatiue. ltem arguunt sic. Scientia theologiae est organum seu instrumen
549 2315 2278 2390 tum veniendi ad beatitudinem: sed beatificamur in deo sub ratione qua est glorificator noster: ergo subhac ratio
549 2382 2276 2449 ne speciali debet poni deus theologiae subiectum. Si enim deus esset sub sua ratione absoluta subiectum theologiae
550 2425 2268 2486 iam scientia theologiae ageret vltra suam speciem considerando ipsum sub ratione generaliori: quam vt est glorifica-
545 2482 2278 2537 tor. Ad primum dicendum: quod vt dixi & adhuc dico scientia beatorum de deo est quaedam participatio diuine
543 2532 2276 2594 scientiae immediate deriuata a scientia diuina: non quia consideret tanquam obiectum suum formale ipsum deum sub ali
548 2586 2270 2647 qua ratione finitatis seu speciali quam intelligunt nomine restauratoris vel huiusmodi: hoc enim falsum est vt patet
548 2646 2274 2702 ex praedictis: sed dicitur scientia per participationem respectu scientiae dei: eo quod obiectum suum quod est deus sub ratione
551 2695 2284 2767 sua absoluta totaliter comprehendere non potest, sicut ipse deus a seipso comprehenditur: vel ideo quia deus ips
550 2752 2276 2814 infinitus & etiam suae infinitatis ratio vt comprehensibilis a seipso, vt formale obiectum obiicitur scientiae dei
544 2812 2279 2871 de se ipso: non sic autem scientiae beatorum vel viatorum: sed ipse deus secundum se absolute: vt tamen ei annexa est ratio
547 2859 2283 2933 infinitatis: quae vt comprehensibilis non potest esse obiectum alicuius scientiae de deo creatae nec beatorum nec
556 2921 2290 2991 viatorum. Ad aliud cum dicitur quod scientia theologiae ageret vltra suam speciem si deus sub ratione absoluta es i
547 2967 2279 3041 set eius subiectum, Dico quod falsum est. Et cum dicitur quod ipsa organum est veniendi ad felicitatem: concedo. Et cum di
544 3019 2275 3077 citur: deus inquantum glorificator beatificat: Dico quod hic est nugatio: quia hoc est dicere glorificat inquan-
537 3073 2268 3135 tum glorificator. Vnde sub nulla ratione speciali determinata seu finita glorificat: sed magis inquantum deus
537 3124 2273 3227 infinitus absolute. Et quid assumitur quod iam scientia theologiae ageret vltra suam speciem: patet quod fal
