2450 3724
502 251 2285 332 necessario praecedit intelligere incomplexorum & principiorum complexorum: ex quibus concluduntur conclusiones, quibus
502 320 2294 388 talis fides generatur: licet tale intelligere necessario praecedit habitus fidei supnaturaliter infusae: qui paruulis infunditur
499 377 2294 441 in baptismo ante omnem actum intellectus. Et ideo vlterius licet in discendo ab alio oportet eum credere qui discit
508 428 2293 493 tamen istud credere & ipsam fidem qua sic creditur, qui est habitus generatus ex syllogismo topico, oportet prae
512 478 2295 555 cedere ipsum intelligere praedicto modo: & similiter rationem topicam oportet praecedere auctoritatem qua docenti cre
512 531 2288 598 ditur. Nullus enim credit alicui auctoritati nisi prius suasum sit ei ratione saltem topica quod debuit illi crede-
505 587 2288 654 re: & sic intelligere: & ratio omnino praecedit credere ex ratione, & auctoritatem cui creditur, non solum auctoritatem cui
505 644 2282 702 creditur ex tali ratione: sed etiam auctoritatem cui creditur ex virtute habitus infusi: licet vt dictum est talis
507 693 2290 755 fides secundum habitum in paruulis baptizatis praecedat omne intelligere & omne credere. lpsum autem intellige
505 746 2290 804 re quo intellectus intelligit supernaturalia: & per consequens habitum generatum ex tali intelligere & suadentem ratio
509 803 2286 871 nem qua habet talis habitus generari, praecedit necessario ipsum credere ex habitu infuso. Sed propter
504 857 2296 924 ipsum credere procedens ex tali habitu infuso distinguendum est ex parte credibilium: quod scilicet sunt quaedam
511 914 2292 966 quae ita creduntur quod nunquam intelliguntur vt facta historica: quaedam vero ita creduntur quod postea intelliguntur: vt
505 966 2289 1036 illa quae pertinent ad diuinam naturam: de quibus principaliter theologica scientia est: de quibus tamen antequam credantur
508 1014 2291 1076 oportet praeintelligere naturali intelligentia quid per terminos eorum significatur, praecognitione scilicet quid est
516 1072 2288 1130 quid dicitur per nomen saltem generalissima & confusa: quae necessario trahit ortum a sensu: vt secundum hoc omnem
517 1121 2291 1188 intellectum & scientiam qui habentur de credibilibus post fidem infusam oporteat quodammo reducere in sen
510 1176 2276 1240 sum. Postquam autem tale intelligere terminorum incomplexorum alicuius complexi theologici habitum est di-
514 1239 2289 1306 cto modo ex sensu, puta quid est deus, quid esse, quid trinus, quid vnus, licet non vt est complexum credibile: sed
510 1289 2280 1354 magis vt naturaliter cognoscibile: cum postmodum ex illis terminis ex auctoritate sacrae scripturae seu
515 1336 2280 1400 dei proponuntur articuli credibilium complexi ex illis terminis incomplexis constituti, quibus articulis propter
514 1387 2284 1456 illam auctoritatem cum adiutorio fidei infusae creditur & firmiter eorum veritati assentitur: praeparata est via ad
510 1445 2291 1508 intelligendum supernaturaliter illa incomplexa adiutorio supernaturalis luminis excedentis fidem & lumen fidei co
514 1498 2288 1562 gnitione magis determinata & magis particulari quam erat cognitio quam philosophi ex puro lumine naturali
510 1558 2289 1616 potuerunt habere de illis. Qua quidem cognitione acquisita quasi via diuisiua & definitiua cognoscitur quid
507 1613 2290 1668 est res in se modo clariori quam nata est cognosci in via: vt quid est deus, quid est esse, quid trinus, quid vnus: &
509 1659 2286 1720 hoc vt isti termini sunt termini complexionis intelligibilis in se maxime: licet primo nobis vt credibilis ex
512 1715 2289 1785 auctoritate scripturae propositae propter debilitatem nostri intellectus respectu illius. quibus terminis cogni
514 1772 2282 1827 tis in ipsis statim cognoscuntur complexa ex quibus constituuntur, vt principia tam extrinseca quam intrinse-
513 1823 2283 1883 ca scientifica in theologia: vt quod deus est: quod deus est vnus: quod deus est trinus: quae sunt principia extri
516 1873 2288 1934 seca in demonstratione theologica. Et consimili modo in eodem lumine virtute talium principiorum ex-
518 1927 2283 1992 trinsecorum cognoscuntur principia theologiae intrinseca: & ex illis comnexione demonstratiua cognoscuntur
510 1985 2287 2053 conclusiones quae ex illis sequuntur: quae non in se nec ex se cognoscuntur cognitione suorum terminorum: sed so
511 2030 2279 2112 lum ex principiis, & in illis cognitis cognitione terminorum. & per hoc habetur habitus intellectiuus de principiis
506 2084 2163 2150 tam extrinsecis quam intrinsecis theologiae, & scientisicus simpliciter de conclusionibus credibilibus.
836 2139 2291 2202 lrca tertium arguitur quod non habens rationem cogentem potest assentire vni parti contradictionis
828 2202 2281 2256 sine formidine: quia sic assentitur articulis fidei. Contra. ratio demonstratiua facit as-
825 2253 2276 2309 sentire sine formidine: ratio autem probabilis cum formidine. quicunque autem assentit ali-
833 2302 2289 2378 cui parti assentit illi ex ratione. igitur quicumque assentit sine formidine assentit ratione de
817 2340 2280 2420 monstratiua: aliter en. essent contradictoria simul scilicet assentire cum formidine & fine
811 2411 2268 2471 formidine. Dico quod assentire contingit alicui parti contradictionis dupliciter. Vno
788 2458 2283 2524 modo ex ipsius cogniti claritate in sua veritate. Alio modo ex habitu infuso cum ipsi
515 2501 2278 2589 us voluntatis imperio. Primo modo nulli assentitur fine demonstratione siue veridica ratione siue in
511 2568 2277 2637 diuinis siue in humanis pro statu huius vitae. Secundo autem me scilicet ex voluntatis imperio cum lumine tamen fi
506 2625 2274 2688 dei apud intellectum bene assentitur alteri parti contradictionis fine demonstratione: & hoc sine omni ratione
512 2689 2271 2755 qua directe assentitur ipsi quid scitur: licet non fine ratione qua quis suadetur quod credi debet: vt dictum est secundum
507 2737 2270 2793 Augustinus in quaestione praecedenti. Secundum hoc ergo concedenda est prima ratio. Ad secundum autem dicendum
512 2787 2273 2850 cum assumitur: quicumque assentit alicui parti assentit illi ex ratione: quod falsum est in illis quibus assentit quis ex au
503 2840 2286 2902 ctoritate maxime in his quae sunt fidei: quibus assentitur in adiutorio luminis fidei & forte alicuius doni gratui
506 2889 2280 2959 ti apud voluntatem. de quo aliquid tetigimus in quinto Quolibet quaestione. xxi. Talibus autem assentitur sine omni
504 2945 2274 3002 formidine absque omni ratione: & si ad idem habeatur ratio probabilis, propter illam tamen in assentiendo nulla est for-
507 2998 2268 3061 mido: sicut nec scientia est cum formidine quando aliquis de eadem conclusione habet demonstrationem & ra-
503 3050 2280 3149 tionem probabilem simul. licet enim ratio probabilis ex se sola formidinem ponit circa cognitum: non tamen
509 3100 1445 3194 vt est cum demonstratione aut voluntatis imperio.
