2455 3774
165 263 1971 367 dispositionem habitus, quia in ipso consistit meritum cui redditur praemium secundum intensionem actus
170 351 1970 418 vt tendit in obiectum: & hoc a solius dei liberalitate. Quo autem ad intensionem modi expedite eliciendi
174 402 1969 470 actum ex subiecto: sequitur secundum dispositionem vtramque. Et ideo dico quod habens meliora naturalia in aequali cha
165 461 1970 522 ritate expeditius elicit actum intelligendi & volendi quam haobens minus bona naturalia, actibus tamen intelligendi
166 514 1970 577 & volendi existentibus aequalibus in vtrisque iuxta aequalitatem habituum gloriae. Et secundum hoc concedendum est vl
166 569 1970 638 timum argumentum probans quod habens aequalem gloriam in melioribus naturalibus non videt aut diligit deum intensius
166 621 1966 681 licet actum videndi & diligendi quantum est ex se eliciat expeditius: nulla tamen existente difficultate eliciendi in illo
162 673 1966 743 qui ex minus bonis naturalibus elicit actum minus expedite. PER dicta etiam patet responsio ad primum
180 729 1971 793 dicendo quod verum est quod actus conformatur semper potentiae vel habitui: sed non semper vniformiter actus merendi i
170 789 1958 848 & actus praemium recipiendi, & actus quo ad suam substantiam & quo ad expeditionem eliciendi ipsum: sed secun-
169 833 1955 903 dum modum iam expositum. PER idem patet ad tertium de dicto Augustinus quoniam anima separata quia non est in omnimoda perfe
165 888 1970 953 ctione naturalium extra suum corpus, ideo retardatur in actum suo, non quo ad subam: actus: sed quo ad expedi
167 936 1962 1005 tionem in eliciendo actum fruendi. Nec tamen propter hoc erit beatior anima quando erit coniuncta suo corpori, quam quando erit se
154 998 1970 1071 parata. beatitudo enim non consistit maior vel minor in expeditione eliciendi actum: sed solummo in intensione &
168 1062 1968 1124 remissione actus in sua substantia qua teudit in obiectum, & vnit intensius & remissius agentem ipsi subiecto.
523 1108 1953 1169 Equuntur quaesita tria pertinentia ad creaturam intellectualem incorpoream: quorum Primum
521 1166 1953 1227 pertinet ad eius actionem: vtrum peccatum in ipsa secundum augmentum procedat in infinitum.
508 1219 1967 1281 Secundum pertinet ad mensuram actionis eius: vtrum cogitationes ipsius mensurentur men
503 1267 1946 1342 sura composita ex indiuisibilibus. Tertium vero pertinet ad eius passionem: vtrum pos-
517 1323 1956 1383 sit pati ab igne absque hoc quod calefiat. ClRca primum istorum arguitur: quod peccatum sub
489 1377 1953 1442 stantiae intellectualis incorporeae puta daemonis aut animae separatae procedat in infini
174 1432 1947 1495 tum: quia scribitur in psal. Superbia eorum qui te oderunt ascendit semper illi autem praecipue sunt daemones & ani
162 1483 1949 1543 mae danmnatorum: quorum superbia non ascendit semper nisi semper peccando: ergo &c. CONtra. Omne pec
173 1543 1951 1603 catum adimit aliquid habilitatis ad bonum: quia non est malum nisi quia bonum adimit vt dicit Augustinus in libro de
170 1598 1954 1661 natura boni, quare cum illa habilitas sit finita eo quod est in natura finita, si ipsa semper peccaret in infinitum
176 1650 1951 1715 aliquando tota habilitas naturae ad bonum consumeretur: quia aliquid quantitatis eius quantumcunque modicum quod
173 1698 1955 1768 libet peccatum adimeret: consequens est impossibile: quia impossibile est natura manente tolli ab ipsa omnem
161 1764 1950 1824 habilitatem suam ad bonum: ergo &c. DIco quod in peccato tria consideranem scilicet actus quo fit: & macula quam in pec-
183 1814 1960 1879 cante imprimit: & reatus siue debitum poenae ad quam peccantem obligat. Si consideremus peccatum
173 1867 1955 1934 primo modo, dico quod procedit in illis in infinitum. Semper enim habent malos & peruersos actus in voluntate inte-
174 1933 1958 1984 rius, quos exterius exercent in opus secundum quod a deo permittuntur. Si autem consideremus peccatum secundo modo, non
181 1973 1965 2033 video quomodo macula peccati, quae scilicet consistit in habitu vitioso, possit plus procedere in infinitum in au
180 2030 1958 2097 gmentando ex actibus malis quam habitus virtutis in angelis bonis & animabus sanctorum ex illorum acti-
177 2082 1959 2145 bus bonis. hintus autem ille cum sit forma quaedam creata in infinitum augeri non potest. & est eadem difficultas in hoc &
177 2136 1957 2199 in augmento charitatis. Si autem consideremus peccatum tertio modo, sic tenet fides quod non augmentatur demeri-
175 2190 1950 2255 tum in danmnatis quo ad reatum poenae in infinitum: quia tunc deberet semper poena eorum crescere in infinitum: sicut
181 2242 1947 2302 nec augmentatur meritum beatorum nec augmentatur eorum praemium. Quida ergo arguitur primo: quod superbia eorum qui te
182 2296 1952 2354 oderunt ascendit semper &c: Dico quod dictum illud si exponatur de daemonibus & danmnatis non ascendit omnino secun
178 2351 1960 2418 dum augmentum maculae & reatus: sed solummo secundum actuum malorum multiplicationem quo ad eorum substan
175 2406 1954 2468 tiam vt dictum est. Intelligendo autem illum ascensum secundum maculam peccati aut reatum secundum quod exponit Augustinus
181 2461 1961 2516 in originali & habetur in glossa, tunc secundum ipsum exponitur ly semper pro toto tempore praesentis vitae. Vnde cum isto ver
183 2514 1949 2575 bo exponendo verbum immediate praecedens. Ne obliuiscaris voces inimicorum tuorum. dicit. Noli eorum supbiam
183 2568 1951 2637 obliuisci: nec obliuiscitur omnino aut punit aut corrigit. AD secundum quod peccatum semper adimit de habilita
177 2623 1943 2688 te &c. Dicendum quod bene probat intentum quod non procedit peccatum in infinitum secundum maculam quia per illam solam ad
187 2675 1953 2743 imit solum aliquid intrinsecus inclinans ad contrarium, non autem secundum substantiam actus: licet secundum eius deor
180 2731 1955 2795 dinationem adimat ab extrinseco elongando ipsum a gratia. quia per hoc deus se elongat ab illo quod ille hoc
174 2781 1951 2846 modo se elongat a deo. Vnde Gretgi, exponens de diabolo illud lob. xviii. Socii eius qui non est, dicit. xiiii. libro Mor.
185 2837 1956 2896 Qui idcirco non est quia a summa essentia recedit & per hoc quotidie excrescente defectu quasi ad non esse
184 2893 1959 2956 tendit: quod semel ab eo qui vere est cecidit. Et hoc est quod aliter potest dici scilicet quod habilitas respicit duo: & na
185 2942 1951 3007 turam in quam est: & actum ad quem est. Primo modo non tollitur aliquo modo naturae habilitas nisi tollendo naturam
178 3000 1955 3069 vel aliquid iprimendo naturae quo inclinetur ad contrarium: sed solummo tollitur Secundo modo, & hoc nihil aliquae est quam
176 3050 1958 3120 impedire naturalem habilitatem ad bonum a progressu in actum bonum. & est primus modus tollendi habilitatem fini
174 3106 1956 3175 tus sicut est & ipsa natura: sed secundus vadit in infinitum. & sic tollitur per peccatum seu minuitur habili
181 3164 1956 3245 tas ad bonum in infinitum etiam in daemonibus absque hoc quod in ipsis augetur macula peccati aut reatus, qui
