2350 3714
151 277 1881 358 plurium angelorum numero differentium in vna specie angelorum constituitur vna mensura dis-
147 339 1881 409 creta: quae non meretur appellari tempus: quia non constituitur ex transeuntibus mensurantibus esse rei trans-
149 399 1881 465 euntis vt transiens est, sed potius ex permanentibus mensurantibus esse rei permanentis vt permanens
141 448 1879 516 est. Et ideo est non vna species temporis: sed potius numeri. Et est iste numerus ex discretis vnitatibus
147 501 1881 562 in spiritualibus, sicut est ille numerus quem ponunt Philosophi ex discretis in corporalibus. Quia si contingat quod
145 562 1881 621 non sit nisi vnicus angelus in vnica specie: quia tamen plures possunt esse secundum quod alias declarauimus: ni
147 609 1879 673 hil refert ad ponendum talem numerum esse aliquam speciem quantitatis, sicut si omne corporale esset vnum con
137 666 1880 727 tinuum, nihil referret ad ponendum numerum naturalem esse speciem quantitatis: cum continuum illud diuidi posset
143 720 1879 784 saltem per intellectum: & de continuo fiat discretum. Sic ergo aeuum in specie continens in se aeua diuersa men-
136 770 1881 835 surantia esse diuersorum angelorum, eiusdem speciei est quantitas discreta & diuisibilis in indiuisibilia: quae sunt
138 822 1880 892 aeua singulorum angelorum differentia inter se secundum numerum. & si ab aeuis diuersorum angelorum
142 878 1880 946 differentium specie fieri possit abstractio mathematica, sicut a numeris diuersarum rerum corporalium
147 928 1881 998 differentium specie, tunc forte sicut est vnus. x. hominium denarius &. x. equorum, licet. x. non sunt eadem, sic idem
146 983 1880 1053 est aeuum in specie omnium angelorum diuersorum specie, licet ipsa aeuiterna non essent eadem specie. Quod autem
137 1039 1880 1107 assumitur in confirmatione: quod enter esse & esse sunt idem re: Dico quod si per enter intelligas mensuram
137 1091 1879 1157 entis creati vt sit aduerbium temporis, non est verum, sicut nec verum est quod temporaliter esse idem est quod esse
140 1145 1881 1208 Si autem enter sit aduerbium qualitatis sicut si dicatur currenter currit: tunc idem significat enter & esse sicut
138 1197 1881 1263 currenter & currere. Sed tunc esset nugatorium dicere iste enter est sicut est nugatorium dicere iste currem
134 1256 1879 1319 ter currit. Quia autem assumitur specialiter de tempore: quod prius & posterius in motu sunt ipse motus
142 1305 1880 1371 & prius & posterius in motu sunt ipsum tempus: ergo tempus est idem re quod ipse motus: Dico quod esse in
130 1363 1879 1422 aliquo multis modis dicitur secundum Philosopum. iiii. metaphysicae & sunt duo: scilicet esse in vt pars in toto, &
133 1414 1878 1469 vt accidens in subiecto. Dico ergo quod prius & posterius in motu vt pars in toto sunt ipse motus quia
120 1459 1891 1533 sunt ambae partes eius, prius autem & posterius in motu vt accidens in subiecto non sunt ipse motus nec
140 1519 1876 1585 partes eius: sed sunt accidentia & mensurae partium eius: & per hoc totius motus. & hoc secundo modo
130 1578 1879 1638 intelligunt Philosophus & Commentator siquis diligenter inspiciat ipsos, quod tempus est prius & posterius in mo
130 1633 1870 1689 tu, & non primo modo. Quid autem arguitur primo ad partem quaestionis contrariam: quod inter duo instantia in
141 1678 1871 1739 diuisibilia est continuum medium quod est tempus non compositum ex indiuisibilibus: ergo similiter inter duo
133 1730 1873 1791 indiuisibilia mensurantia diuersas cogitationes angelorum: Dico quod non est simile. quia mensuratum ibi ab
133 1782 1873 1848 indiuisibili non est nec potest esse manens in se: sed non est nisi fluens in aliud vt prima mutatio in mo
136 1838 1872 1906 tum: vel fluxum alterius terminans vt vltima mutatio motum. propter quod ibi inter duo indiuisibilia opor
137 1896 1871 1955 tet ponere continuum ad indiuisibilia terminatum: mensura enim proportionatur mensurato, Mensuratum
128 1945 1873 2009 autem hic ab indiuisibili potest esse manens in se, etiam si fluat desinendo esse, non tamen fluit in aliud cuius est
133 1998 1878 2064 terminus: licet aliud similiter fluat post ipsum, vt vna cogitatio angeli post aliam: sed nulla fluit in aliam
132 2054 1868 2114 vel terminat fluxum illius: propter quod nullum continuans omnino cadit inter illa: sed manent omnino discre-
130 2104 1862 2166 ta, & constituunt tempua discretum ex indiuisibilibus. Quia additur ad rationis confirmationem quod angelus
125 2158 1868 2223 potest continuare suam cogitationem vnam tanto tempore quanto sibi succedunt vel prasent succedere plures
128 2211 1864 2274 quod non esset nisi esset continuum interceptum inter plures: Dico quod quaelibet cogitatio angeli est tota simul
130 2261 1862 2326 in simplici duratione stans, sicut suo modo est aeternitas dei tota simul: nec quantum est ex se & ex mensu
127 2321 1859 2385 ra suae durationis est maius vel minus: nec magis vel minus in duratione vnius & alterius. Sed si haec
126 2370 1867 2427 in ea intelliguntur, hoc est in ordine ad tempors quid currit cum aeuo, simplici stante & aeternitate. Sic enim deus
129 2427 1852 2488 dicitur plus durasse aut angelus quam Adam: & similiter cogitatio vna vnius angeli quam duae alterius angeli: nulla tamen
135 2480 1860 2545 continuatione interueniente ex parte sui in indiuisibili mensurante vnam cogitationem multum durantem: nec inter
133 2528 1869 2591 duo indiuisibilia mensurantia duas cogitationes tantundem durantes vt vna durat, sicut nec aliquam continuatio
138 2585 1183 2645 cadit in aeternitate licet ipsa complectatur totum tempus.
461 2618 1880 2697 lrca tertium arguitur quod suba incorporalis separata non possit pati ab igne quin calefiat: quia i
475 2688 1866 2757 ignis nihil agit nisi mediante calore. sed mediante calore nihil agit nisi calefaciendo,
473 2750 1863 2807 non agit autem calefaciendo nisi calefiat passum, ergo &c. Contra, Nullum incorporale est re
465 2797 1865 2861 ceptiuum impressionis corporalis. calefieri siue calidum esse est impressio corporalis, ergo &c. Di
463 2844 1873 2905 co ad intellectum quaestionis quod duplex est passio. Quaedam enim est corruptio subae rei: quaedam vero
464 2901 1868 2964 est inquietatio. Primo modo nihil patitur nisi corpus secundum subam corruptibile: & hoc du
139 2960 1868 3022 pliciter: vel in ipsius subae corruptione: vel in corruptione harmoniae & prportionis quae erat necessitas vt
131 3007 1873 3077 forma subalis fieret in materia: & quae similiter est dispositio quare est necessitas ad eius conseruationem
131 3064 1874 3128 in esse. Vbi autem est talis passio, oportet quod fiat per contrarias dispositiones agentis & passi
137 3126 1880 3202 quia cum contraria nata sint fieri circa idim: si talis actio sit a calido: quod per se corrumpitur est
