2479 3746
496 278 2298 358 contrarium calidi in subiecto in quo natum est fieri calidum. Et quia vt procedit secunda ratio, talis dis-
489 341 2281 419 positio non est omnino nata esse in substantia separata: ideo dico quod tali modo non patitur ab igne: & vlterius
503 407 2305 465 quod quocumque modo ponenda sit pati ab igne quod tamen sic illa passione patiatur ab ipso quod in patiendo nullo
495 464 2304 522 modo calefiat: nec quod aliquando possit dici quod ipsa sit calida. Quod nec dici potest reuera de anima quando pa
502 507 2302 567 titur ab igne mediante calore vt est existens in corpore. quare multo minus dici potest de angelo vel anima
503 555 2296 622 separata. Passio autem quae est inquietatio, est dolor tristitia & huiusmodi: quae non consistit per se in immutatione
511 613 2291 678 quae est secundum actum sentiendi aut intelligendi: quia omnis regularis actio est ex se nata generare delectatio
506 671 2293 738 nem: & est per se delectabilis: nec etiam consistit per se in aliquam laesione secundum subam vel dispositionem aliquam sentien
508 722 2295 782 tis aut intelligentis: quia tunc laesum non sentiens nec intelligens doleret: sed consistit per se & formaliter in so
506 775 2291 835 la perceptione laesionis per actum sentiendi aut intelligendi ipsius: ita quod in causando dolorem ex actione
510 826 2290 889 sensibilis corporalis naturaliter concurrit primo laesio in ipso sentiente aut intelligente ex actione materia
503 885 2301 941 li ipsius sensibilis: secundo ipsa sensatio aut intellectio ex actione spiritalis immutationis ab eodem: tertio perceptio il
501 936 2297 1006 lius laesionis ex quae formaliter & completiue causatur dolor siue passio inquietans in ipso appetitu sensiti
507 993 2300 1056 uo mediante sensu, vel intellectiuo mediante intellectum: secundum quod hoc latius declarauimus in Quolibet prae
511 1032 2293 1103 cedente. Illa autem laesio ab agente corporali non sit ab agente sensibili per qualitates actiuas quae sunt calidum &
511 1097 2296 1162 frigidum: nisi ratione excellentiae suae: per quam primo corrumpunt harmoniam secundum dispositionem qualitatum acti
508 1154 2288 1216 uarum & passiuarum in passo. & hoc habendo aspectum ad modum actionis quam naturaliter experimur
512 1206 2294 1266 ignem materialem agere mediante calore. & ideo tali modo agendi ignis qualem experimur nullo modo posset
511 1265 2289 1326 substantia quaecunque pati dolorem ab igne quin necesse esset ipsam fieri calidam. Et ideo dico quod secundum mo-
512 1316 2285 1383 dum agendi ignis mediante calore quem nos experimur nullo modo anima vel angelus patitur ab igne ma
507 1374 2288 1441 teriali mediante calido. Credimus tamen firmiter quod ab igne materiali patiatur & hoc mediante calore quo
501 1424 2297 1496 agit ignis illam passionem vt mediante instrumento: licet modum agendi & virtutem ignis & caloris in illam pas
521 1478 2296 1545 sionem causando non plene nouimus: de quo tamen fecimus mentionem aliquantulum in nono Quolibet. Vnde
521 1533 2294 1596 cum dicitur in prima ratione quod ignis non agit nisi mediante calore: Dico quod hoc potest intelligi duplici-
510 1592 2295 1651 ter. Vno modo vt tanquam medio & instrumento in producendo quicquid natum est produci per agens particulare
507 1645 2290 1706 ratione suae formae subalis. Alio modo vt tanquam medio & instrumento in producendo tantummo id per quod materia
511 1691 2295 1753 fit necessitas ad recipiendum id quod principaliter natum est induci per agens. Primo modo dicunt aliqui quod
515 1749 2284 1808 ignis agit mediante calore in generando ignem: vt scilicet calor agens sicut instrumentum non solum
519 1800 2288 1859 sua actione attingit in terminum suae actionis in passo ipsum calorem generatum in illo: quo de non calido
510 1858 2297 1921 facit calidum: sed etiam attingit vt terminum suae actionis in passo ipsam formam substantialem ignis gene-
514 1911 2292 1967 ratam in illo, qua de non igne facit ignem. vt secundum hoc forma subalis nullam immediate habeat actio-
519 1964 2291 2029 nem in producendo formam substantialem ignis plus quam in producendo calorem: sed quicquid agit & producit, mediam
519 2017 2294 2087 te calido agit & producit, immediate autem nihil omnino agit aut producit: cuius contrarium in alio Quolibet de
526 2061 2293 2135 clarauimus, declarando hoc esse plane contra Philosophum in secundo de generatione. Et ideo te-
513 2121 2291 2188 nemus secundum modum semper: scilicet quod ignis non agit mediante calore nisi alterando ad dispositionem ma
518 2177 2293 2246 teriae & susceptibilis: sed materia disposita in finem alterationis ipsa forma substantialis se sola agit for-
520 2233 2289 2302 mam subalem per actum generationis. Sed diuersitas in hoc modicum valet ad propositum: quocumque enim illorum duorum
527 2286 2292 2344 modorum ignis agit in subam incorpoream: tamen ponimus quod agat secundum illum modum per calorem attingen
518 2342 2293 2407 tem terminum aliquem trasmutationis in illa substantia quo laesiua est illius quo ad aliquas dispositiones
530 2394 2292 2464 ipsius circa corruptionem subae, modo tamen nobis incognito & incognita ipsa laesione, absque tamen eo quod
522 2443 1376 2505 calefiat. secundum quod concludit secunda ratio.
858 2479 2296 2556 Equuntur quaesita pertinentia ad hominem compositum ex natura intellectuali incorporea & cor
863 2558 2290 2617 porea, & erat primum pertinens ad ea quae sunt homini subalia: vtrum sola anima intellectiua
858 2613 2296 2676 possit esse forma subalis in homine. Alia autem plurima erant pertinentia ad accidentalia ho
853 2669 2302 2730 mini. ClRca illud primum arguitur quod sola anima posset esse forma in homine: quia deus hoc
858 2719 2296 2786 pont facere eo quod potest facere quod forma accidentalis transeat de subiecto in subiectum
816 2765 2297 2842 vt patet in cicatricibus corporum viuorum quae reperiuntur in mortuis: multo fortius ergo
526 2824 2302 2887 hoc potest facere de forma subali eo quod minus dependet a subiecto: ergo &c. Contra. si sic esset tunc homo esset
528 2881 2295 2948 corpus a suba animae rationalis: & fieret panis transubatio in subam animae rationalis: quod est ipossibile: quia nihilem
529 2934 2298 2998 cooune subae animae intellectiuae & subae panis. & si hoc, impossibile est quod suba panis possit transubstantiari in an-
539 2985 2286 3050 gelum. DIco. si ex conditione naturae animae humanae sit quod forma corporeitatis media quoquo modo sit ad
534 3037 2297 3101 hoc vt humana anima vniatur materiae ad hominis constitutionem, firmiter teneo vt alias saepius
540 3093 2284 3153 declaraui: quod sicut anima humana non posset esse forma corporis asini: vbi clarum est corpus esse
535 3146 2302 3231 corpus ab aliqua forma educta de potentia materiae: sic impossibile esset solam animam esse formam
