2440 3738
194 302 1976 411 perfecte: sed nec imperfecte videretur diuina essentia per eam, aliter quam modo videtur a nobis per spe
198 359 1980 453 cies creaturarum. Et praeterea intellectus intelligens per speciem qua informatur: vt per principium
197 416 1974 513 formale intellectualis operationis, non intelligit rem cuius est species nisi formando in se quandam inten
194 469 1969 564 tionem rei intellectae quae dicitur verbum & notitia: in qua illam intelligit tanquam in suo quid quid est existen-
200 537 1974 611 te apud intellectum. Nec plus appropinquat nude essentiae rei. sicut patet in omnibus quae de creaturis
198 577 1971 673 intelligimus. Species enim finita non est nisi ratio actionis stantis in termino finito. Sed in tali modo in-
202 630 1979 722 telligendi non repraesentatur nuda essentia rei visae intellectui, ad modum quo praesentatur visibile extra
202 685 1973 778 oculo corporali: sed solum in aliquo quid est sicut imago & verbum eius apud intellectum. Si ergo non nisi
204 735 1970 831 per hunc modum, per speciem scilicet informantem visum intellectus, videtur deus ab intellectu beato:
201 791 1971 880 in verbo aliquo quod formatur de ipso per illam speciem solummodo videret ipsum: & nullo modo etiam
197 845 1969 940 nudam eius essentiam nisi ad modum quo videt essentiam creaturae in verbo suo quod est veritas eius apud
200 898 1975 989 animam. Et ita cum intellectus retinet species ad rerum absentiam quas sensus amittit: propter quid dicit
198 950 1978 1049 philosophus in secundo de anima: Convenit nobis intelligere & scire cum volumus: sentire autem secun
199 1012 1974 1098 dum actum non est in nobis cum volumus. deo separato substantialiter ab homine ipsum posset videre
216 1058 1982 1147 visione beata in verbo formato de ipso per speciem suam: & aeque perfecte: cum praesentia nihil addat ra
201 1118 1969 1201 tioni videndi intellectus, si in sola specie videretur. Nisi forte dictatur, quod species dei non manet ad ab
204 1166 1972 1257 sentiam eius sicut nec species sensibilis. Sed hoc nihil est. Substantia enim dei omnibus est praesens, quia
201 1219 1973 1315 sine ea nihil existit. Si dicatur quod cui vult imprimit: & cui non vult non imprimit: ergo absens per im-
194 1272 1976 1373 possibile posset eam imprimere: & secundum essentiam videri per speciem illam. Cum ergo quaerimus vi
199 1327 1978 1420 sionem dei in nuda sua essentia, firmiter sciendum est, quod aut nunquam videbit eam intellectus creatus: aut
213 1382 1970 1468 videbit eam alio modo quam per speciem eius. Quia ille modus vt ostensum est, omnino est impossibilis. CRE
202 1436 1974 1527 do igitur esse necessarium ponere, quod intellectus beatus diuinam videt essentiam: non per speciem nec in
204 1488 1988 1585 verbo aliquo de ipso formato: sicut conuenit in omni operatione intellectuali quae sit per speciem circa
207 1556 1979 1634 creaturas: vt dictum fuit in alio Quolibet praecedenti: sed quod videt eam in seipsa in nuda essentia sua:
198 1600 1976 1689 & per nudam essentiam suam: vt idem sit in actu videndi visum & ratio videndi. Quod qualiter continge-
203 1651 1974 1747 re poterit, considerandum est. Sciendum igitur quod sicut ad visionem sensualem circa obiectum summe
200 1715 1979 1794 excellens in visibilitate, cuiusmodi est splendor solis in rota, tria requiruntur: scilicet visus, sanitas, &
204 1756 1983 1845 fortitudo: & quod fiat in actu per ipsum visibile: & quod habeat visibile sibi praesens: sic in ista visione spiri-
207 1808 1984 1900 tuali circa obiectum summe excellens in visibilitate, cuiusmodi est diuina essentia, tria requiruntur. Pri
197 1862 1990 1954 mum scilicet oculus visus intellectus creati: quod sit sanus & fortis. Quod sit per lumen gloriae: quo eleuatur
200 1928 1986 2009 & disponitur, & fortificatur: vt idoneus fiat ad videndum illud visibile: non quo videt tanquam medio &
204 1981 1983 2056 specie videndi. Etenim illius luminis dispositio non manifestat obiectum: sicut lux sola non ostendit co-
209 2025 1989 2116 lores, sed solum aptat subiectum. Nihil enim ipsum manifestat naturaliter: sed solummodo ipse seipsum
207 2086 1984 2174 manifestat voluntarie. vnde Ambrosius super Lucam. Non est in potestate nostra videre deum: sed in
209 2129 1984 2228 potestate illius apparere. Si potestas non est videndi deum, est tamen gratia promerendi vt possimus
218 2188 1994 2272 videre. Non similiter sensibilia videntur: & is in cuius voluntate situm est videri: & cuius naturae est
204 2241 1995 2334 non videri. Nam deus si vult videtur, si non vult, non videtur. Lumen illud ergo ex gratia promeretur:
211 2296 1996 2381 vt intellectus possit videre si ei manifestetur visibile. Non autem est species quo videt. Secundum vero, quod
205 2343 1990 2441 fiat in actu per tale visibile: & fiat quasi vnum ex vidente & viso quodammodo. Vnde cum hoc non pos
202 2407 1993 2497 sit fieri per aliquam speciem talis visibilis apud intellectum qua informetur: vt dictum est: ad modum
209 2458 1997 2553 quo fit vnum ex specie sensibilis & sensu: & ex specie intelligibilis aliarum rerum & intellectum, oportet
207 2506 1993 2610 quod hoc fiat per huius visibilis essentiam: vt essentialiter fiat in intellectu tanquam ratio videndi: & vnum quo-
215 2563 1995 2652 dammodo constituat cum intellectum: vt fiat illo actu intellectus. Non dico per informationem in esse na-
213 2615 1997 2706 turali: sicut vnum fit ex intellectu & specie intelligibilis apud ipsum: nuilius enim forma naturalis
215 2667 2001 2768 potest esse diuina essentia, vt alibi declaratum est: sed per ipsius essentiae praesentiam quae intimior est
203 2720 1995 2820 oculo mentis per praesentiam illam qua solus menti illabitur, quam possit esse aliqua species informans.
214 2773 2004 2868 Quod videtur expresse dicere illa propositio de ecclesiasticis dogmatibus. Illabi menti illi soli possibile est qui
217 2826 2005 2918 creauit: qui subsistens incorporeus capabilis est suae facturae. & sic illa praesentialitas intima facit ad actum
212 2884 1998 2977 intelligendi quicquid faceret informatio speciei: & perfectius disponit ad ipsum eliciendum quam posset facere ali-
205 2944 2001 3031 qua species informans: & sic ipsa pura essentia diuina facit ipsum intellectum esse in actu intelligentem: &
216 2984 1997 3086 facit quasicompositum intellectum cum ipso: vt ipsa sit quasi forma intellectus non per informationem in esse natu
208 3043 2005 3147 rali: sed per praesentiam in esse intellectuali. Et hoc verius quam faciat aliqua species intelligibilis. Et istud non
204 3097 1995 3196 repugnat diuinae perfectioni: immo congruit per hoc quod est prima & pura veritas: quae per se est prima
200 3158 2003 3271 & perfecta ratio intellectualis operationis. lta quod etiam in actione intellectus naturali nulla veritas in-
