2443 3720
522 241 2258 339 corpori. quod nuilum est inconueniens vt dicunt. Dicent tamen quod non debet concedi quod propter hoc fiatur
518 329 2254 389 conuersio panis in hominem: eo quod homo nominat compositum ex corpore & substantia animae rationalis non
516 384 2260 439 solum vt dat esse corporeum: sed etiam cum hoc vt dat esse sensitiuum & rationale. Nec tamen oporteret quod conce-
522 438 2257 499 dens non posse fieri transubstantiationem panis in animam separatam concederet quod panis non posset transubstantiari in
514 495 2264 553 hominem. Homo enim habet aliquid reale commune cum pane, videlicet materiam eiusdem rationis, seu subiectum a quo
517 551 2268 608 sumitur communitas naturae, non sic autem habet anima separata vt est separata. Vnde & via naturae ex homine potest fieri pa
521 603 2267 670 nis & econuerso licet per multas trasmutationes: quamuis non ita sit de anima separata, homo enim compositum nomi
519 662 2263 717 nat naturale hoc est ex materia naturali: sicut panis: licet forma animae quae est perfectio materiae hominis non
523 717 2267 778 sit educibilis de potentia materiae sicut est forma perficiens materiam panis. propter quid solum dicitur anima forma
519 766 2261 832 supernaturalis: sed tamen naturaliter perficiens materiam eiusdem rationis cum panis materia. Vnde & homo totus
521 825 2265 884 dicitur generari naturaliter ab homine non autem creari: licet tota substantia animae quae forma hominis est, cretur. Ex quo
525 880 2267 945 etiam posset rationabiliter dici quod licet concedatur quod in totum compositum ex corpore & anima fiat transubstantiatio pa
518 935 2258 1000 nis per se: & posset etiam concedi quod posset fieri in hominem: non tamen oporteret quod fieret conuersio in ipsam sub-
519 985 2258 1045 stantiam animae: sicut & conceditur quod totus homo generatur & tamen anima quae est eius forma nec per se nec per accidens ge
513 1043 2259 1108 neratur. DIco quod immo secundum praedictum modum in dicto suo implicatur contradictio, supposito quod in substantiam
520 1096 2251 1170 animae separatae aut in angelicam substantiam non possit fieri panis transubstantiatio. Quid autem dicunt ad illud decla
519 1150 2248 1206 randum: quod materia corporis perfectibilis ab anima dante rationem corporeitatis est eiusdem rationis cum materia pa-
520 1202 2251 1276 nis: Dico quod verum est quo ad ipsam substantiam materiae quae est ratio eadem omnium formarum materialium remotissi
523 1261 2250 1319 ma educibilium de materia: & etiam animae rationalis quae est ab extra: non autem quo ad potentiam materiae quae ordina
533 1316 2253 1380 tur ad formam quae est ratio ad formam propinquam. Quo ad hanc autem rationem est vna & eadem ratio materiae si
523 1372 2249 1426 ue materia est vnius & eiusdem rationis respectu omnium formarum materialium educibilium de potentia materiae
525 1423 2254 1490 inter se: inquantum. scilicet oes sunt educibiles de potentia materiae: non autem est materia eiusdem rationis formarum
527 1479 2258 1545 educibilium de potentia materiae & animae rationalis inquantum respectu aliarum formarum est in potentia sic vt de
529 1539 2260 1603 potentia illius materiae sit forma educibilis non de nihilo. respectu autem animae rationalis est in potentia passiua
521 1599 2258 1658 siue pure respectiua sic vt non sit de potentia materiae illius educibilis: sed solummodo de nihilo licet in
519 1646 2265 1711 materia. Ad hoc autem quod aliquid totum compositum transubstantietur in aliud compositum non sufficit quod compositum
521 1700 2254 1767 quid dicit corpus in quod sit transubstantiatio communicet in materia eiusdem rationis primo modo cum materia
523 1754 2252 1825 corporis quod transubstantiatur puta panis: sed requiritur quod conmunicet cum illo in materia eiusdem rationis secun
523 1810 2261 1873 do modo Ex hoc enim solummo quod conmunicant in materia eiusdem rationis secundo modo sit transubstantiatio vnius
526 1864 2261 1934 compositi in alterum secundum totum. Sola enim talia habent communitatem generis inter se naturalem sumptam
519 1913 2272 1981 a materia & subiecto: propter quam quando vnum compositum ex materia & forma transubstantiatur in alterum consimi
524 1977 2268 2036 liter compositum ex materia & forma: materia transubstantiatur in materiam: & forma in formam secundum illorum
519 2023 2257 2090 substantiam: & neutrum transubstantiatorum annihilatur: sed aliquitas eorum manet in conmunitate reali aliqua.
520 2083 2262 2145 Si vero compositum ex materia & forma puta panis transubstantiaretur in hominem, ita quod nihil substantiae
525 2132 2267 2208 panis transubstantiaretur in aliquid quid est forma hominis per se & secundum rem & totum in materiam hominis, for
517 2187 2261 2255 ma ipsius panis transubstantiata in substantiam materiae annihilaretur aut non proprie transubstantiaretur: sed
523 2240 2267 2316 potius virtute diuina in materiam resolueretur non transubstantiaretur, proprie: quia nulla communitate reali
518 2295 2268 2367 communicat materia cum forma. Si autem aliqua conmunitas generis sumpta a materia sit aliorum corporalium
514 2351 2259 2416 ab homine & ipsius hominis anima rationali sola existente forma in ipso, illa communitas non est secundum eandem rationem generis
514 2412 2258 2474 hominis & aliorum inter se: sicut non est eadem ratio materiae propinqua vt dictum est. propter quid non tanta vniuo
526 2460 2264 2525 catione generis sunt corpus, homo & alia corporalia: quanta sunt alia inter se. Et sic dico contra illos
521 2522 2263 2587 quod dato quod illud corpus in quid dicitur fieri transubstantiatiopanis, nominet compositum substantiale ab ipsafor
530 2575 2261 2638 ma substantiali quae est anima: numquam tamen siet conversio totius panis in totum compositum ex ipsa anima rationali & materia
521 2628 2265 2700 corporis organizata: nec istud compositum quid dicitur corpus in homine, communicat in materia eiusdem rationis
524 2675 2268 2745 cum materia corporis quod est panis, nisi aequiuoce & valde analogice: vt dictum est. ita quod cum hoc si tota sub
523 2728 2267 2802 stantia panis & ratione materiae & ratione formae converteretur in subam lapidis quo ad eius materiam: ita quod nihil
518 2791 2262 2856 formae panis conuerteretur in formam lapidis: non esset transubstantiatio formae panis aliquo modo in subam for
523 2851 2261 2908 mae lapidis nec per se nec per accramens: quia etiam si transubstantiatio panis secundum materiam & formam fieret in mate
526 2906 2261 2966 riam lapidis solam non esset transubstantiatio in lapidem compositum ex materia & forma nisi per accemens: quia non nisi per
533 2956 2268 3017 partem eius. & sic aut esset formae panis in materiam lapidis resolutio: & sic non, proprie transubstantiatio: autessnt
531 3014 2258 3075 ipsins formae panis annihilatio, non obstante quod est eorum materia eiusdem rationis secundum primum & secun-
532 3060 2256 3114 dum modum: & similiter corporeitas in genere. quare & multo fortius in proposito non esset transubstantiatio formae
525 3110 2256 3177 subalis panis in subam animae nec per se nec per accimens: sed potius esset eius annihilatio: non obstantequod est in eis
521 3165 2267 3232 materia eiusdem rationis primo modo: & similiter corporeitas in genere secundum dictum modum. Et sic sicut secundum illos non de
