2453 3723
476 250 2266 344 quasi negatiuum. & quid amplius est: licet bonum eius priuatum positiuum non includatur in illo bono publi
473 332 2276 398 co: tamen intantum dependet ab illo, quod nisi eligeret mori dicto modo, per vitium & turpe quod incurreret amit-
478 388 2276 442 teret suum bonum priuatum: quia non potest stare bonum virtutis aut felicitatis cuiuscunque cum vitio.
481 436 2269 503 Si vero dicatur secundum iam dicta quod iste speculatiuus non est pars ciuitatis & ita non membrum: pro-
481 492 2271 558 pter quod nullo modo tenetur se exponere morti pro republica: & sic nec peccaret non eligendo illud:
484 547 2271 612 Dico quod puto si ita esset quod nullo modo esset pars ciuitatis: quia moriendo amitteret omnia bona sua
491 600 2271 665 & nihil boni acquireret nihilque mali effugeret: quod nullo modo illud eligere deberet: sicut nec aliquis
483 645 2275 720 homo viuens siue iustus siue peccator deberet eligere aliquod peccatum conmittere aut se perpetuo danmna
483 716 2266 774 ri vt omnes alii perpetuo saluarentur: sicut tetigit secundum argumetum ad partem contrariam. Sed non
485 763 2273 819 est ita. Vir enim eremita quantuncumque sit abstractus ab humana societate, semper tamen in aliquo illius
478 805 2279 879 solatio indiget: & ideo manet ei naturaliter obligatus semper. Vnde etsi non sit pars eius quo ad
475 871 2282 940 exercitium multorum actuum qui pertinent ad vitam politicam circa regimen domus & familiae & cir-
486 930 2281 989 ca amicos & huiusmodi: est tamen semper manens pars eius quo ad exercitium actus necessarii ad salutem rei-
485 980 2275 1043 publicae conseruandae. Vnde si respublica indigeret quod vir eremita philosophus speculatiuus & sub-
485 1039 2279 1096 tractus a conmuni vita esset rector regni prouinciae aut ciuitatis: ipse dimissa sua speculatione debe
485 1088 2270 1157 ret descendere ad actionem & fieri rector ciuitatis & reipublicae, sicut hactenus fiebant philosophi vt ampli
496 1148 2262 1206 us declarabitur inferius in quaestione antepenultima. AD illud quod arguitur primo in contrarium: quod ne
488 1195 2278 1252 mo debet eligere mori pro republica secundum rectam rationem: quia hoc eligendo esset miser vt di-
492 1249 2275 1308 cit Augustinus: Dico secundum praedicta quod reuera miser esset simpliciter in hoc quod omnia bona sua & na
488 1305 2260 1361 turalia & acquisita qualiacumque essent amitteret: & secundum intentionem Augustinus ad poenas aeternas
493 1358 2271 1414 descenderet. esset tamen miserior non eligendo illud: quia culpam incurreret: & maior est miseria cul-
485 1413 2279 1477 pae quam cuiuscumque poenae siue damni siue sensus. Secundum rectam autem rationem potius eligendum est id
488 1467 2271 1527 quo quis minus miser est quam quo quis est magis miser: & hoc sub conditione si alterum oporteret in
487 1518 2279 1579 currere: vt contingit in proposito, licet neutrum illorum esset simpliciter eligendum. AD secun
489 1573 2281 1640 dum quod existens sine tali spe non debet eligere mortem suam naturalem, sicut nec existens in gratia mor-
489 1625 2274 1694 tem spiritualem: Dico secundum praedicta quod non est simile: quia iste morte spirituali amitteret omne bo-
484 1674 2276 1735 num suum & incurreret omne malm. scilicet culpae & poenae cui se obligaret: non sic autem ille qui morte
489 1728 2272 1792 sua naturali saltem effugeret malum culpae quod incurreret non eligendo mori. & ideo iste deberet eli
490 1789 2264 1856 gere mori morte naturae: nullo tamen modo iste deberet eligere mori morte spirituali, vt patet ex
493 1836 623 1906 dictis.
840 1872 2286 1957 Equuntur quaesita pertinentia ad homines fideles pro statu huius vitae. vbi quae
836 1949 2269 2018 rebatur vnicum pertinens ad habitum virtutis: vtrum. scilicet prudentia possit generari si
844 2008 2263 2064 ne generatione virtutis moralis. Et plura alia pertinentia ad exercitium actus.
847 2056 2273 2119 ClRca illud vnicum arguitur quod prudentia possit generari fine virtute morali: quia
836 2109 2284 2172 dictante recta ratione aliquid faciendum: voluntas potest non eligere illud cum ef-
828 2164 2285 2228 fectum: & qua ratione hoc potest fieri semel ex parte intellectus, & similiter ex parte
511 2215 2287 2285 voiuntatis: eadem ratione & pluries. sed hoc faciendo generatur prudentia in ratione sine genera-
511 2267 2280 2333 tione virtutis moralis in voluntate: quia in ratione conseruatur generatiuum virtutis: in volun-
501 2326 2286 2387 tate vero generatiuum vitii. ergo &c. CONtra. si sic esset, tunc virtutes non essent comnexae cum pru
516 2380 2286 2449 dentia: quod est contra philosopum. vii. Ethicorum. Sequeretur etiam quod essent contraria in eodem: scilicet vitium in vo
515 2426 2282 2501 luntate: quod non remouetur vno actum: & prudentia generata fine morali virtute. DIco quod duplex est
513 2482 2286 2553 prudentia in hominis intellectu practico. Vna naturalis: quae est origo alterius & principium acquiren
506 2542 2291 2612 di illam. Alia vero acquisita. Prudentia illa naturalis est naturale iudicatorium circa operabilia in in
508 2598 2291 2662 tellectu practico: sicut est naturale iudicatorium circa speculabilia in intellectu speculatiuo, quod
509 2648 2285 2715 est quaedam speculatiua naturalis. de qua dicit Augustinus. x. de trinitate in principio. Nisi breui
505 2701 2288 2762 ter impressam in animo cuiusque doctrinae haberemus notionem, nullo ad eam discendam studio
508 2749 2284 2820 flagraremus: quia rem omnino incognitam amare nullus potest omnino. & philosophous dicit. ix, me
507 2808 2297 2877 taphysicae. Necesse est vt addiscens habeat aliquid de cognitione: quia non mouetur aliquid ad aliquae ni
509 2867 2296 2932 si habeat aliquid in se de eo ad quod mouetur. Vbi dicit Commentator id est omne quod generatur &
508 2916 2286 2979 sit aliquid, impossibile est hoc fieri nisi habeat aliquid naturaliter ex eo quod habebit in postremo.
509 2968 2287 3032 verbi gratia: quoniam citharizando cithazcedi simus: & impossibile est vt citharizet aliquis nisi ha
501 3022 2293 3091 beat aliquid de arte citharizandi. Et ideo asinus non addiscit citharizare: nec homo qui non est na-
504 3071 2282 3140 tus citharizare. De prudentia autem naturali circa operabilia, dicit Hieronymus in epistola ad Demetriadem.
495 3126 2289 3204 Bonum generaliter cunctis institutum est. Est enim in animis nnis naturalis quaedam, vt ita dixerim, sctintas: quae velut
