2444 3746
166 250 1939 347 potens operari, quemadmodum ille qui non habuit experientiam instrumentalem citharizandi
161 348 1939 410 quantuncumque habeat scientiam cithariandi ex auditu: illa non est proprie practica: nec intelligere
161 389 1939 459 secundum illam est proprie practicum, sed potius speculatiuum, secundum quod haec latius in pluri
152 438 1940 509 bus aliis quaestionibus declarauimus. Primum argumentum bene probat quod intelligere practicum
156 505 1940 565 non potest absolui ab intentione operis secundo modo, quia non est nisi de operabilibus vt ostendunt
154 559 1936 619 illa dicta philosophi: non tamen ex illis potest concludi quin possit absolui ab intentione operis modo pri
165 610 1931 666 mo. Ad secundum quod finis appetitus est principium intellectus practici: dico quod finis appetitus
158 663 1922 723 duplex est: quidam proximus & immediatus cuiusmodi est eius actio siue operatio appetendi, secun-
159 716 1925 775 dum quod vnaquaeque res dicitur esse finaliter propter suum opus. Alius vero est eius finis mediatus &
161 771 1930 839 vltimus, & est bonum operabile quid consequitur per suam operationem. De primo fine appetitus non
156 828 1926 883 est verum quod semper sit principium intellectus practici: quia pertinet ad intentionem operis primo mo
154 872 1929 934 do. De secundo autem fine appetitus verum est quod semper est principium intellectus practici & perti
158 930 1924 990 net ad intentionem operis secundo modo, vt patet ex dictis. Ad argumentum in oppositum: quod in-
159 985 1927 1049 telligere discipuli est intelligere practicum in moralibus, quia est secundum habitum practicum &
160 1039 1933 1099 absque operis intentione: Dico quod bene verum est quod licet possit esse absque operis intentione primo modo
155 1097 1928 1155 tamen nunquam est absque operis intentione secundo modo: quia non est nisi de operabilibus. falsum
156 1146 1924 1208 tamen est quod sit intelligere practicum, & secundum habitum practicum nisi simul addiscendo ex
160 1199 1926 1263 aud itu a magistro vniuersalis artis operando in seipso experiatur illa in particularibus operibus.
161 1262 1921 1319 quae qiudem experientia debet esse aliqualis antequam sit idoneus auditor moralis scientiae, vt de-
157 1310 1925 1366 terminat Simplicius in principio commenti supe praedicamenta. Propter quod etiam dicit philosophus in pri
150 1363 1927 1416 cipio ethicorum. Huius scientiae non est auditor puer: quia non est expertus eorum quae sunt secundum
154 1417 1931 1478 scientiam. & sicut debet esse aliquantulum expertus a principio, sic ad hoc quod vere secundum habitum pra
152 1472 1924 1528 cticum sciat moralem scientiam, oportet quod similia addiscendo vniuersalia a magistro, experiatur
152 1525 1927 1591 illa penes seipsum in operibus particularibus: vt sicut de Christo dicitur. Incepit facere & docere. Actum. i.
152 1573 1454 1631 sic dictatur de idoneo discipulo moralis scientiae: incepit facere & discere.
483 1628 1924 1706 Equuntur pertinentia ad actum comparando vnum ad alium, & pertinebant pri
493 1686 1919 1741 ma tria ad comparationem actuum penes causalitatem. Et erat primum perti-
489 1739 1915 1797 nens ad actus positiuos: vtrum aliquis scienter ex bono actum possit se reddere
493 1792 1908 1850 impotentem ad impletionem diuini praecepti. Alia autem duo erant pertinentia ad
481 1841 1918 1913 actus defectiuos. Primum in generando peccatum: vtrum in peccato omissionis
452 1894 1922 1965 pem quod distinguitur contra peccatum conmissionis requiratur aliquis actus positiuus. Secun
484 1941 1921 2017 dum erat in excusando peccatum, vtrum aliquis error vel facti vel iuris excuset
146 2000 1921 2072 peccatum. Quartum erat pertinens ad comparationem actuum penes simultatem, vtrum voluntas
155 2062 1919 2129 possit actuari siue reduci in actum, & tamen non determinari ab illo a quo actuatur. Quintum erat perti-
149 2117 1911 2185 nens ad ordinem actuum, vtrum sufficit ad libertatem arbitrii quod potuit impediri ne actuaretur
148 2168 1912 2233 ab alio de necessitate. Sextum pertinebat ad actuum praeeminentiam, vtrum opera vitae actiuae sint prae
156 2219 1916 2284 ferenda operibus vitae contemplatiuae tanquam meliora. Et septimum iuxta hoc ad praeeminentiam sta-
153 2275 1917 2331 tuum in quibus actus huiusmodi habent exerceri: Vtrum scilicet status praelatorum maior sit & perfectior
159 2327 1923 2391 quam status religiosorum. Alia autem duo & vltima erant pertinentia ad actuum absoluendi iteratio
153 2384 1919 2444 nem: quorum octauum pertinebat ad comparationem actuum secundum diuersos defectus, vtrum excom
153 2437 1926 2499 municatus pro contemptu vero ab officiali non sacerdote, post absolutionem ab eodem in forma ec
155 2492 1921 2554 clesiae ab excommunicatione, teneatur petere absolutionem pro contemptu a suo sacerdote. Nonum
158 2546 1913 2600 autem pertinebat ad comparationem actuum secundum vnum & eundem defectum, vtrum com-
153 2595 1919 2657 fessus priuilegiato tenetur eadem confiteri curato suo, quod diffuse fuit disputatum seorsum & per
151 2654 1906 2715 se. ClRca primum istorum arguitur quod nuilus scienter ex bono actum potest se reddere impotentem
149 2711 1909 2764 ad impletionem diuini praecepti: quia nuilus ex actu in quo meretur reddit se impotentem ad im-
154 2763 1905 2822 pletionem diuini praecepti: ex bono autem actu quilibet meretur. ergo &c. Contra. scienter potest
149 2820 1915 2879 quis profiteri religionem: quod est bonus actus: & tamen ex hoc reddit se impotentem ad honorandum
156 2872 1914 2936 parentes in administrando necessaria vitae, quia reddit se impotentem habendi vel acquirendi ea. er
152 2927 1909 2989 go &c. Dico quod si aliquis attentaret dicere quod aliquis per votum religionis eximatur ab impletione
148 2980 1912 3042 diuini mandati, & quod per illud votum redderet se impotentem ad impletionem illius: haec mihi vi
148 3034 1912 3092 deretur esse noua & mirabilis doctrina: tum quia consilia sunt ad perfectiorem & ampliorem imple-
153 3084 1908 3139 tionem mandati: & nemo plus obligatur ad implendum mandata quam ille qui se obligauit ad implen-
147 3135 1917 3212 dum consilia. dicente beato Hieronymo in epistola ad Demetriadem sic. In diuinis scripturis prohi
