2379 3603
478 272 1910 396 Equitur de pertinentibus ad primum principium, deum scilicet. Quorum quaedam pertinebant ad eius
471 380 1902 442 diuinitatem. Quaedam vero ad eius assumptam humanitatem. Vnum vero coniter ad vtrumque
474 424 1898 503 De quo quia vnicum erat, primo expediendum est. & erat, vtrum in Christo sit tantum vnum esse
465 478 1892 541 an plura. ET arguitur quod plura, quoniam quaestio per quid est, est de esse rei, & similiter re-
459 536 1891 607 sponsio ad ipsam. ergo secundum numerum quaestionum per quid est, & responsionum ad ipsam
438 594 1894 659 est numerus esse in re de qua quaeritur. Sed de Christo quaeritur bis per quid: & bis respondetur
416 630 1883 711 semel de natura diuina eius, & semel de humana. ergo &c. CONtra, quae differunt
183 690 1882 763 in esse, & in supposito. quia esse per se est suppositi. ergo diuersa esse non sunt nisi diuersorum supposito
182 741 1875 813 rum. In Christo non est nisi vnum suppositum, scilicet personae verbi: ergo neque nisi vnum esse. QVAEstio ista
174 798 1877 866 non habet difficultatem nisi propter diuersitatem naturarum in Christo, diuinae scilicet & humanae: pro
171 846 1878 916 pter quas videntur in ipso esse diuersa esse, vt procedit primum argumentum: & propter vnitatem personae siue
166 913 1881 969 suppositi diuini in ipso: propter quod videtutur quod non sit nisi vnum esse in ipso, vt procedit secundum argumentum
171 965 1870 1026 Considerandum igitur est ad intellectum veritatis, secundum quid esse attribuendum est Christo: an secundum naturas
164 1013 1876 1085 an secundum personam. Et quia id quid eiattribuitur secundum naturam diuinam & personam, attribuitur ei quia
158 1059 1864 1136 deus est: etiam considerandum est prius quomodo, & secundum quid esse attribuitur deo. Sciendum ergo quod esse in deo de
159 1126 1856 1185 maxime essentialibus & absolutis est, & attribuitur personis: non ratione personalis, proprietatis, sed ratione essena
162 1177 1862 1233 tiae, quae quasi subest ei. Vnde sicut vna est essentia in tribus personis, ita vnicum esse: & licet sint tres entes
160 1230 1851 1295 propter trinitatem personarum: hoc tamen est secundum vnicum esse quod est intribus, ita quod personalis pro
154 1280 1855 1342 prietas alia & alia in alia & alia persona non dat aliud & aliud esse: sed solummodo dat ad aliud esse.
163 1335 1852 1403 Vnde patri non conuenit aliud esse quam filio & spiritui sancto: sed solummodo ad alium esse. Et sic in
154 1382 1853 1450 deo non potest distingui esse vnum ipsius essentiae quod sit idem in tribus suppositis: & aliud suppo
155 1432 1850 1500 siti, & subsistentiae: quod sit aliud & aliud in alio & alio supposito: immo non est nisi vnum esse dei in
151 1493 1851 1553 tribus suppositis quod est ipsius essentiae, & diuersa ad aliud esse, secundum diuersitatem supposito
155 1548 1842 1608 rum. Et hoc ideo, quia in deo non est ratio alicuius suppositi absoluti, nisi forte vnius quod dicitur
149 1597 1852 1663 suppositum quidquid est: quod habetur ex singularitate essentiae: sed solummodo ratio suppositi respectiui, quid
157 1652 1846 1712 dicitur suppositum quid ad aliquid est. cui non conmnumeratur suppositumquid est: nec distinguitur contra ipsum
153 1707 1852 1771 sicut neque ipsa diuina essentia: sed includitur in illo. Vnde in deo subsistere suppositi vt suppositum est
146 1758 1852 1828 proprie loquendo, est subsistere non quid, sed ad aliquid. & similiter esse suppositi non est esse quid, sed
139 1818 1843 1882 ad aliquid. Et sic aliter quo ad hoc se habet esse suppositi in deo & in creaturis. In creaturis enim esse
144 1868 1842 1934 principaliter conuenit supposito & naturae siue fuerit materia siue forma, non nisi prout habet esse
141 1922 1840 1992 in supposito. In deo vero esse principaliter conuenit naturae in supposito, & non supposito, nisi ratio
138 1976 1840 2043 ne naturae existentis in ipso: ita quod ratione suppositi non conuenit ei esse: sed solum ad alium esse.
129 2029 1837 2091 Ex parte autem esse quod conuenit ei ratione naturae, oportet etiam scire quod in eo non est distingue-
130 2084 1836 2152 re: nisi forte secundum rationem intelligendi, esse essentiae ab esse actualis existentiae: nec ipsam essen
139 2139 1828 2201 tiam a sua actuali existentia: quia ipsa est ipsum suum esse, quod non est nisi necesse esse. Ista tamen
137 2200 1824 2261 duo esse bene conuenit distinguere in creaturis in quibus esse essentiae non est necesse esse, sed possi-
127 2245 1825 2303 bile esse: quod per indifferentiam se habet ad esse & non esse, vt in quadam quaestione videbitur inferius
126 2301 1824 2358 Ad propositum igitur descendendo patet, quod Christo ratione suppositi & personae nullum esse absolutum attribui potest
123 2355 1824 2420 Cum enim ipsa persona diuina in eo ratione qua persona est id quod est a personali proprietate est, non ab
127 2407 1827 2478 soluta, sed respectiua, nuilum esse absolutum potest habere: sed solummodo ad aliud esse, nec Chri
128 2459 1819 2529 stus ipse ratione suppositi, & personae in eo potest habere esse absolutum: sed solummodo ad aliquae
121 2513 1821 2584 vel ad alium esse. Christus enim deus & homo non est suppositum absolutum, sed respectiuum tantum
118 2573 1813 2633 sicut neque ipse vt verbum tantummo. immo omne esse quod Christo debet attribui, attribui debet ei ratio-
120 2611 1819 2682 ne naturae suae diuinae, vel humanae existentis in supposito, non ratione ipsius suppositi: sicut attri
114 2673 1816 2726 buitur personis diuinis solummodo ratione naturae diuinae, vt dictum est. PATET ergo quod non
121 2725 1820 2786 valet quod aliqui nituntur distinguere de esse in Christo, quod duplex est esse, scilicet actuale & subsi-
119 2778 1814 2835 stentiae: & esse naturae & essentiae: & quod in Christo est vnum esse actuale & subsistentiae, sicut vnum
118 2824 1816 2890 est in ipso suppositum subsistens: duo vero esse naturae & essentiae, sicut duae naturae sunt in Chri
114 2888 1815 2943 sto, diuina scilicet & humana. Quod quidem dicunt habendo considerationem ad suppositum in crea
109 2938 1817 2999 turis: in quibus supposito quid absolutum est per se conuenit esse actuale, & subsistentiae: & non
107 2988 1810 3048 alicui quod est in ipso, nisi per ipsum. Vnde accidens secundum philosophum: quia non subsistit
107 3049 1804 3102 secundum se: sed inhaeret alteri, non dicitur esse ens, sed entis: & non dicitur proprie esse: sed in-
103 3090 1807 3163 esse, iuxta commune dictum: quod scilicet accidentis esse est inesse. Et similiter est de materia & forma
99 3151 1807 3231 in composito, licet non sint accidentia. Non enim proprie dicuntur entia, sed entis: neque esse, sed inesem:
