2443 3702
223 281 1994 351 Christi est vbique sub tota specie sacramenti: & sub qualibet parte eius: & nusquam dimensionaliter nisi per
223 340 1996 404 quandam concomitantiam, vt dictum est. Nec autem ad hoc vt Christus alicubi existens videat se vel aliud oculo
221 404 1996 463 corporali, oportet quod ibi sit per se & dimensionaliter. Et similiter est de ipsa re visa: quia nihil videtur nisi dimensio
226 449 1994 514 nale: neque videt nisi oculo dimensionali. ABsolute igitur dicendum: quod Christus vt est sub speciebus sacramen
222 509 1988 569 ti, neque se, neque aliud videt, neque a se, neque ab alio videtur. oculo dico corporali. tamen bene verum est quod Chri-
230 557 2005 619 stus qui est ibi videt se & alia: & est visibilis a se & ab aliis: non autem vt est ibi sacramentaliter: sed vt est in
231 605 2008 674 caelo localiter. ARgumentum in oppositum non concludit: quod Christus nullo modo potest videre se sub sa
231 668 1986 732 cramento oculo corporali: sed solum quod non potest se videre tantum quantus ipse est. vnde non valet ad propositum.
559 717 1986 784 VIsis igitur quaestionibus propositis circa primum principium, sequuntur duae quaestiones circa exi
560 770 1988 843 tum rerum ab ipso, quae licet erant duae in modo quaerendi: vna tamen sunt secundum rem. Vnde ex
565 827 1980 892 pedit eas simul determinare. Prima erat: vtrum creatura potuit esse ab aeterno. Secun
559 878 1995 940 da: vtrum repugnat creaturae fuisse ab aeterno. ET arguebatur primo quod creatura non
547 929 1994 995 potuit esse ab aeterno. quia in ratione creaturae includitur ratio termini. non enim est crea
545 984 1992 1050 tura nisi habeat esse determinatum: & quid tale est nullo modo pont aequari illi quid omnino
558 1048 1994 1101 priuat rationem termini, cuiusmodi est aeternitas. Aequaretur autem ei si esset ab aeterno.
228 1087 1990 1157 ergo &c. Quia omnino repugnat ei fuisse ab aeterno, arguebatur sic. Coaeterna non possunt esse separabilia: se
217 1154 1996 1215 cundum quod Augustinus dicit in sermone contra Arria, per hoc probat personarum diuinarum consubstantialitatem. si ergo creatu
219 1200 1990 1262 ra esset coaeterna deo, non posset in esse suo separari a deo. hoc autem repugnat naturae suae. quia in eo quod crea-
223 1253 1975 1316 tura est, possibilis est ad non esse, ergo &c. ITEM sicut se habet substantia causans ad substantiam causatam:
225 1314 1986 1371 ita mensura huius se habet ad mensuram illius. sed substantiae creaturae repugnat quod sit eiusdem aut aequalis sub-
225 1353 1984 1427 stantiae cum deo: ergo & mensurae creaturae repugnat quod sit eadem vel aequalis mensurae dei. Hoc tamen esset possibile
230 1408 1988 1479 si non repugnaret ipsam esse ab aeterno. ergo &c. CONtra. deus potest facere omne illud in cuius factione nul
231 1464 1988 1521 la includitur contradictio. In factione vero creaturae ab aeterno, vt videtur, nulla includitur contradictio. ergo &c.
234 1511 1980 1576 ITEM deus fecit creaturam. aut ergo in aeternitate, aut extra eam. Non extra eam: quia extra aeternitatem nul
229 1573 1975 1644 la potest esse duratio. ergo deus fecit creaturam in aeternitate. sed facto in aeternitate non repugnat esse ab
232 1623 1981 1692 aeterno. ergo creaturae non repugnat esse ab aeterno. ergo &c. IN hac quaestione erat opinio philosopho
231 1677 1986 1742 rum, quod creatura potuit esse ab aeterno: & quod non repugnat eius naturae. & cum hoc erat de opinione ipsorum
224 1735 1979 1797 quod licet ex se non haberet esse effectiue, tamen quantum est ex parte sui creatoris ipsa non posset non esse: ita
229 1794 1984 1854 quod ipsa non potuit incipere esse, nec vnquam potuit desinere esse. Sic enim dicit Auicenna in sexto Metaphysicae
225 1838 1993 1905 suae. Quia aliquid (inquit) sit causa existendi causatum, cum prius non fuit, hoc conuenit quia non est causa eius per suam
226 1895 1985 1955 essentiam: sed per aliquam determinatam comparationem quam habet ad illud cuius comparationis causa est motus.
223 1941 1987 2012 Cum igitur vt dicit aliqua ex rebus per suam essentiam fuit causa esse alterius rei: profecto semper erat causa quamdiu
223 1998 1996 2067 habuerit esse, eo quod absolute prohibet rem non esse. Et haec est intentio quae apud sapientes vocatur creatio. Et
216 2063 1984 2116 sic posuerunt philosophi illi quod deum esse causam creaturae non sit voluntatis dispositione: sed necessitate na-
227 2105 1982 2164 turae: secundum quod dicit Ambrosius in primo Hexameron. Gentiles plerique coaeternum mundum volunt esse deo
231 2163 1986 2221 quasi vmbraculum diuinae virtutis. & quamuis causam eius deum esse fateantur, causam tamen non ex voluntate
221 2212 1988 2281 & dispositione sua: sed ita vt causa vmbrae corpus est: & fulgori lumen. Vnde si lumen esset aeternum: & ful-
227 2265 1989 2334 gor. secundum quod dicit Augustinus in alio exemplo super loannem sermone trigesimosexto. Ponamus inquit vir-
230 2324 1983 2392 gultum natum super aquam. nonne cum imagine sua nascitur: mox cum incipit existere, incipit cum illo simul ima-
215 2381 1981 2443 go sua existere, non praecessit nascendo imaginem suam: sed nascitur cum imagine sua. & tamen ab illo imago
216 2433 1980 2493 est, non illud ab imagine. ergo sunt coaequaeva: & si semper virgultum, semper & imago de virgulto. PHIlo
211 2481 1986 2547 sophorum dictum aperte haereticum est quo ad hoc, quod dicunt deum non potuisse creaturam non causasse: neque in ni
213 2532 1982 2596 hilum ire permittere postquam habuerit esse: vt creatura non potuerit habuisse non esse ante esse duratione, nec
220 2599 1988 2660 possit habere non esse post esse. lta quod etsi dicant deum voluntate mundum creasse: & in esse conseruare: hoc
219 2642 1987 2709 dicunt ipsum facere non voluntate libera ad facere & non facere: sed voluntate immutabili immutabiliter
217 2701 1988 2763 concomitante necessitatem naturae. Fides enim catholica expresse tenet quod dei voluntate libera quandoque crea
213 2749 1984 2812 tura incepit esse & semper durabit: & hoc tam libera dei voluntate quod ipsa ab aeterno disponente creatura
213 2799 1982 2864 nunquam fuisse potuit: & postquam facta sit, in non esse abire poterit. secundum quod dicit Ambrosius. Pulchre ait Moy
209 2851 1991 2920 ses quia fecit deus caelum & terram. Non dixit quia causam dedit mundo vt esset: sed fecit. Ex ipso enim est pri
215 2911 1990 2982 cipium & origo substantiae vniuersorum, id est ex eius volutate & potestate. & quamdiu vult eius voluntate
205 2959 1994 3028 manent atque consistunt: & finis eorum in dei voluntate recurrit & eius arbitrio reuoluuntur. Omnia
214 3022 1987 3083 enim quaecumque voluit deus fecit in caelo & in terra. libera ergo voluntate nulla necessitate naturae con-
204 3063 1993 3132 iuncta vult aliquid eorum quae sunt extra se: quia absolute loquendo non est necesse deum velle aliquid
199 3128 1996 3214 nisi seipsum & ea quae sunt intra se. SED quid est de principali interrogato: repugnat ne creaturae
