2434 3738
163 289 1944 371 li vtroque modo prouideret post eius mortem temporalem. dicente Augustinus in exponendo illud loam. vlti.
168 359 1944 426 Cum vidisset lesus matrem & discipulum stantem quem diligebat, dixit matri suae: Mulier ecce filius
157 419 1939 479 tuus &c. Haec est illa hora de qua lesus aquam conversurus in vinum dixerat matri suae: quid mihi
160 472 1944 530 & tibi mulier: nondum venit hora mea, nondum venerat hora in qua deberet eam cognoscere mori
169 523 1934 581 turus: de qua fuit mortalis natus. Tunc ergo diuina facturus non deitatis sed infirmitatis matrem ve
166 578 1935 647 lut incognitam repellebat. Nunc autem humana iam patiens eam ex qua factus fuerat homo affectu com
164 632 1938 696 mendabat humano. Moralis igitur insinuatur locus, facit quod faciendum admonet: & exemplo
167 686 1929 753 suo suos instruit praeceptor bonus vt a filiis piis impendatur cura perentibus. Ex hac doctrina sana didice
163 749 1934 802 rat apostolus Paulus quid docebat. Si quis autem suis & maxime domesticis non prouidet, fidem ne-
162 794 1930 861 gat, & est infideli deterior. Quid autem cuiquam tam domesticum quam parentes: Huius itaque saluberrimi
158 858 1932 912 praecepti ipse magister sanctorum de seipso constituebat exemplum, quando non vt famulae deus, sed vt matri ho
157 901 1926 965 mo quam relinquebat alterum pro se quodammo filium prouidebat. Nam cur hoc factum fuit quod se
158 950 1927 1022 quitur indicat. Ait enim ibidem loannes: Et ex illa hora accepit eam discipulus in suam. de seipso dicens
167 1012 1925 1074 vt ad eius curam quicquid ei esset necessarium pertineret. Suscepit ergo eam in suam, non praedia quae
160 1073 1936 1128 nulla iure proprio possidebat: sed officia quae propria dispositione exequenda curabat. Quaero ergo
165 1117 1926 1179 si Maria infirma fuisset & corporali solatio loannis & victu corporali indiguisset, numquid loannes
162 1167 1938 1237 propter religionem apostolatus eam dimisisset desolatam: nec de necessariis ad victum prouidisset: etiam
168 1225 1930 1293 propriis manibus laborando si aliter prouideri illi non potuisset, sed recedens dixisset ei, Maria, Bo
157 1276 1938 1336 na dies sit tibi: quasi suffecisset eam honorare verbo seunutu, & non opere: Credo quod nequaquam. Qua-
160 1336 1930 1391 re similiter nec religiosus in consimili casu matrem suam nequaquam dimittere debet desolatam, sed eam
160 1381 1934 1443 debet honorare opere, vt dictum est. Vnde vt puto illis qui contraria dicunt siqui forte sint ( qui tamen ad il-
158 1442 1932 1506 la dicenda mouentur, nec auct oritate, nec ratione, sed sola affectione fauoris ad statum suae professionis
168 1493 1928 1555 videntur moueri) bene potest dici illud Matth. xv. Quare vos transgredimini mandatum dei propter
159 1552 1924 1614 traditionem vestram: Nam deus dixit: Honora patrem & matrem. Glos. Imbecillitati consulas dando
161 1597 1934 1661 necessaria. Vestra autem traditio contraria est. Et quomodo subdit: in quo multum declaratur nostrum pro-
162 1654 1933 1723 positum contra illos. Vos autem dicitis, quicunque dixerit patri vel matri munus quodcumque est ex me
160 1706 1938 1779 tibi proderit: & non honorauerit patrem suum aut matrem suam: & irritum fecistis mandatum dei
161 1765 1930 1833 propter traditionem vestram. Glos. Hoc filios dicere parentibus compellitis: quid deo oblaturus eram in tuos
162 1824 1938 1883 consumo cibos: quasi non proderit tibi vel mihi. impietatem sub nomine pietatis inducunt: & docent
169 1868 1931 1935 quod oblatio domini qui verus est pater obsequiis parentum praeferatur. Quaero quid isti aliud dicunt quando suos au
168 1926 1933 1981 ditores: qui in hoc quoquo modo filii eorum sunt, docent nisi quod ex professione religionis sic obligantur deo ad offe
166 1983 1938 2047 rendum ei minus obsequii quo ad obseruantiam regularem, quod nec prasent nec debent munus obsequii sui
157 2034 1937 2094 impendere parentibus: quasi hoc esset eis illicitum, sicut illi dicebant quod sacrilegium erat conferre necessi
163 2085 1923 2149 tati parentum quod posset offerri deo. Ad secundum quid dicit: quod per religionis ingressum impotens quis factus
163 2145 1928 2205 est habendi & acquirendi necessaria patri, dico quod falsum est. Si enim aliter non posset hatrne vnde pro-
163 2193 1917 2262 uideret potius deberet manibus laborare, & per hoc illi necessaria acquirere, quam eis quae sunt religionis
154 2257 1925 2314 insistere, & patrem permittere mori fame. in hac enim necessitate non multo minus astringitur prouidere
167 2301 1923 2363 quacunque via poterit patri quam sibiipsi. Ne autem quisque in tali necessitate sibiipsi prouideat, nulla necessi
165 2362 1934 2416 tate, nulla lege, nulla professione potest astrigi, sim quod dicit Nicolaus papa de prouisione necessitatis extre-
162 2403 1925 2465 mae fratrum minorum, deficiente omni alia prouisionei. Etquidem si Qquod non est aliquatenus praesumendum haec
163 2460 1928 2517 cuncta deficerent, sicut nec caeteris, sic nec ipsis fratribus iure poli in extremae necessitatis articulo
155 2511 1927 2583 ad prouidendum sustentationi naturae via omnibus extrema necessitate detentis concessa praecludi
157 2571 1922 2624 tur: cum ab omni lege extrema necessitas sit excepta. & sic in tali necessitate quilibet potest acqui-
150 2622 1928 2699 rere & per acquisitionem qua potest habere vnde prouideat patri in tali necessitate constituto: sicut & vnde
161 2678 861 2741 prouideat sibi in necessitate consimili.
463 2710 1914 2803 Irca secundum arguitur, quod in peccato omissionis sm quod distinguitur contra peccatum conmissio
500 2788 1921 2850 nis, non requiritur aliquis actus positiuus, quia contingit peccare peccato conmissionis faciendo contra
510 2837 1922 2901 precepta negatiua dupliciter: & quantum ad actum exteriorem, cuiusmodi est furari: & quantum
504 2893 1924 2946 ad actum interiorem, cuiusmodi est concupiscere. Sicut enim dicit lex, non furaberis, sic di-
499 2944 1922 3004 cit non concupisces. Cum igitur peccatum omissionis sic se habeat ad praecepta affirmatiua, si
495 2997 1920 3057 cut se hent peccatum conmissionis ad praecepta negatiua: consimiliter ergo contingit dupliciter pecca
157 3056 1922 3111 re contra praecepta affirmatiua peccato omissionis, & quantum ad actum exteriorem qui est non facere quod tenetur, & quantum
153 3110 1927 3164 ad actum interiorem: qui est non velle facere illud. sed ambobus concurrentibus non requiritur ad peccatum omissionis aliquis actus po
156 3161 1943 3248 sitiuus. ergo &c. Contra. m Augustinus de libero arbitrio, peccatum ita est voluntarium quod si non esset volunt: rium non esseti
