2443 3720
534 249 2300 330 peccatum. sed non est voluntarium sine actus positione. ergo &c. EIco quod in pura negatione absque omni positiuo non
539 319 2293 379 consistit ratio peccati, quia peccatum non habet rationem purae negationis: sed potius priuationis scilicet modi speciei &
539 363 2293 429 ordis. Priuatio autem necessario requirit subiectum. secundum philosophum. iiii. &. ix. Metaph. in hoc ei priuatio differt
536 421 2291 485 a negatione. & sic peccatum omissionis necessario requirit aliquid positiuum. Vnde qui omnino nihil cogitat & nihil
540 477 2290 535 vult, vel agit, aut forte non habet omnino vsum liberi arbitrii, pro illo tempore & hora nihil omnino potest peccare nisi
528 531 2285 595 ex ordine ad aliquem actum positiuum: in quo sicut in radice demeruit quod si in tali tempore & hora aliquid faceret non
535 591 2283 655 faciendum, vel omitteret faciendum, ei imputaretur. & hoc quemadmodum suffragia viuorum prosunt defunctis
537 641 2294 704 pro quanto meruerunt dum viuerent quod sibi valere possent si fierent, quae si fiunt, sunt merita eorum ex radice operis
536 694 2284 763 quod fecerunt viui. Vnde dico quod peccatum omissionis nullo modo potest consistere in pura negatione. Nec tamen dico
542 749 2277 813 propter hoc quod ratio peccat omissionis est in positiuo actum nisi sicut in radice: sed solummo in ipsa actus negatione si-
532 807 2276 873 ue omissione. Non est enim peccatum omissionis in illo positiuo nisi sicut in radice: vnde traxit omissio actus quod habet
526 873 2277 923 rationem peccati. quemadmodum ratio meriti consistit in actu quem facit viuus, non vt in subiecto, sed vt in ra
531 910 2286 982 dice: a qua habet quod deputatur mortuo in actu quem mortuus fecit viuus. et quemadmodum peccatum homicidii
539 972 2276 1034 commissum in ebrietate, vt in subiecto consistit formaliter in ipso actum occidendi, vt in radice autem in actum po
542 1023 2279 1078 tationis quo se inebriauit, in qua radice est cauam illius omissionis. & quia radix non est cauam vitiosi nisi ipsa in
538 1076 2284 1135 se sit vitiosa, necesse est quod si sit peccatum in omissione quae ad actum omissum, quod est sit peccatum i conmissione quo ad actum
535 1134 2277 1201 exercitum, vt sm hoc numquam possit esse vnum peccatum omissionis sine alio commissionis. Vnde si aliquis in nullo
539 1185 2274 1244 actu exercito delinquaret vllo modo, aut ille non esset omnino causa & radix omissionis, aut illa omissio non
533 1241 2270 1301 deberet imputari in peccatum omittenti: sed excusaretur per inuoluntarium ex ignorantia inuincibili. Sed est aduertem
531 1296 2275 1364 dum quod ille actus positiuus in quo sicut in radice est cauam omissionis, vel potest esse actus volendi terminatus
534 1353 2276 1421 ad negationem siue omissionem eius ad quod quis tenetur, licet non sine aliquo termino positiuo, puta quando
531 1409 2275 1479 aliquis omittit honorare parentes, quia vult hunc actum omittere, siue quia vult non honorare ipsos, eo quod vult
529 1454 2271 1528 seruare pecuniam qua deberet eos honorare. Talis enim ex hoc quod vult hoc, committit, & ex eo quod non fax
531 1515 2275 1582 cit id quod terminat negatiue actum volendi, omittit. vel potest ille actus qui est radix omissionis esse aliquis alius
523 1575 2280 1637 actus principaliter explicitus siue exercitus aut imperatus a voluntate: puta studium per quod detinetur intellectus intentus
528 1627 2279 1691 circa vnum, vt non possit se conuertere ad cogitandum de faciendo id ad quidquis tenetur, & quando tenetur. qui quidem
529 1674 2277 1745 actus studendi, licet sit licitus sim se, & per alio tempore in ipso non esset aliquam conmissio, committit tamen voluntas in eo
529 1743 2275 1801 quod intellectum tenet in tali attentione propter circunstantiam temporis in quo deberet esse attentus ad faciendum id ad quod te-
523 1786 2269 1852 netur, & dimittere pro illo tempore actum sm se licitum ad quem non tenetur. & ideo simul cum isto actu positiuo in quo in
529 1847 2275 1910 cidit peccatum conmissionis, simel incidit interpretatiue actus voluntatis praedictus, quae scilicet vult omittere. In eo enim quod
536 1906 2276 1965 vult intellectum esse tam intentum studio quod non potest convertere se ad considerandum quid aliquae faciendum est, vult inter
535 1953 2270 2018 pretatiue omittere illud quod faciendum est. & sm hoc concedenda est ratio ad secundam partem adducta. Ad primam quod
539 2013 2278 2076 omissio potest fieri & quae ad actum exteriorem & interiorem siml, sicut & commissio: dico quod verum est: immo necessa
529 2054 2278 2135 rium est quondocumque omissio reducitur ad commissionem in alio actu positiuo quam sit actus volendi. Sic enim omittens quod te
527 2109 2291 2176 netur facere exterius, est omittit cogitare de illo & velle id facere interius. Sed omitti potest istud velle Vno
529 2169 2281 2229 modo negatiue omnine scilicet quia non vultire: & ex hoc nullum est peccatum eo quod in pure negatiuo non consistit peccatum
540 2218 2284 2283 Vnde quo ad hoc non est simile de peccato conmissionis & omissionis: sic tamen processit argumentum. Alio modo priuati-
538 2272 2287 2349 ue scilicet quia vult non hoc: ratione tamen alicuius positiui semper, vt dictum est. Sed cum reducitur ad ipsum actum volendi, tunc
529 2327 2282 2402 non est proprie nisi omissio actus exterioris non interioris, quia ipse actus exterior negatur: & actus interior omissus
521 2386 2280 2460 potius est priuatio quam negatio, quamquam ergo duplex sit omissio quandoque: ambas tamen oportet reducere ad aliquid po
533 2447 1468 2512 sitiuum in quo est per se commissio secundum dictum modum.
866 2486 2287 2561 lrca tertium, videlicet vtrum aliquis error vel facti vel iuris excuset peccatum: Arguitur quod
866 2547 2283 2612 error facti non excusat, quia Abimelech peccasset errore facti in Saram vxorem Abrahae
876 2603 2289 2663 nisi dominus eum praeseruasset, sm quod Gen. xx. dicit illi dominus. Scio quod in simplicitate cordis
871 2650 2276 2723 feceris, & ideo custodiui te ne peccares. ltem dominus dixit de ludaeis crucifigentibus.
859 2707 2286 2788 ipsum: nesciunt quid faciunt, & hoc quia errabant errore facti: non credentes illum quem cru
857 2755 2280 2832 cifixerunt, esse Christum: & tamen peccauert. Contra. dicit Christus. Si non venisse &lo
527 2827 2275 2900 quutus eis non fuissem peccatum non haberent. & hoc non nisi quia per ignorantiam errantes excusati fuissent, er
520 2863 2264 2952 go &c. DIco quod non sunt idem error & ignorantia, sed verum est quod non est error fine ignorantia. Est enim
531 2928 2275 3005 quaedam ignorantia negationis: quao dicitur in pueris nescientia, qua aliquis nescit quod non est potens aut natus scire
521 2973 2278 3051 propter subiecti indispositionem ad scientiam contrariam illi ignorantiae: & in adultis dicitur ignorantia inuincibi
527 3040 2284 3107 lis. & ista ignorantia non est error, quia nec est peccatum nec causatum a peccato propriae voluntatis in ignorante. Et
521 3100 2287 3156 ror autem omnis aut est peccatum in errante, aut a proprio peccato errantis causatus, vt enihoc igno-
522 3138 2303 3226 rantia sic dicta possit esse sine peccato proprio ignorantis: non autem error. Vnde ignorantia phi-
