2373 3772
102 295 1835 385 quod non est finis, nec se habens sub ratione omnis boni, aut intellectus intelligit id sub vna ratione siue boe
98 368 1826 434 ni siue mali, puta fornicationem sub ratione delectabilis tantum: aut sub ratione deordinati tantum, aut in
96 421 1830 498 telligit ipsum bifurcatum, & sub duplici ratione: puta fornicationem sub ratione delectabilis inor-
105 477 1822 544 dinati. Si primo modo, dicunt quod voluntas statim ab obiecto actuatur: sed non necessitatur nisi vt velit il
107 535 1824 594 lud secundum rationem illius determinationis. Si enim consideratio sit determinata ad bonum tantum, tunc
105 589 1822 649 necessitatur vt velit bonum: & si sit determinata ad malum tantum, necessitatur vt velit malum, puta
106 640 1825 710 si intelligit fornicationem sub ratione delectabilis tantum, de necessitate vult fornicari. Si vero sub ratio-
107 695 1818 763 ne deordinati tantum: de necessitate vult non fornicari: quia voluntas nihil potest respuere nisi sub ratio-
109 744 1814 817 ne mali, nec velle nisi sub ratione boni. Voluntas autem licet sic ad hoc de necessitate actuetur: non
104 807 1822 870 tamen vt dicunt ab eo quod non est finis sub ratione omnis boni necessitatur: sic vt oporteat ipsam persistere
105 855 1814 919 in actu volendi vel nolendi, quomodo necessario actuatur ab obiecto, sicut necessitatur volendo finem
120 907 1815 975 quia a volendo illum non potest se retrahere. Vt enim dicunt agens & patiens in naturalibus con
108 962 1818 1029 parantur inter se tripliciter: quia agens ipsum patiens actuat faciendo ipsum sm actum quale est
104 1017 1821 1082 agens, & necessitatur: quia agente approximato patienti agens necesse habet agere & patiens pati
104 1068 1824 1132 sic quod oporteat ipsum persistere in dispositione quam ei imprimit agens. Similiter agens patiens violentat
113 1124 1822 1190 quia spoliat ipsum a dispositione quam habet in se contratiam illi dispositioni quam nititur ei imprime
107 1177 1814 1247 re agens. Ex parte autem voluntatis dicunt quod a fine ad quem se habet sub omni ratione boni, actua-
103 1229 1822 1282 tur & necessitatur simul: ab his autem quae sunt ad finem, & quae comprehenduntur non sub omni ratione
109 1282 1822 1353 boni, actuatur quando comprehenditur sub vna ratione tantum: a nullo autem potest violentari, Quia igitur
102 1336 1819 1395 (vt dicunt) voluntas eo quod non necessitatur ab eis quae sunt ad finem, habet in potestate suaelibertatis ar-
109 1389 1814 1456 bitrii vt possit persistere in illa actuatione siue actu volendi aut nolendi illud a quo est actuata, aut
98 1445 1821 1507 potest se ab illis retrahere: & sic ipsa voluntas ex se vere indeterminata est ad velle persistere vel non
103 1496 1814 1558 persistere in illis, & quia in hoc non potest determinari ab obiecto quod non est finis sub omni ratione
103 1550 1812 1618 boni: oportet ergo quod voluntas in hoc seipsam determinet suo libero arbitrio. Et hanc determinationem
103 1603 1818 1668 aliqui consueuerunt appellare exercitium actus solummodo. Talem determinationem siue exercitium
109 1662 1815 1724 actus dicunt esse in libero arbitrio voluntatis: non autem ipsam actuationem quae praecedit necessario
106 1714 1814 1772 istam determinationem. & sic dicunt actuationem voluntatis esse ab obiecto naturali necessitate: &
107 1771 1820 1833 nullo modo a libertate arbitrii in voluntate. Determinationem autem siue exercitium actus dicunt
104 1823 1813 1883 esse a libero arbitrio voluntatis, & respectu illius solummodo voluntatem esse liberi arbitrii. Si ve-
96 1870 1817 1946 ro intellectus intelligit id quod non est finis secundum rationem omnis boni sub duplici ratione, scili
101 1936 1818 1987 cet bifurcata, puta fornicationem sub ratione delectabilis inordinati: vel potionem sub ratione sa-
101 1990 1822 2046 natiui amari, dicunt quod in libertate arbitrii voluntatis est vt possit se determinare ad hoc vt velit in
96 2042 1819 2100 tellectum persistere in consideratione illius bifurcata, siue sub vtraque ratione, aut omnino desistere
102 2089 1822 2152 ab illius consideratione, vt secundum rationem neutram ipsum consideret, vel vt sistat in considera
104 2143 1817 2205 tione illius sub altera ratione tantum: & desistat a consideratione eius sub alia, vel vt non sistat aequaliter
102 2189 1820 2256 sub vtraque, sed magis in consideratione illius sub vna ratione quam sub altera. Et in omnibus istis neces
103 2244 1807 2310 se est intellectum sequi determinationem voluntatis quamdiu ipsa vult stare in sua determinatione, quam
98 2298 1811 2354 diu enim voluntas vult, stat intellectus in bifurcata consideratione. quia quamdiu vult voluntas intel-
99 2353 1823 2420 lectum de vtroque considerare: & quamdiu stat intellectus in consideratione de vtroque aequaliter: dicunt quod
108 2413 1819 2474 per neutrum potest actuari voluntas vt vnum illorum velit & alterum respuat: nec est in voluntate vt quo ad alte
109 2469 1820 2529 rum illorum fiat in actu volendi illud. sed cum vult intellectum considerare de altero tantum vel magis de illo quam de
105 2516 1818 2587 reliquo, tunc necesse est ipsam actuari ab illo quod solum intellectus considerat aut magis, puta cum vult
100 2566 1813 2633 intellectum solum vel multo magis cogitare de fornicatione sub ratione delectabilis, quia in obiecto non
108 2621 1821 2682 hent voluntas retrahens, allicitur a delectabili, & causatur in ea volitio fornicationis: & econtra, cum
106 2677 1812 2740 vult intellectum solum vel magis cogitare de fornicatione sub ratione deordinati, quia in obiecto non habet
117 2737 1806 2786 voluntas alliciens, abominatur fornicationem, & causatur in ea nolitio fornicationis. & sic in volendo vel no
105 2778 1811 2851 lendo voluntas ab obiecto actuatur, quia volitio causatur in voluntate a bono apprehenso, & nolitio a malo ap
109 2840 1815 2903 prehenso, ita quod secundum hunc modum bonum vel malum apprehensum actuat voluntatem. & sic suum actuari isto
110 2889 1816 2956 modo nec est a voluntate, nec a libero arbitrio eius, quia super ipsum voluntas non habet dominium nisi per accidens
100 2939 1815 3008 per hom. scilicet quod posset se non determinasse ad hoc quod voluit intellectum solum vel magis considerare fornicationem
96 2996 1819 3058 sub ratione delectabilis. Nisi enim prius determinasset se velle intellectum considerare de fornicatione subrato
100 3051 1824 3108 ne sola delectabilis vel magis, sed desistere a consideratione eius sub ratione fornicationis, fornicatio non po
104 3102 1819 3171 tuisset voluntatem actuasse actu volendi fornicationem, nec causare volitionem sui in illa. Dicunt ergo isti quod
98 3165 1833 3246 voluntas quo ad determinationem actus, quam alii appellant quo ad exercitium actus, quia seipsam per
