2433 3745
172 271 1963 357 volendum illud vel affectuose velle. & infra. Affectio autem huiusmodi instrumenti est qua sic afficitur huiusmodi
170 342 1958 407 instrumentum ad volendum aliquid, etiam quando illud non cogitat: vt si venit in memotiam, aut
167 395 1951 449 statim: aut suo tempore illud velit. Sed est aduertendum quod talis affectio siue aptitudo voluntatis
165 447 1958 516 duplex est, quaedam naturalis naturae indita, quaedam vero est naturae superacquisita. Aptitudo pri
163 514 1956 576 ma nihil reale addit supra naturam: sed solummodo respectum & modum quo ordinatur ad actum
168 562 1956 633 volendi aliquid, sicut nec aptitudo ad videndum lucem aut colorem, aliquid reale addit supra na-
172 615 1943 673 turam visus. & per talem aptitudinem siue affectionem voluntas ordinatur ad illud quod naturali-
172 667 1951 722 ter & immutabiliter vult, cum ei praesentatur per intellectum. Vnde & per se in puris naturalibus exi-
173 719 1945 775 stens potest exire in actum volendi illud absque omni alia dispositione existente in illa. Tali autem affe
164 775 1943 844 ctione vult voluntas salutem statim. de qua dicit ibidem Anseliu. Sic est instrumentum volendi affectum ad
179 829 1958 896 volendum salutem, etiam quando illam non cogitat, vt mox cum venit in memoriam statim eam
177 883 1957 948 velit. Tali etiam aptitudine naturali voluntas pronior est, quantum est de sua natura, ad volendum
167 936 1950 990 bonum virtutis, quod est bonum simpliciter: quam delectabile in malo vitii, quod est bonum vt nunc, licet
169 988 1953 1045 ex corruptione vitiosa originali vel actuali pronior sit ad bonum, vt nunc. dicente ibidem Ansel. Inuestigam
175 1043 1955 1098 dum est, vnde tam prona sit ad malum ista voluntas. Non enim credendum est talem illam deum
169 1096 1953 1154 fecisse &c. Vbi dictam causam exprimit, sicut patere potest intuenti: vt de causa ipsius. Aptitudo
171 1151 1955 1203 autem secunda addit supra naturam voluntatis habitum virtutis, quo inclinatur ad bonum virtu-
170 1202 1958 1265 tis actum, in cuius actum tali promptitudine non posset exire per seipsam voluntas, quali exit in
170 1258 1954 1313 ipsum cum habitu virtutis. Potest tamen sola aptitudine naturali per seipsam in actum virtutis
165 1311 1947 1376 imperfectum, generatiuum habitus, absque omni dispositione existente in ea, & etiam cum maiori
163 1365 1942 1435 promptitudine quam in actum vitii, potest exire in illum simpliciter absque omni alia dispositione existen-
163 1431 1956 1485 te in ea. Vnde de tali aptitudine siue affectione respectu actus meritorii ex virtute gratuita, dicit
165 1470 1951 1532 Ansel. Sanctus homo asseritur etiam cum dormit, & non cogitat indesinenter habere voluntatem
166 1526 1944 1590 iuste viuendi. Et non aliud dicimus voluntatem quam illam affectionem instrumenti qua vult iuste viuere.
161 1578 1947 1637 secundum quod etiam vtrunque modum aptitudinis declarat post pauca subdens. Sicut visus plures
160 1632 1951 1688 habet aptitudines, scilicet ad videndum lucem: & per lucem ad videndum figuras, ad videndum
173 1681 1952 1751 colores: ita instrumentum volendi duas habet aptitudines quas voco affectiones: quarum vna est ad
175 1744 1952 1810 volendum commoditatem: altera ad volendum rectitudinem: nempe nihil vult voluntas, quae est in
169 1799 1948 1861 strumentum, nisi aut commoditatem aut rectitudinem, quicquid enim aliud vult, aut propter con-
164 1848 1951 1906 moditatem aut propter rectitudinem vult. Et ad has etiam si fallitur, putat se referre quod vult.
167 1901 1956 1974 Per affectionem quidem quae est ad volendum commoditatem semper vult homo beatitudinem &
170 1955 1945 2014 beatus esse: per illam vero quae est ad volendum rectitudinem, vult rectitudinem & rectus. i. iustus
167 2006 1951 2063 esse. Propter conmoditatem autem vult aliquid, vt cum vult arare vel laborare vt habeat vnde tu-
167 2063 1951 2116 eatur vitam & salutem, quae iudicat esse commoda. Propter vero rectitudinem vult: vt cum vult
174 2112 1949 2181 discere, vt sciat recte id est iuste, viuere. Et per hoc plane insinuat quod prima aptitudo sit naturalis: secun
162 2169 1950 2236 da superacquisita naturae secundum dictum modum. Assignans autem differentiam inter has apti
165 2220 1951 2287 tudines duas siue affectiones, dicit sic. Illa quae est ad volendum commodum, inseparabilis est: illa ve
169 2271 1950 2342 ro quae est ad volendum rectitudinem separabilis. In hoc quoque differunt: quia illa quae est ad volendum conmodum, non
168 2325 1948 2396 est hoc quid ipsa vult: illa vero quae est ad volendum rectitudinem, rectitudo est. Nullus quippe vltra rectitudi-
162 2381 1947 2449 nem nisi rectitudinem habens, neque potest aliquis rectitudinem velle nisi rectitudine. Palam autem est eius volun-
170 2448 1954 2507 tatis quae est instrumentum istam esse rectitudinem. Reuera est eius vt habitus suus. Et sic sicut in
170 2499 1954 2562 volendo rectitudinem rectitudo est, quia habet habitum rectitudinis, sic in volendo commodum
174 2554 1942 2613 non est illud: quia non necessario habet habitum ad volendum illud: sed sufficit ad illud sola apti-
171 2598 1956 2666 tudo naturalis ipsius voluntatis, quae voluntas etiam sola libertate arbitrii potest non solum in ve
163 2659 1954 2720 re conmodum per aptitudinem, sed etiam in apparens commodum contra illam aptitudinim: secun-
168 2702 1952 2781 dum quod dicit Anselius subdens post pauca. Illa voluntas quae est ad volendum commodum, non sem-
172 2757 1954 2832 per mala est: minus dicit & plus significat. immo semper bona est stando in quadam generalitate com-
167 2814 1955 2882 modi, quia non est mala nisi commodum, quando determinatur ad materiam: in qua tantum habet ratio
176 2876 1951 2935 nem boni vt nunc, siue apparentis. Vnde subdit continue. Sed quando consentit carni concupiscen
171 2917 1960 2981 do aduersus spiritum, tunc supple mala est. Est autem aduertendum occasione illius quod Ansel
171 2972 1959 3048 mus dicit in fine, loquendo de voluntate quae est instrumentum, & eius affectione: Illa (inquit) vult
171 3027 1964 3087 quae affectione sua vult. Vnde non absurde possumus dicere affectiones eius voluntatis quam in-
168 3083 1966 3152 strumentum animae dixi, quasi instrumenta eiusdem instrumenti, quia illa nihil nisi istis operatur.
173 3145 1962 3223 Occasione illius dicti inquam aduertendum est, quod circa exitum actus voluntatis quae est instru-
