2402 3737
516 223 2288 323 mentum animae, est considerare duo: scilicet & ipsum exitum simpliciter: & promptitudinem siue
520 307 2294 379 facilitatem exitus in eliciendo ipsum actum. Et quo ad hoc secundum & ratione eius bene verum est quod volum
513 365 2292 425 tas nihil operatur nisi illis: quia promptitudinem in eliciendo actum volendi non dat voluntati nisi
520 419 2300 479 eius aptitudo. Nihilominus tamen aspiciendo ad primum solum voluntas vi sua naturali omnem actum
520 470 2296 537 volendi modo naturae congruenti per semet ipsam elicit vt causa propter quam sic, & nihil aliud in ea su-
511 529 2296 595 pra pura naturalia existens requiritur nisi vt causa sine qua non. habitus enim politici non eliciunt
513 583 2305 651 actus simpliciter: sed solum coagunt voluntati: vt prompte & faciliter perfectum actum eliciat. Di-
513 640 2303 702 co saltem quo ad habitus nostris actibus acquisitos. Et ratione eius quod sola voluntas elicit huiusmodi actum
508 693 2299 755 simpliciter, intelligo illud quod ibi dicit Anselmus: Voluntas (iquiens) istrumentum mouet omnia alia instru
505 740 2303 811 menta quibus sponte vtitur: & quae sunt in nobis: vt manus & lingua & visus: & quae sunt extra
507 803 2292 872 nos, vt stylus & securis: & facit omnes voluntarios motus: ipsa vero se suis affectionibus mouet. vn-
511 854 2293 911 de dici potest instrumentum seipsum mouens. Dico ergo descendendo ad quaestionem: quod secundum sen
515 910 2289 970 tentiam praedictorum assignantium differentiam inter actuationem & determinationem quae consistit in eo quid
514 964 2288 1026 alii appellant exercitium actus, proprie loquendo voluntas bene potest actuari & tamen non determina
510 1018 2288 1087 ri: quia actuatio illa quam alii appellant determinationem, non est proprie determinatio actus, vt dictum
509 1076 2283 1133 est. Sed secundum sententiam illorum omnino est aliud voluntatem determinari & actuari, sicut secun
513 1133 2283 1199 dum sententiam aliorum omnino est aliud determinatio actus & exercitium actus: secundum quorum sententiam
507 1180 2283 1235 non est aliud determinari quam quod illi appellant actuari: vt dictum est: & secundum hoc non pont voluntas
509 1230 2286 1312 actuari & non determinari. Sed talis diuersitas inter praedicta consistit in solo nomine de qua non est
519 1290 2286 1357 nobis curae. Sed quaestio nostra intendit an voluntas possit actuari & non determinari: ex eo quod sint
515 1351 2282 1410 diuersa inter se secundum rem: an non. Et dico secundum quod alias determinaui circa determinationem
516 1401 2285 1465 actus & exercitium eius: in quibus aliqui magnam ponunt differentiam: quod non differunt respectu vo-
514 1454 2281 1512 luntatis, eo quod ipsa vniformiter per liberum arbitrium se habet ad omnes actus volendi circa ea quae sunt
509 1505 2290 1577 ad finem, videlicet & ad illos quos alii appellant determinationes, & ad illos quos alii appellant exer
513 1567 2291 1629 citia. Consimiliter dico circa actuationem voluntatis & determinationem eius, in quibus alii magnam
517 1620 2289 1694 ponunt differentiam: quod non differunt respectu voluntatis, eo quod vniformiter ipsa per liberum arbitrium se habet
518 1674 2281 1741 ad omnes actus volendi circa ea quae sunt ad finem, videlicet & ad illos quos appellant actuationes: & ad illos
522 1726 2287 1791 quos appellant determinationes. Quare cum secundum vtrosque non est distinctio inter illos modos actio
513 1784 2280 1850 num volendi nisi quia diuersimode voluntas se habet ad illos secundum dictum modum: Dico ergo quod
524 1840 2280 1900 ex parte rei nulla est differentia ex diuerso ordine & modo se habendi ad voluntatem, inter volunta-
514 1892 2288 1960 tis actuationem, determinationem, & exercitium. Licet enim differenti modo se habet voluntas ad actum
516 1944 2290 2021 volendi finem, & ea quae sunt ad finem: in hoc videlicet quod finem sub omni ratione boni apprehen-
521 1998 2293 2055 sum necesse habet velle, & non potest ipsum non velle, nec diuerti ab illo, nec ab illis quae ipsum cir-
523 2048 2283 2117 cunstant: & hoc etiam manente apprehensione talium: omne autem quod est ad finem apprehensum etiam manen-
515 2102 2286 2171 te apprehensione potest non velle, & velle indifferenter: & similiter ea quae illud circunstant: tamen ad finem
514 2165 2286 2229 sub omni ratione boni & ad ea quae circunstant ipsum, nullo differenti modo se habet. Sicut enim finem ta
519 2223 2290 2286 lem apprehensum necesse est voluntatem velle: ita similiter necesse est ipsum velle intellectum intelligere fi
515 2277 2285 2335 nem & persistere in actu intelligendi ipsum. Similiter ad ea quae sunt ad finem, & ad ea quae circunstant illa, nullo dif-
518 2324 2292 2392 ferenti modo se habet. Percurrendo igitur ad huius declarationem iam dicta ab aliis, & impugnando ea
520 2375 2289 2449 quae in illis quo ad hoc nobis sunt contraria, caetera approbando tanquam bene dicta: Dico quod quamquam verum
517 2438 2293 2503 sit vt illi dicunt quod necesse est principium actus voluntatis esse ab intellectu vt supra: tamen cum hoc
519 2485 2293 2558 ad actum volendi & nolendi & finem & ea quae circunstant ipsum, & similiter ad ea quae sunt ad finem: & quae
508 2540 2290 2608 circunstant illa, per indifferentiam se habet: & quantum est ex parte sui & quantum est ex parte cuiusque
514 2594 2288 2659 alterius. Quantum enim est ex parte ipsius voluntatis & finis sub omni ratione boni: sicut etiam ne-
512 2656 2293 2718 cesse est ipsam velle finem, sic & necesse est ipsam velle intellectum persistere in consideratione finis. Et sicut
519 2707 2290 2772 non est necesse ipsam velle intellectum persistere in consideratione eorum quae sunt ad finem secundum dictum modum
514 2759 2294 2819 sic nec est necesse ipsam velle etiam ab initio intellectum intelligere quod primo sibi occurrit: neque etiam ne-
524 2812 2284 2874 cesse est ipsam velle illud in cuius consideratione voluit intellectum persistere sub consideratione vnius ratio
519 2862 2293 2929 nis in ipso intellecto, immo statim illo oblato voluntati primo actu intelligendi potest velle intelle-
511 2917 2294 2979 ctum non intelligere illud, sed cessare. Stante etiam intellectu ad voluntatis imperium in consideratione fornica
521 2967 2290 3036 tionis sub ratione delectabilis, libertate arbitrii potest voluntas illam nolle & velle: & sic in nullo ali
521 3023 2289 3094 ter intellectus inducit voluntatem in actum volendi intellectum intelligere vel simpliciter, vel sub quacumque ra-
522 3074 2295 3145 tione, & in actum volendi obiectum. vtrobique enim aequaliter est indifferens quantum est ex parte sua. Nec neces
516 3134 2294 3210 se est quod statim complaceat voluntati in primo actu intelligendi: & sic non oportet quod in ipsa causetur volitio vo
