2454 3736
155 316 1943 397 in voluntate ex necessitate obiecti apprehensi per intellectum tanquam agentis, proximi: qui tamen dicuntur fieri ex vi li-
158 383 1939 445 beri arbitrii tanquam agentis primi. quod reuera non sufficit. Secundum hunc enim modum omnia opera naturae possunt
156 430 1933 498 dici fieri ex libero arbitrio: quia fiunt a libero arbitrio dei vt primi mouentis, determinantis naturas ad
163 483 1934 553 sua opera. Immo ad hoc quod aliquid dicatur esse vere ex libero arbitrio, oportet quod sit a libero arbitrio
164 533 1928 611 vt a mouente proximo: & sic voluntas est domina suorum omnium actuum ab initio vsque in finem inclusiue: ita quod ni
158 594 1920 664 hil aliud a se operetur aliquam actionem volendi aut nolendi in ipsa. & secundum hoc concedenda est vltima ra
163 644 1929 726 tio. Ad primam in oppositum de albedine: dicendum quod illa reuera dicitur contingens, homo est albus, li
167 701 1926 774 cet non possit non esse albus quando est albus: quia prius potuit impediri actus quo factus est albus
162 750 1929 818 & non solum quia potuit impediri per aliquid quo facto non fuisset suum agens primum, & per consequens nec
163 804 1929 885 actus ille quo homo factus est albus: sed etiam quia potuit impediri circa suum agens proximum ne ipso stan-
168 861 1936 929 te ab ipso homo factus esset albus. Quia si hoc vltimum deficeret, non solum diceretur homo necessario esse albus quando
171 909 1939 982 est albus cum tali replicatione, sed absolute diceretur, quod necessario factus esset albus. Consimiliter in proposito: li
170 973 1938 1037 cet posset impediri actio voluntatis secundum illos: quia potuit aliquid fuisse factum, quo facto non fuisset,
172 1029 1931 1088 illa tamen dicenda est simpliciter esse ex necessitate, & non ex libero arbitrio, postquam stante sua cau-
166 1069 1932 1139 sa, proxima nullo modo posset per liberum arbitrium voluntatis impediri. Ad secundum: quod ignorantia prior est
170 1122 1948 1198 malitia, tanquam id a quo non conuertitur consequentia: Dico quod secundum praedicta in quaestione. xxv. sumendo igno
166 1177 1943 1252 rantiam communiter: ipsa comprehendit in se & ignorantiam quae est error, & ignorantiam quae non est error: & sic est
172 1231 1943 1313 prius quam malitia prioritate naturae: vt a quo non convertitur consequentia. Sed consequentia inter aliqua
173 1285 1939 1368 quae non conuertitur, potest esse dupliciter. Vno modo quia non quicquid est de essentia vnius est de essentia alterius
181 1344 1945 1410 & econuerso. Sic est talis consequentia inter superius & inferius in linea praedicamentali: de quibus verum
168 1392 1941 1466 est, quod prius natura est illud a quo non conuertitur consequentia, vt animal, quam homo Alio modo vnum necessario
175 1446 1950 1530 ponit alterum, vt causa causatum, secundum aliquod suppositum eius, sed non econuerso. verbi gera sequitur: si ignis
173 1498 1943 1572 est, calor est, & non econuerso: quia omnis ignis est calidus, non autem omne calidum est ignis. Et de talibus non est
175 1552 1939 1620 vera illa regula. Prius natura est illud a quo non conuertitur consequentia. Non enim calor est prior natura
179 1606 1950 1687 quam ignis: sed potius econuerso: & sic est in proposito. Sequitur enim, malus est, ergo ignorans, non quia ignorantia
180 1663 1946 1731 sit de essentia malitiae, sed quia ignorantia pro aliquo eius supposito est ignorantia causata a malitia: vt
178 1712 1953 1782 est illa quae est error. Vnde cum arguitur: Si ignorantia natura praecedit malitiam: hoc non est nisi quia malitia cau
172 1767 1948 1842 satur ab illa &c. Dicendum quod non praecedit malitiam natura aliqua ignorantia, nisi forte in pueris illa quae est nega
182 1817 1953 1890 tionis. Illa autem quae est error, semper sequitur natura: quia non est error nisi ex culpa sicut dictum est. Potest tamen
182 1873 1951 1943 error sequens vt effectus ex vna culpa praecedere aliam, cuius potest esse causa, non dico propter quam sic, sed
178 1928 1960 2001 sine qua non: quia nihil quid est ex parte intellectus impellit aut mouet voluntatem in actum, sed solum ipsa seip
167 1984 1957 2049 sam sicut dictum est. Per hoc patet ad glossam dictam. Ibi enim exponit Grego. duplicem ordinem inter er-
182 2042 1961 2107 rorem rationis, & obliquationem voluntatis, vnum priorem, quo praecedit obliquatio voluntatis, quae est prima & per se
187 2091 1958 2160 causa erroris in ratione, dicens sic. Aliquando prius desideria carnis ebulliunt, & post longum vsum illicitis operi
178 2144 1960 2219 bus oculum cordis claudunt. Nam saepe mens recta cernit, neque ille ardenter contra peruersa se erigit, & reni-
187 2194 1962 2265 tens vincitur, dum hoc ipsum quod egit diiudicans carnis suae delectatione superatur. Alium autem ordinem posteriorem tam
191 2251 1961 2334 git in illo quod arguendo propositum est, quo error voluntatis praecedit. de quae etiam post iam dicta subdit dicens. Quia
185 2315 1955 2385 enim & plerumque prius oculus contemplationis amittitur, & post captus per desideria huius mundi animus subiu-
192 2355 1958 2440 gatur: testatur Sampson ab Allophylis captus, qui postquam oculos perdidit ad molam deputatus est. Vnde ordi
183 2415 1964 2484 nem vnum ad alterum exprimens subdit. Quia maligni spiritus postquam tentationum stimulis intus aciem contempla
183 2464 1967 2537 tionis effoderunt foris in circuitu labores emittunt. Ecce quod primo tentationum stimulis, quae sunt in voluntate vel
190 2510 1965 2595 conscientia, oculus effoditur: & sic excaecatus in laboribus peccatorum mittitur. Et tangitur in hoc difficultas an pos
182 2570 1963 2650 sit esse malitia in voluntate non existente ignorantia propter quam peccet in ratione. Et dico breuiter secundum ali
188 2622 1968 2703 as determinata, quod sic: quia voluntas potest agere per electionem contra iudicium rationis nec ignorantis nec erran-
190 2670 1969 2754 tis: sed hoc facto incipit error generari in ratione cum vitio generato in voluntate, & tunc deinceps peccans peccat simul ex
196 2727 1973 2807 malitia voluntatis & errore rationis: ita quod in fine peccat ex rationis excaecatione. Et hunc ordinem tangit glos.
194 2782 1965 2868 super illud ludi. xvi. Clausum in carcere molere fecerunt: vt tactum est. Ad ampliorem autem intellectum Sciendum quod
191 2833 1964 2915 tripliciter peccatum causatur. Aliquando ex pura electione absque passione in appetitu sensitiuo stimulante ad illam volum
194 2886 1970 2963 tatem ipsam: & cum certa scientia rationis. Aliquando ex passione alliciente non vt ex causa impulsiua, sed inductiua
189 2942 1967 3021 solummo. Sola enim voluntas seipsam mouet & impellit in peccatum. Et in isto modo peccandi obnubilatur lu-
190 2994 1970 3081 men veritatis ne percipiat sicut prius. et hoc and peccatum secundum modum allectionis in voluntate, sed in radice lu
198 3048 1977 3127 minis interioris in nullo diminuitur. Quemadmodum si inter solem & oculum subintraret aliquid
190 3107 1965 3187 puta nubes peruia, obumbraretur lumen solis, ne perciperetur lympide, non autem lumen natu-
193 3168 1977 3242 rale visionis. Sed postquam obliquatur voluntas per peccatum, tunc primo obscuratur lumen rationis
