2469 3732
561 297 2348 394 Eze, par. ii. Homilia. ii. cap. vi. Erat Iya lippa & foecunda: Rachel pulchra & infoecunda: quia contem
561 383 2346 447 platiua vita speciosa est in animo: sed dum quiescere in silentio appetit, filios non generat. ex praedi
573 435 2336 495 cto enim quietis suae studio minus se in aliorum collectione succendit. Sed actiua vita dum modo per ver
564 482 2347 544 bum, modo per exemplum ad imitationem suam proximos accendit, multos in bono opere filios gene-
562 539 2340 609 rat. Hic dicit Augustinus xxii. contra Faustum. cap. xxiii. Ad vnum tendendum est: sed propter hoc multa feren
560 593 2338 653 da sunt. Vtique duae sunt vxores lacob liberae, vna amatur, altera toleratur: sed quae toleratur: ipsa prius &
565 643 2337 705 vberius foecundatur, vt si non propter seipsam: certe propter filios diligatur. Si autem actio compare
557 695 2342 765 tur ad contemplationem secundo modo, tunc distingue ex parte illius qui talem actionem exequitur: aut
556 757 2335 817 enim est dispositus & praeditus virtutibus ad talem actionem idonee exequendam, aut non. Si non: dico
554 813 2337 875 quod melior est ei contemplatiuae vsus omnino quam actiuae: quia sibi proficere posset in vita solitaria con
554 856 2330 931 templationis: nec sibi autem nec aliis proficeret in vita publica actionis: immo tales sibi obsunt, dicente
556 907 2332 980 Grego. vi. mora. ca. xxxii. Saepe qui contemplari deum quiete poterant, occupationibus ceciderunt. &
558 962 2336 1029 per hoc etiam obsunt aliis: quia sicut dicit. ii. Pastor. cap. iii. Vnde fit vt cum pastor per abrupta gra
558 1027 2334 1080 ditur, ad praecipitium grex sequatur. Propter hoc dicit ibidem contra tales cap. v. ltaque ab appe-
559 1075 2333 1139 titu illius cordis infirmitatem munimus ne imperfecti quique culmen arripere regiminis audeant:
551 1132 2330 1194 neue qui in planis stantes titubant, in praecipitio pedem ponant. vnde nec coactus ad executionem
559 1178 2331 1244 talis actionis accedere debet: vt dicit cap. x. Si primo modo, subdistinguo: quia praeditus virtuti-
553 1230 2327 1302 bus quibus aliis prosit, aut voluntate & ex electione absque omni coactione & necessitate accedit ad
556 1290 2326 1350 actionem: aut accedit ad illam coactionis necessitate. Si primo modo: dico quod contemplatio praecellit
552 1346 2330 1407 quod vt iam dicetur, actio nunquam praecellit nisi ex recompensatione necessitatis & coactionis simul. dicen
553 1404 2320 1470 te August. libro. xxii. contra Faustum. cap. xxiiii. Plaerique bono ingenio praediti studioque flagrantes, quam
554 1446 2324 1522 uis idonei regendis populis esse possint: tamen euitant propter turbulentas occupationes. de qui-
546 1504 2325 1563 bus post pauca sequitur. Sed plane vt hanc curam suscipiant vi coguntur. Si secundo modo: dico quod sim-
546 1561 2329 1623 pliciter actio praecellit in tali quo ad vsum eius, & melior est quam contemplatio: & hoc siue ad actionem
547 1616 2325 1674 coactus fuerit ab homine, siue ex charitate propter necessitatem & indigentiam quam videt circa popu-
541 1659 2324 1725 lum: vt possit dicere cum apostolo illud. ii. Corinth. x. Charitas Christi vrget nos. Talibus enim vtilior
549 1717 2323 1791 est actiua sic assumpta & magis meritoria quam contemplatiua. Primo propter fugam mali: dicente Gre
546 1773 2318 1832 go. i. pasto. cap. vi. Sunt non nulli qui eximia dona percipiunt atque pro exercitatione magnis muneri-
549 1830 2321 1896 bus exaltantur. & infra. Qui nimirum culmen regiminis si vocati recipere renuunt: ipsi sibi plaerunque
548 1883 2323 1946 dona adimunt: quae non pro se tantummodo: sed etiam pro aliis acceperunt: cumque sua & non aliorum
548 1930 2320 1996 lucra cogitant: ipsi se quae priuata habere appetunt, bonis priuant. Et cap. viii. Et sunt nonnulli qui
547 1987 2324 2051 ex humilitate refugiunt ne eis quibus se impares existimant praeferantur: quorum profecto humilitas
549 2033 2314 2101 si caeteris virtutibus cingitur, tunc ante oculos dei vera est, cum ad respuendum hoc quod vtiliter subire
546 2095 2318 2155 praecipitur pertinax non est. Neque enim vere est humilis qui superni nutus arbitrium praeesse vt debet intelligit: &
541 2151 2324 2207 tamen potestatem contemnit: sed diuinis dispositionibus subditus, & a vitio obstinationis alienus, cum
546 2198 2318 2265 sibi regiminis culmen imperatur, sed iam donis praeuentus est quod & aliis prosit, & corde debet fugere
549 2251 2325 2313 & inuitus obedire. Secundo autem actiua vita sic assumpta est melior & magis eligenda propter ade-
550 2306 2318 2377 ptionem maioris boni, dicente Grego. vii. Moralium. ca. viii. Plaerunque mens iusti ad tantum se virtutis
550 2371 2316 2433 culmen extendit quod se ad quorundam stultitiam tolerandam conuertit, quos nisi ad fortia trahere niti
547 2408 2315 2476 mur, eorum est necesse vt infirma toleremus: quia nec iacentem erigit, nisi qui status sui rectitudi-
546 2472 2320 2530 nem per compassionem flectit. Cum ergo alienae infirmitati compatimur, valentia nostra roboramur.
548 2518 2322 2594 Mens enim improficiens quae minus alienis compatiens conualescere contra aduersa non poterat
546 2584 2322 2636 cum ad toleranda proximi infrma se attrahit, ad aduersa superanda conualescit: vt pro amo-
542 2633 2327 2695 re veritatis praesentis vitae cruciatus tanto post fortis appetat quanto prius infirma fugiebat. Incli
535 2688 2313 2748 natione namque erigitur: attractione tenditur: compassione roboratur. & hoc quo ad augmentum charita
540 2739 2316 2804 tis ad tolerandum aduersa. Et sequitur continuo de eius augmento ad operandum perfecta. Cum
544 2790 2319 2868 que in amorem se proximi dilatat: quasi ex meditatione colligit quanta fortitudine in auctorem surgat.
543 2847 2315 2917 Charitas namque quae nos ad vim passionis humiliat, altius in culmen contemplationis leuat: & mul
533 2891 2318 2957 tiplicata melioribus desideriis aestuat: iam peruenire ad vitam etiam per cruciatus anhelat, & desi-
540 2952 2305 3013 deria sua vix capiens ipsas quas dudum timuerat poenas amat, transire per mortem appetit vt obti-
531 3003 2307 3064 nere vitam plenius possit. Funditus in infimis extingui desiderat: quo verius summa conscendat. Ec-
539 3052 2302 3119 ce quia in tali fortificatur virtus contra aduersa, extenditur desiderium ad perfecta, plenius optan
534 3111 2306 3185 tur summa: vt non solum sit melior aliis sua actio, quam sua fuisset contemplatio: sed etiam sibi & ma-
539 3160 2300 3235 ioris meriti. Licet enim non sequatur: opus est vtilius: ergo est maioris meriti: quando solummodo
