2490 3708
576 220 2311 319 Vigilantium qui contrarium asserebat, dicit sic. Monachus non doctoris sed plangentis habet officium
570 318 2311 379 qui vel se vel mundum lugeat: & domini pauidus praestoletur aduentum: qui sciens imbecillitatem suam &
562 375 2308 437 vas fragile quid portat, timet offendere ne impingat & corruat atque frangat: & intantum castigator
562 424 2316 493 sui est vt etiam quae tuta sunt pertimescat. Cur (inquit) pergis ad eremum: vt tua bella non patiar
560 482 2321 544 ne me rapiat oculus meretricis: ne forma pulcherrima ad illicitos ducat aspectus. Respondebis:
568 528 2320 594 hoc non est pugnare sed fugere: sta in acie armatus vt postquam viceris coroneris. Fateor imbecillita
573 587 2316 646 tem meam, nolo pugnare spe victoriae, ne perdam aliquando victoriam: si fugero, gladium deuito: si
563 641 2313 707 stetero vincendum mihi est aut cadendum. Quid autem necesse est certa dimittere & incerta sectari:
563 697 2326 765 aut scuto aut pedibus mors vitanda est. Tu qui pugnas, & superare potes & vincere: ego cum fu-
569 751 2321 823 gero non vinco: sed ideo fugio ne vincar. Et sic cum sacerdos dimissa cura intrat religionem, potius
562 808 2314 869 tanquam infirmus non potens sustinere arduum pondus descendit quam ascendat: & cum econtra religiosus
557 863 2330 912 ad curam assumitur potius ascendit quam descendit. Quod tunc arguitur secundo contra hoc ex eo-
560 921 2325 987 dem medio quo prius: quod indulgetur regulariter curatos transire ad religionem non econuerso &c. Dico quod re
565 967 2323 1040 uera facilius indulgetur transitus ad superiorem statum ab inferiori dispositione propter quam meri
561 1029 2329 1096 to transeundum est a religione ad praesulatum, eadem dispositione existente vtrobique ex parte transeun
565 1083 2326 1135 tium, cuiusmodi est perfectio transeuntis. vt enim dicit dicta litera, causa permittendi monachum ascem
558 1135 2319 1201 dere ad praesulatum est vt cum vtilitate prouideat necessitatibus populi: & ideo dispositio ex parte
568 1193 2317 1248 debentis transire a religione ad praesulatum est dispositio qua est idoneus ad prouidendum necessitati
568 1242 2311 1317 bus populi. qua dispositione existente ex parte volentis transire a praesulatu ad religionem, nequaquam
564 1302 2316 1370 ita faciliter permittitur transitus sic dispositi ad religionem sicut ad praesulatum Per transitum enim
566 1356 2314 1421 huius ad praesulatum promoueretur vtilitas populi: per alterius autem transitum impediretur. Et sicut
565 1411 2326 1470 est de transitu religionis ad praesulatum, sic est de transitu ab eadem ad curam parochialem: quia si sta-
564 1463 2325 1531 tus praesulum est superior & perfectior quam status religiosorum: quid etiam ipsi religiosi concedunt, & in
556 1521 2321 1581 scriptis suis reliquerunt: ergo similiter & status sacerdotum superior est & perfectior: eo quod sunt desta
564 1577 2320 1645 tu rectorum & laborantium in agro ecclesiae: & praesunt ecclesiis quarum curae sunt ipsis commissae ad regimen
561 1630 2324 1694 animarum: non autem sunt de statu eorum qui sunt in mola aut in lecto. Et illi tres status comprehen
562 1690 2320 1756 dunt omnes qui sunt in ecclesia: nec differt status eorum a statu praesulum, nisi sicut gradus infe
553 1745 2318 1806 rior cui commissa est administratio particularis & circa minora, & gradus superior cui commissa est
562 1796 2323 1866 administratio vniuersalis omnino, vel vniuersalior, & circa maiora. In caeteris enim sicut dominus para est re
562 1849 2316 1914 ctor vniuersalis ecclesiae: & quilibet praesul suae dioecesis, sic sacerdos curatus est rector suae parochiae:
565 1904 2319 1962 vt sit in his tribus idem status persectionis differens solum penes gradus. Vnde non bene dicunt
562 1958 2327 2025 dicentes quod sunt sicut praepositi vel baliui siue coadiutores & optitulatores episcoporum: sed sunt ve-
558 2015 2321 2081 ri & ordinarii rectores instituti in suis praedecessoribus scilicet discipulis: non a praedecessoribus prae
569 2067 2332 2129 sulum scilicet ab apostolis: sed erant ambo ordines immediate instituti a deo: vt infra quaestione vltima
561 2116 2331 2182 declarabitur. Et ideo sicut status praesulum, quia perfectior est quam status quorumcunque religiosorum, pro-
567 2176 2325 2240 pter maiora opera quae requirit & quae ordinantur ad finem simpliciter & absolute potiorem scilicet
561 2237 2324 2298 ad communem vtilitatem quod est maius bonum quam priuatum: & ideo diuinius requirit perfectiorem
571 2288 2328 2355 personam promouendam in praesulem quam requirit status religionis: immo status ille requirit quod pro-
571 2334 2332 2404 mouendus in illo sit iam perfectus: status autem religionis non requirit perfectioneminec in promouen
566 2393 2322 2461 do ad ipsum nec statim in existentibus in illo: Consimiliter propter consimilia opera licet inferiora sta
572 2450 2326 2505 tus sacerdotum quia perfectior est requirit perfectiorem personam promouendam: in sacerdotem cu-
559 2500 2329 2559 ratum quam requirit status religionis circa promouendum ad statum religionis, siue circa iam existen-
571 2553 2325 2617 tem in religione. Et propterea eadem dispositione propter, quam merito transeundum est a praesulatu
575 2611 2333 2679 vel a cura ad religionem existente vtrobique ex parte transeuntium cuiusmodi potest esse imperfectio
571 2665 2330 2736 ipsorum transeuntium: quia status religionis est principaliter ad hoc vt de imperfectis faciat perfectos
572 2727 2329 2791 vt iam amplius videbitur: idcirco quia de pluribus praesumitur potius siue sint in religione siue ex-
564 2777 2327 2841 tra, quod sint imperfecti saltem vel non tam perfecti quod sufficiant ad regimen populi: secundum quod etiam
562 2827 2321 2883 quilibet hoc debet de seipso supponere, nec ad regimen idcirco nisi coactus accedere vt dictum est supra
563 2882 2319 2939 facilius indulgetur quod sacerdos curatus regulariter possit transire ad religionem quam econverso: quia illud
561 2936 2325 3007 indulgetur vt dictum est non nisi propter transeuntis imperfectionem. Vnde breuiter recolligendo di
571 2988 2314 3043 co quod quando transitus indulgetur propter transeuntis perfectionem aut bonam dispositioneni: facilius
569 3037 2321 3115 indulgetur transitus ascendendi quam descendendi: quando autem econuerso indulgetur propter imper
563 3088 2317 3158 fectionem aut minus bonam dispositionem transeuntium, facilius indulgetur transitus descendendi quam asce
565 3144 2313 3241 dendi: sicut contingit in proposito secundum iam dicta. Sed contra hoc videntur plane illaquae ar-
