2495 3743
538 242 2322 330 e tantum relinquere, adiungit quod perfectum est. Est autem status perfectionis, vt aliqui dicunt, non opera perfectio
538 302 2316 381 n nis facere nec se ad talia facienda quoquo modo disponere: sed se ad facienda opera perfecta obligare, par
538 362 2321 432 s hoc enim solum mutat quis statum vt non existens in statu perfectionis fiat in statu perfectionis. Vnde
556 420 2312 491 ex eo quod aliquis faciat perfectionis opera & ad illa se disponat absque voto, in nullo mutat statum suum:
545 480 2316 540 quia manet in eadem libertate qua prius: quemadmodum non mutat conditionem suam qui alteri seruit
547 523 2316 596 libere: sed qui se obligat ad seruiendum ei, mutat conditionem. Sic autem se obligant religiosi per vota sua ad
554 585 2323 651 dilectionem dei, & episcopi suscipiendo curam in sui ordinatione. Sed dico quod sicut secundum praedicta ad
542 635 2310 704 statum simpliciter non requiritur obligatio simpliciter: sic nec ad statum perfectionis simpliciter requiritur vl-
550 692 2301 763 la obligatio ad faciendum illa opera perfectionis: sed sufficit firmum propositum, & habere ritum viuendi qui
547 756 2312 812 ad operum perfectorum executionem requiritur: secundum quod si nullum esset votum, esset status incipientium
539 799 2312 870 proficientium & perfectorum secundum omne genus virtutis: & etiam si nulla obligatione astricti fuis
550 857 2310 925 sent ad officia sua apostoli & discipuli a Christo, sed ex sola libera voluntate fuissent executi suum
540 917 2318 986 officium per firmum propositum & secundum modum & ritum quo Christus ipsum instituit
548 968 2313 1039 exequi: fuissent in eodem statu in quo erant astricti per votum. Bene tamen verum est quod votum &
544 1020 2313 1091 obligatio faciunt vnum modum status: qui bene distinguitur contra omnes alios, in quibus homo
545 1081 2309 1154 potest existere sine voto aut etiam libere. sicut enim seruitus est status quidam in seruis cum obligatio
550 1134 2312 1193 ne: sic libertas est status oppositus in dominis absque omni obligatione. Vnde causa quae aliquis defen-
558 1185 2305 1257 dit suam libertatem, causa status dicituri. ii. quaest. vi. Siquando & tamen existens dominus & in plena liberta-
551 1241 2304 1313 te potest mutare statum & intrare seruitutem. Licet ergo omnis status qui seruitutem importat proprie
552 1296 2310 1365 dictam, non est sine obligatione, bene est tamen status alius & etiam status perfectionis absque omni obli-
550 1362 2316 1423 gatione etiam licet sit status qui requirit seruitium: vt status praelatorum qui requirit seruitium ex
551 1405 2320 1476 hibere deo: quid non oportet procedere ex conditione seruili: sed sufficit quod ei exhibeatur seruitium ex
550 1458 2326 1528 libertate mera: & sola assumptio & deputatio ordinaria ad tale officium exequendum sufficit ad
547 1521 2311 1591 hoc quod aliquis sit in statu tali. Deo enim seruire regnare est, vt dicit Grego. Vt etiam dicit Hierony.
546 1575 2312 1644 ad Heliodorum, comparans dignitatem episcopalem ad regalem: ille nolentibus praeest, hic volentibus: ter-
544 1622 2304 1692 rore ille subiicit: hic seruitute dominatur: ille corpora custodit ad mortem: hicanimas seruat ad vitam.
546 1687 2313 1753 Sed ne in hoc tempus protrahamus, concedamus hoc in proposito: dicendo quod in statu perfectionis sunt
554 1739 2305 1808 & praelati superiores & inferiores curati, quia incumbit officio ipsorum facere opera perfectionis circa
542 1792 2309 1865 subditos: & ad hoc sunt obligati secundum quod dictum est supra de inferioribus: & conceditur ab omnibus de
560 1848 2311 1924 superioribus. Quia ergo arguitur in contrarium quod non: quia status illorum compatitur secum quod est simpli-
555 1887 2317 1980 citer imperfectionis: vt habere propria & vxores: Dico quod non omnis status ad omnia se extendit: sed
555 1963 2308 2035 quilibet ad illa quae ad ipsum pertinent tantum. vnde qui vouet virginitatem sed non vouet paupertatem aut obe
547 2010 2309 2084 dientiam, in statu virginum est: sed non in statu voluntarie pauperum aut obedientium secundum modum quo sunt
544 2067 2308 2141 illi qui alia duo vouerunt. Si ergo status & perfectio praelatorum per se & principaliter consistit in operibus exer
553 2118 2308 2189 cendis circa regimen proximi: non oportet quod existens in statu perfectionis praelatorum careat propriis aut vxore
550 2175 2315 2243 de ratione status nisi Christus sic instituisset: licet hoc requiratur de ratione status religiosorum secundum
541 2236 2312 2303 modernam obseruantiam. Si enim haec duo repugnarent statui praelatorum inquantum sunt praelati vt ex in-
546 2277 2315 2363 stitutione Christi sicut repugnant statui religiosorum secundum institutionem quae vere nunc obser
558 2335 2307 2409 uatur: vt aequaliter ad illa oporteret obligari praelatos sicut & religiosos, sicut non essent in statu per-
554 2392 2307 2460 fectionis religiosorum non obligati ad non habendum propria & vxores: similiter etiam non essent
554 2440 2304 2515 in statu perfectionis praelatorum non obligati ad illa: sed tamen manerent in statu perfectionis pro quanto exer-
550 2494 2308 2571 cerent bene opera ad subditos suos. Sic ergo non sic fuit duplex ordo praelatorum institutus vt de necessi
553 2550 2311 2629 tate requireret propriorum & vxorum abnegationem: sed vt hoc requireret de congruentia, quia ha-
549 2605 2307 2682 bendo propria & vxores multum impediretur cura & diligentia circa subditos: ita quod de ratione status &
551 2654 2324 2745 eius perfectionis nihil requiritur nisi diligens operum curae executio cum assumptione siue deputa-
547 2711 2316 2789 tione ordinaria praedicta: sed ad persectionem personae pertinet diligenter exequi officium curae ita quod si
542 2763 2309 2839 cut aequaliter in statu perfectionis sunt, diligenter exequens eam & negligenter: & hoc siue status sit
545 2820 2309 2901 cum voto siue sine voto: sic aequaliter in statu perfectionis sunt quantum est ex ratione status, habens pro
554 2873 2314 2956 pria & vxorem & non habens: licet hoc diminuat multum de perfectione personali. Vnde si ita status
545 2922 2318 3014 praelatorum institutus fuisset, & apostoli tria vota religionis vouerunt, sicut dicit Augustinus xvii. de ciui. dei
552 2990 2314 3054 eos vouisse paupertatem: hoc erat pertinens ad perfectionem personae non status. Sed tamen hoc non
549 3047 2320 3112 fuit de institutione status: quemadmodum quod Paulus vixit de opere manuum non erat praerogatiua.
551 3097 2305 3171 pertinens ad statum sed ad personam tantum. Vnde Paulus qui non vixit de euangelio, aequaliter & non
540 3140 2309 3237 magis ex hoc erat in statu persectionis apostolatus cum aliis qui vixerunt de euangelio: licet Pau-
