2420 3737
515 288 2269 363 morum quorum personam Christus gessit in loculis, erant quaesituri dupliciter: quidam ex debito officii sui quod impendebant:
526 354 2275 421 quidam vero ex charitatis pietate tantum absque debito officii. Primo modo quaesituri erant caeteri apostoli. dominte Augus.
524 418 2279 474 ibidem. Despens constituit vt qui euangelium enunciant de euangelio viuant. Misit praedicatores & ait il-
524 465 2275 534 lis: omnia quae apponuntur vobis manducate: dignus est enim operarius mercede sua. Cum enim dixisset: quae apponum
524 516 2275 585 tur vobis manducate: ne illi dicerent improbi erimus ad mensas alienas: vis nos ita esse frontosos:
521 572 2274 642 Non inquit: non est ista donatio eorum sed vestra merces. Et infra. Apostolus tam laboriosus: tam impi
530 628 2275 699 ger: tam exercitatus vt ista non peteret: ego inquit nullius horum vsus sum: ostendit sibi deberi & non
530 681 2274 751 accepit: nec condemnauit eos qui acceperunt quod debebatur. Alii infirmorum quorum Christus personam ges-
529 737 2275 795 sit in loculis, erant quaesituri ex charitate non ex debito officii: vt caeteri pauperes non rectores popu-
523 789 2278 854 li: quibus in recipiendo debent priores infirmi praeferri: dicente Augu. ibidem. Ne dicatis: homines seruien-
526 846 2273 905 tes non indigent nostri: quaere tamen ne quis indigeat: & qui non indiget inueniat in te quod voluit accipe
521 898 2278 965 re: & noli dicere si petierit dabo. Expectas ergo vt petat: sic pascis bouem dei, quomodo transeuntem
518 956 2269 1017 mendicum. Si sic inter vos indigent milites Christi vt etiam petant: videte ne vos iudicent antequam petant.
520 1013 2280 1085 & infra. Da illi sed multo magis illis. Illi enim sunt vere pauperes de quibus dixit Christus. Matthaei. V
523 1064 2281 1126 Beati pauperes spiritu. dicente Hierony. aduersus Vigilantium. Non simpliciter pauperes, sed paupe
521 1120 2270 1189 res spiritu beati appellantur. de quibus scriptum est: Beatus qui intelligit super egenum & pauperem. In vulgi
525 1177 2278 1245 pauperibus sustentandis nequaquam intellectu sed eleemosyna opus est: in sanctis pauperibus beatitudo
526 1224 2269 1298 est intelligere vt ei. tribuatur qui erubescit accipere: & cum acceperit dolet metens carnalia & seminans spi
527 1282 2280 1352 ritualia. Et nota quod iicet respectu Pauli & ipsi similium caeteri apostoli & similes eorum infirmi sunt di
518 1345 2267 1409 cti primo mode scilicet ad actum quaerendi sibi necessaria: firmi tamen erant ad exercendum rectorum officia, respe-
523 1391 2277 1465 ctu quorum dicuntur infirmi illi qui quaesituri erant secundo modo: & ipsi firmi. Infirmi dico ad exercendum
516 1451 2276 1516 opera rectorum fortia. de quibus dicit Augustinus super psal. xxxvi. Neque aliquid in ecclesia agunt sicut prae
521 1501 2275 1573 positi, velut in agricultura laborantes: sed veluti ad hoc infirmi secedunt ad otium &c. vt iam supra.
530 1558 2277 1617 Quare cum illud quod sit pro infirmis, potius indulgentia est minoris boni quam maioris boni perfectio:
524 1609 2275 1674 sumere ergo annonam & viuere de euangelio in casibus praedictis, dispensatio Christi generalis erat.
525 1664 2269 1732 Et sicut fuit illa dispensatio a Christo per seipsum: sic reliquit ecclesiae potestatem dispensandi vt etiam
527 1716 2278 1783 in dictis casibus praelati primo haberent possessiones communes dispensandas sibi & pauperibus, quales ha
531 1771 2271 1835 bebant apostoli communes cum tota primitiua ecclesia. vt habetur actuum. iiii. de illis enim portiones
527 1826 2278 1897 suae ministrabantur apostolis, sicut & caeteris, prout cuique opus erat. Secunda enim parte suploan.
524 1883 2275 1955 sermo. xlv. in exponendo illud: Accepit eam discipulus in sua: quaerit Augustinus. dicens. Sed in quae sua loan
528 1940 2273 2003 nes matrem domini accepit: neque enim non ex eis erat qui dixerant ei: ecce nos reliquimus omnia &
524 1988 2273 2062 secuti sumus te: sed ibi quoque audierat: quicumque ista dimiserit propter me accipiet in hoc saeculo ce-
524 2040 2277 2114 ties tantum. Habebat ergo ille discipulus centupliciter plura quam dimiserat: in quae susciperet matrem eius
528 2096 2275 2164 qui illa donauerat. Sed in ea societate loannes perceperat centuplum vbi nemo dicebat aliquid suum:
528 2149 2274 2211 sed erant illis omnia communia, sicut in actibus apostolorum scriptum est. Sic enim apostoli erant
526 2204 2280 2279 quasi nihil habentes & omnia possidentes. Quomodo ergo accepit in sua vbi suum nemo aliquid dice-
522 2254 2280 2335 bat: an quia paulo post in eodem libro legitur: quotquot enim possessiones praediorum vel domorumerant
526 2324 2268 2385 vendentes afferebant praetia illorum & ponebant ante pedes apostolorum: distribuebatur autem vnicuique
524 2365 2271 2442 prout cuique opus erat: vt illic etiam beatae Mariae tanquam matri eius portio teneretur: magisque sic de-
528 2422 2271 2494 bemus accipere quod dictum, ex illa hora accepit eam discipulus in sua: vt ad eius curam quicquid
528 2474 2273 2548 esset ei necessarium pertineret: Accepit ergo eam in sua, non praedia quae nulla proprie possidebat, sed
532 2529 2275 2608 officia quae propria dispensatione exequenda curabat: sic reuera erat: sed in hoc generali includitur
524 2584 2275 2645 illud. ad curam enim loannis pertinebat quod de communi ad sibi & Mariae necessaria duplicem por-
532 2634 2279 2708 tionem acciperet: vnam pro se: alteram pro Maria, quia tempore illo ab illis quibus praedicabant nihil
529 2689 2283 2760 aliter accipiebant quam quod conuersi omnia bona sua bonis communibus adiungebant. Et sicut Christus
531 2739 2284 2813 reliquit ecclesiae potestatem dispensandi primo hoc est in primitiua ecclesia, vt praelati haberent pos
528 2799 2275 2865 sessiones mobilium communes dispensandas sibi & pauperibus: sic reliquit ei potestatem dispensan
530 2852 2279 2923 di consequenter crescente ecclesia vt praelati haberent praedia & possessiones immobilium: quorum fru-
526 2905 2275 2977 ctus sibi & pauperibus dispensabant. dicente Melchiade papa, xiquaestid ei. Futuram ecclesiam in gentibus
527 2971 2272 3030 apostoli praeuidebant: idcirco praedia in iudaea minime sunt adepti sed pretia tantummodo ad fouen-
526 3011 2274 3083 dos egentes & caetera. Et Vrbanus papa ibidem. Videntes autem summi sacerdotes & alii leui-
526 3073 2282 3136 tae & reliqui fideles plus vtilitatis posse conferre si haereditates & agros quos vendebantur, ecclesiis
529 3121 2274 3186 quibus praesidebant apostoli traderent, eo quod ex sumptibus eorum tam praesentibus quam futuris tem
516 3170 2271 3255 poribus plura & elegantiora possent ministrare fidelibus communem vitam ducentibus, quam ex pretio eo-
