2436 3741
467 240 2259 339 fuit & c. at nunc ex occasione curae pastoralis hominum saecularium negotia patitur: & post tam pui-
469 324 2257 387 chram quietis suae speciem terreni actus puluere foedatur: cumque se pro condescensione multo-
465 376 2258 440 rum ad exteriora spargit, etiam cum interiora appetit, ad haec proculdubio minor redit. Et ideo di
469 437 2262 498 cunt: quod status re ligionis aliquo modo dici potest perfectior quam status praelationis: scilicet propter
473 487 2264 554 maiorem distractionem praelatorum &c. vt dictum est. SED dico quod reuera animus praelati assum
465 550 2262 614 pti ex religione, dum amaritudinem sentit actionis, cum quadam tristitia rationis inferioris disturba
472 594 2267 665 tae recordatur quietis religionis. Disturbationem autem ex amaritudine actionis appellat foedationem quae
474 665 2265 713 poenae est non culpae: quae etiam si intelligatur aliqua parua culpa venialis, non propter hoc debet ei poe-
489 703 2264 765 nituisse status sui: quia illa stat cum augmento charitatis. Quid autem additur: quod animus praelati ad in
483 756 2256 818 teriora contemplationis minor redit: Dico quod hoc verum est in principio: quia moeror a disturbati-
487 804 2267 869 one in ratione interiori non statim pacatur: & ideo retrahitur ratio superior cuius est diuina contem
492 864 2262 931 plari: postmodum tamen pacata illa altius in diuinorum contemplatione eleuatur vt dictum est
487 913 2260 982 per eundem. Et sic bonus & idoneus praelatus non debuit in morte voluisse fuisse religiosus aut
496 975 2265 1033 vixisse secundum statum religionis & non secundum statum praelationis nisi forte ratione timoris
494 1022 2253 1087 metuendo ne forte non bene exercuisset ea quae pertinent ad officium praelaturae: attendendo illud apo
490 1075 2260 1135 stoli. Nihil mihi conscius sum, non tamen in hoc iustificatus sum. & dicendo illud lob: Verebar omnia
485 1129 2260 1196 opera mea. Super quo dicit Greti. Quia culpae subreptio in virtutis actu vix vicitur. Et sic quantum
496 1179 2258 1240 cunque praelatus bene laborauit, tamen quia in statu praelationis propter arduitatem status & operis
489 1241 2251 1306 plus incertus est de perfectione operis: ideo forte praelatus bonus in morte voluisset fuisse religiosus:
495 1289 2261 1353 vel in statu religioso mortuus fuisse. Vnde super illud quod statim sequitur in lob: Quare frustra la
488 1344 2250 1408 boraui: dicit Gregi. Hoc dicit non quod eum laborasse poenitet: sed quod incertum se esse de praemiis & inter
483 1396 2260 1457 labores dolet. Sic ergo si praelatus bonus potius velit mori religiosus, hoc non est quia poenitet eum ila
489 1449 2257 1511 borasse in praelatione & dimisisse quietem religionis: sed quia plus incertus est de praemio, & hoc non
487 1506 2267 1576 propter maiora quae in statu religionis credit se sibi procurasse quam in statu praelationis: si eum bene
487 1565 2269 1626 administrasset: nec propter maiorem innocentiam, aut puritatem, aut custodiam: nec quia actus purioris
493 1615 2262 1684 & superioris contemplationis est in eis: nec quia circa deum in se versatur eorum actio & caetera huiusmo
492 1666 2256 1727 di accidentalia perfectioni generandae circa imperfectos: sed solum propter maiorem securitatem de
494 1721 2260 1777 merito ratione status inferioris in religione & actuum eius & modum viuendi in ipso: quam in praelatio-
488 1768 2265 1842 ne propter eminentiam eius & difficultatem actuum eius: & modum viuendi in illa. Et sic illud quod
502 1826 2255 1889 inducere putant pro se, omnino est contra eos. Quia addunt quod religiosi sunt holocaustum quod totum
503 1882 2254 1944 comburitur: praelati vero sacrificium quod pro parte reseruatur: Dico quod praelato competunt ra-
498 1935 2254 1991 tione status eius aliqua ex parte personae suae: quaedam vero ex parte operum. Ex parte personae se-
487 1988 2260 2060 cundum praedicta competit ei personae omnimoda perfectio. & puto quod ex institutione prima status
488 2041 2254 2101 requiritur in eo quod sit talis: quia requirit quod sit perfectus ad idoneam officii sui executionem. Et di-
492 2097 2260 2154 cit Hiero. in epist. ad Heliodorum. Perfectus seruus Christi nihil praeter Christum habet: & si praeter
491 2152 2252 2216 Christum habet perfectus non est. Et infra. Igitur clericus qui in Christo seruit ecclesiae, interpretetur
489 2209 2255 2276 primum vocabulum suum & nominis definitione prolata nitatur esse quod dicitur: cleros enim grae-
500 2266 2262 2329 ce fors latine appellatur. propterea enim vocantur clerici vel quia de forte dei sunt vel quia do-
504 2312 2261 2374 minus ipse fors. i. pars clericorum est. Qui cum Propheta dicit: Pars mea dominus: nihil extra do
496 2362 2262 2435 minum habere potest: quod si quippiam aliud habuerit praeter dominum, pars eius non erit. verbi
500 2418 2255 2485 gratia, si aurum vel argentum & caetera huiusmodi. Si autem ego pars domini sum & quasi leuita
503 2475 2256 2541 & sacerdos viuo de decimis: & altario seruiens altaris oblatione sustentor: habens victum & vestitum
508 2527 2254 2583 his contentus ero & nudam Crucem nudus sequar. Sl igitur comparet se religiosus tali praelato
499 2583 2252 2649 propter vota, eisdem constringitur praelatus sicut & constricti erant apostoli. vt enim de vno illo
499 2640 2250 2709 rum dicit Hiero. ad Demetriadem: apostolici fastigii est perfectaeque virtutis vendere omnia & paupe-
504 2688 2264 2750 ribus distribuere: & sic leuem atque expeditum cum Christo ad caelestia subuolare: & sic in hoc nulla est
501 2744 2267 2811 praerogatiua religioso. Quia autem praelati ex dispensatione secundum praedicta modo votum paupertatis non
508 2798 2261 2852 faciunt, in hoc bene diminuitur de eorum perfectione personali: & etiam ab ipsis status diminuteob-
503 2850 2260 2915 seruaretur si votum esset de institutione. hoc tamen non obstante pro tanto quod obseruarent de statu: ipsi perfe
503 2906 2255 2961 ctiores essent: & in statu perfectiori quam quicumque religiosi: propter illud enim non est status in se imperfectior. & quo
505 2971 2258 3030 ad hoc respectu religiosorum bene sunt sacrificium & illi holocaustum. Et secundum hanc sententiam procedit allego
511 3013 2255 3073 ria Gresti, qui dicit sacrificium illos qui bona temporalia bene dispensant partem dando pauperibus: partem vero sibi
508 3066 2260 3118 reseruando: quemadmodum sacerdos legalis partem sibi de sacrificio reseruauit & partem deo obtulit. Dicit autem
500 3116 2255 3188 illos holocaustum qui nihil sibi reseruant sed omnia dimittunt: quia de holocausto sacerdos nihil
501 3173 2261 3259 sibi reseruabat: sed totum deo comburebatur. Nec in hoc praelati modo tenent locum apostolorum
