2501 3743
544 223 2325 310 rali: Dico quod falsum est: sicut nec diuturnitas virginitatis obseruatae secundum Augustinus potest aequipa
542 306 2314 372 rari martyrio. Sic econtra potest dici de praelatis: quod ex obligatione qua praelaturam assumunt tenentur
552 350 2313 421 etiam tempore opportuno pro subditis omnia temporalia dimittere & eis ipsos pascere. dicente Greg-
554 401 2326 470 in Homi.s super illud. Ego sum pastor bonus. Audistis (inquit) fratres charissimi eruditionem vestramn
558 464 2324 526 & periculum nostrum. & infra. Ostensa est nobis de contemptu mortis via quam sequamur: primo ex
549 523 2323 582 teriora nostra misericorditer omnibus impendere: postremo vero si necesse est mortem pro eis debe
546 571 2314 639 mus ministrare. Et sic ex obligatione habent praelati propriorum dimissionis: sicut & mortis per-
561 620 2322 693 pessionem: & ideo omnino potius sunt holocaustum quam religiosi. VLtimum autem quod ponunt isti in di
548 680 2323 744 cto suo, quod tunc praelati essent deo holocaustum, si per obedientiam nihil facerent nisi de consilio con-
553 734 2321 794 fessorum suorum: hoc reuera est valde absurdum. Per hoc enim dictum ad hoc quod dominus papa me
553 790 2321 849 reretur dici holocaustum & esse in statu perfectionis aequali religioni, oporteret quod in omnibus esset
544 842 2314 900 sub obedientia confessoris sui: quod penitus falsum est & absurdum. non enim tenetur obedire praelatus suo con
547 893 2313 954 fessori in aliis quam in quibus se accusat in confessione. In omnibus autem aliis quae contingunt & sunt
546 957 2315 1029 facienda extra confessionem ipse confessor tenetur obedire ipsi praelato. Per dicta patet ad primum.
560 1008 2315 1082 Quod arguitur vlterius: quod licet praelati sint in statu perfectionis, religiosi tamen sunt in maiori: hoc
553 1069 2310 1138 omnino est falsum. AD secundum: quod statos religionis magis assimilatur omnino persecto statui vt
566 1117 2306 1181 beatorum: ergo &c. Dico quod falsum est. quoniam secundum praedicta praelatorum status non solum est actionis: sed
563 1176 2307 1246 & perfectioris contemplationis quam sit contemplatio religiosorum. Sed quid amplius est, si in ipsis comparemus
565 1229 2313 1297 opus contemplationis & actionis inter se quantum ad statum praesentis vitae, praeferenda est actio in praela-
559 1281 2314 1349 tis contemplationi: quia per actionem offert deo sacrificium animarum aliorum ipsos ad statum sa
568 1343 2316 1415 lutis perducendo, & suam propriam in ea meritum maioris salutis acquirendo quam esset acquisiturus
563 1394 2316 1453 in contemplatione sola persistens: & quid maioris meriti est tali: est maioris meriti simpliciter: & sic sim
562 1449 2317 1518 pliciter actio melior est quam contemplatio etiam in eodem praelato. Sicut enim status contemplationis religiosis est essen
566 1503 2323 1574 tialis & ordinatur finaliter pro vita ista ad statum actionis praelatorum: inquantum ille est status perfectio
562 1562 2319 1621 nis acquirendae & exercendae quo ad contemplationem inferioris gradus: status autem praelatorum est
566 1613 2309 1681 status perfectionis acquisitae in contemplatione religionis exercendae in statu praelationis: sic contempla-
563 1665 2316 1738 tio praelatorum finaliter ordinatur ad actionem eorundem: in qua finaliter oportet eos mori si opus
565 1725 2317 1792 est: & dimittere omnem contemplationem propter actionem: quemadmodum oporteret si opus esset
566 1779 2318 1848 philosopum & bene contemplatiuum descendere ad politicum regimen & mori pro defensione illius vt di-
564 1841 2316 1899 ctum est supra. quid opus est maximae charitatis: quia maiorem charitatem nemo habet &c. In cha-
571 1884 2319 1955 ritate autem consistit radix meriti. Et tunc ad formam argumenti: quid similius meliori, melius est: Di
566 1943 2309 2002 co quod illud intelligitur quando est similius in meliori, alias non: quemadmodum simia licet sit similior
568 1997 2314 2062 homini quam equus ex parte corporis quod non est melior pars in homine, non ex hoc oportet quod simia sit
566 2056 2314 2116 melior equo. Consimiliter in proposito: quando dicitur quod status religiosorum contemplatiuus
569 2103 2312 2169 similior est statui beatorum contemplatiuo: Dico quod status beatorum perficitur in contemplatione quae
560 2164 2310 2228 continet in se notitiam pertinentem ad intellectum, & amorem pertinentem ad voluntatem: in quibus
569 2206 2306 2280 melior est amor quam notitia vt alias exposuimus. Nunc autem quod status iste contemplatiuus religioso
559 2273 2314 2333 rum sit similior statui contemplatiuo beatorum, hoc est ratione cognitionis: quia scilicet contempla-
557 2321 2307 2388 tio clarius noscit deum quam actio. quod signat Lya, quae fuit lippa oculis: & Rachel quae fuit clara,
558 2378 2308 2442 secundum Greg. Ratione autem amoris magis illi assimilatur actio quae procedit ex maiori chari-
556 2419 2309 2498 tate secundum praedicta: & quid amplius est vita praelatorum ratione contemplationis eorum quae lympi-
558 2486 2315 2551 dior est finaliter post actionem licet non sit ita lympida siue pura in principio secundum praedicta sicut
553 2528 2317 2610 contemplatio religiosorum, secundum praedicta magis assimilatur contemplationi beatorum quantum ad co
554 2585 2315 2663 gnitionem, quam faciat contemplatio religiosorum. Et sic omnibus modis status praelatorum magis assimilatur
554 2642 2326 2716 statui beatorum: & ideo simpliciter melior est & perfectior. Quia autem subditur in argumento quod contem
554 2692 2314 2771 platio praesens est quaedam inchoatio contemplationis futurae: Dico adhuc amplius exponendo iam dicta, quod si
562 2762 2319 2818 militudo aliquorum duplex est: quaedam secundum genus: quaedam secundum speciem. Contem-
563 2798 2316 2881 platio autem praesens similis est futurae secundum genus, non autem secundum speciem: quia aliud
569 2859 2317 2927 genus contemplationis omnino est contemplatio praesens & aliud futura: quia praesens contemplatio consi-
567 2902 2315 2980 stit in quadam intellectuali cognitione quae superior est fide: semper tamen innixa fundamento fi
568 2953 2316 3033 dei: quae omnino est aliud genus cognitionis quam sit visio aperta: quae fidem euacuat: vt patet ex di-
572 3007 2313 3088 ctis supra in quaestione secunda. Et secundum hoc dico quod praesens contemplatio inchoatio est futurae
565 3063 2313 3135 secundum aliud genus contemplationis & perficienda secundum aliud. Dico inquantum est sermo
560 3114 2330 3206 de persectione quae est in aperta visione: licet forte intellectualis cognitio in praesenti manebit perfici
