2489 3721
534 265 2341 353 busdam religionibus esse constitutum quod omnes intrantes illas teneantur facere generalem confessionem omnium pecca
536 331 2329 409 torum suorum quae vnquam conmiserunt: intrantes ergo voluntarie huiusmodi religionem, statim per ingressum
539 390 2330 450 obligati sunt ad iterato confitendum eadem, illa quae pris scilicet confessi sunt ante religionis illius ingressum. Per hunc
537 441 2337 515 etiam modum, intrantes huiusmodi religionem obligari possent ad bis confitendum eadem: si videlicet in ea constitutum
536 494 2328 567 esset quod quicumque professus in eadem, post confessionem primo factam in eadem conmitteret quodcumque mortale peccatum:
544 550 2324 616 de illo confiteretur bis: ad quid tamen nullus obligatur, nisi voluntate mera, quae voluntate huiusmodi religionem intrauit
544 595 2326 676 & se ad statutorum illius obseruationem astrixit: & nullo modo ex statuto, nisi ex causa sine quae non: quia scilicet non
537 652 2325 722 esset talis obligatio, si statutum non praecessisset. SIC dico: quod in proposito quaestionis niae: confessi fratribus virtute so
545 697 2328 786 lius priuilegii domini Martini Papae absque licentia suorum sacerdotum, aut confessione illis prius facta: tenentur, ra
538 757 2322 837 tione statuti generalis. Omnis vtriusque sexus &c. iterato confiteri suo proprio sacerdoti, confessa fratribus. Et hoc prae
537 820 2328 876 cipue propter expressionem illius clausulae in dicto priuilegio. Volumus autem &c, quae perfecte saluat dictum statutum Omnis
537 869 2321 934 &c. quo ad confessionem faciendam suo proprio sacerdoti. Sine quam clausula. secundum opinionem aliquorum, est fres non
540 920 2318 994 praesent absoluere subditos sacerdotum sine licentia eorundem: vt iam infra patebit, exponendo RVolumus autem. Te
544 978 2327 1046 netur autem ratione statuti sic saluati in priuilegio, confessus fratri: eadem confiteri suo sacerdoti: nullo modo vt
546 1032 2326 1098 ex cauam propter quam sic, nec per se, nec per accemens, nec directe, nec indirecte, nec absolute, nec sub conditione: sed
542 1077 2320 1155 solummo vt ex causa sine quam non: quia si statutum non fuisset, omnino nulla maneret obligatio ad eadem iterato
548 1139 2317 1215 confitendum. Cuius causa per se & propter quam sic, est confitentis propria & mera atque libera voluntas quae eligit
553 1184 2316 1266 confiteri fratri sciens aut debens scire quod per illam confessionem factam fratri non absoluitur ab obligatione quae illa quae
553 1242 2317 1311 confitetur fratri: tenetur confiteri suo sacerdoti. Sed dicunt contrarii: quod non est simile de continentia, respectu or-
543 1302 2317 1367 dinum: & de confessione facienda sacerdoti, respectu confessionis factae fratri: quia continentia necessario sequitur or
549 1338 2331 1410 dinem: non tamen confessio facienda sacerdoti, necessario sequitur confessionem factam fratri. Dico ad hoc: quod continentia
536 1405 2330 1479 non sequitur ordinem necessatio, nisi propter statutum ecclusiae: & consimili modo nisi propter statutum illud ecclesiae. Omnis vtri
544 1459 2327 1536 usque sexus. confessionem factam fratri non sequitur necessario confessio facienda sacerdoti. Ex quo patet: quod nec per statu
552 1510 2330 1589 tum. Omnis vtriusque sexus. nec per illam clausulam in priuilegio. Volumus autem &c. est impositum per dominum papam illis qui
553 1556 2326 1632 fratribus confitentur onus graue: immo nec aliquid onus omnino per illa est eis impositum: sed siquod onus restat eis
555 1619 2324 1683 post confessionem factam fratri, hoc assumptum est ab eis solummo per propriam voluntatem eorum: vt semper dictum
549 1669 2317 1745 & scriptum est a nobis circa hanc materiam. Mlrabile ergo est dicere sicut dicunt contrarii: quod secundum modum
553 1727 2319 1792 nostrum intelligendi priuilegium fratrum: populo imponitur onus graue & quasi importabile scilicet eadem bis aut iterato
552 1776 2321 1857 confiteri. Cum appareat ex iam dictis, & ex alias dictis & scriptis a nobis semper: & etiam apparebit infra
548 1830 2324 1912 exponendo V Volumus autem: quod hoc omnino falsum est: sicut falsum est dicere: quod volentibus intrare religionem
552 1882 2325 1966 onus graue impositum est priusquam intrent eam: e scilicet quod multa grauia statuta sunt in religionibus quae
562 1939 2328 2006 oportet seruare intrantes illas: & ad quae obligantur: cum tamen non nisi voluntarie eas intrent.
552 1984 2331 2054 Vnde si propter tale onuscili. de iterato confitendo eadem sic voluntarie assumptum reprehendatur nia expositio cir-
546 2051 2320 2126 ca dictum priuilegium fratrum, reprehendantur ergo suadentes ingressum religionis propter graue onus religio
545 2100 2320 2164 nis & statutorum eius ad quae ingrediens voluntarie obligatur nulla praecedente necessitate sed mera voluntate. & ro
558 2153 2318 2229 go lectorem quod intente iudicet apud se an ita sit. SED dicunt contrarii quod numquam concedent talem casum contineri
549 2209 2329 2287 in priuilegio fratrum nisi papa hoc dixerit: quia nouus & inconsuetus est. Dico quod econtrario numquam concede-
552 2265 2329 2337 mus eis quod confessa fratri non sint confitenda sacerdoti nisi papa hoc dicat: quia hoc potius est nouum & incon
544 2312 2327 2392 suetum: quia contrarium est antiquo statute. scilicet quod subditus aliquam non confessa suo sacerdoti non teneatur illi confiteri: eo
553 2372 2325 2444 quod illud primum sequitur ex rationabili intellectu priuilegii fratrum & consono iuribus: istud autem haberi non potest
552 2426 2323 2502 nisi ex irroionabili intellectu priuilegii & dissono iuribus quantum apparet, vt inferius amplius patebit. Sic
556 2477 2327 2548 ergo reuertendo ad propositum dico quod confessi fratribus virtute solius dicti priuilegii domini Martini &de aliis
553 2529 2324 2605 enim siqua habent numquam locutus sum nec similiter intendo loqui ad piaosenus) eadem quae confessi sunt fratribus tenentur iterato
550 2586 2323 2660 confiteri suis, propriis sacerdotibus parochialibus. Dico & intelligo si prius ab eisdem ad confitendum fratribus non
550 2633 2328 2711 fuerint licentiati nec confessi eis. ex priuilegio enim suo fratres habent plenam potestatem libere confessiones audiem
556 2687 2322 2754 di & absoluendi sibi voluntarie confitentes: nec fratres cogunt nec cogere praesent virtute sui priuilegii aliquis
556 2743 2321 2821 vt sibi confiteantur: sicut nec ipsi fratres ex eodem priuilegio obligantur ad audiendum cuiuscumque confessionem:
556 2792 2325 2863 sed si fideles veniunt ad ipsos, fratres prasent si velint eos audire & absoluere virtute sui priuilegii. Attamen
555 2848 2324 2931 licet fratres sint priuilegiati quod libere sibi confitentes absoluere praesent & poenitentias iniungere eisdem saluta
549 2908 2326 2979 res: tamen ipsi subditi non sunt sic praeuilegiati per illud pauilegium quod sint omnino abstracti a viculo statuti generalis quae
551 2955 2322 3040 sunt obligati presbytero parochiali ad illi confitendum, sicut ipse est obligatus ad eos audiendum. Et ideo sub
550 3013 2314 3094 diti sacerdotibus volentes fratribus rite confiteri, vt scilicet non teneantur redire ad confitendum suis sacerdotibus, de
544 3062 2322 3144 bent prius suis sacerdotibus confiteri aut a suis sacerdotibus petere & obtinere licentiam ad hoc antequam confi-
551 3116 2320 3199 teantur fratri: aut post confessionem illi factam debent petere a sacerdotibus quod ratam habeant confessionem factam
545 3163 2320 3262 fratri. & altero eorum obtento non tenentur eadem confiteri suis sacerdotibus. Nec propter hoc tamen debet subdi
