<?xml version="1.0" encoding="UTF-8" standalone="yes"?>
<PcGts xmlns="http://schema.primaresearch.org/PAGE/gts/pagecontent/2013-07-15" xmlns:xsi="http://www.w3.org/2001/XMLSchema-instance" xsi:schemaLocation="http://schema.primaresearch.org/PAGE/gts/pagecontent/2013-07-15 http://schema.primaresearch.org/PAGE/gts/pagecontent/2013-07-15/pagecontent.xsd">
    <Metadata>
        <Creator>prov=University of Rostock/Institute of Mathematics/CITlab|PLANET AI GmbH/Gundram Leifert/gundram.leifert@planet-ai.de:name=Badius1518-m5(htr_id=23184)::::v=2.6.6
prov=University of Rostock/Institute of Mathematics/CITlab|PLANET AI GmbH/Tobias Gruening/tobias.gruening@planet-ai.de:name=de.uros.citlab.module.baseline2polygon.B2PSeamMultiOriented:v=2.6.6
prov=University of Rostock/Institute of Mathematics/CITlab|PLANET AI GmbH/Tobias Gruening/tobias.gruening@planet-ai.de:name=/net_tf/LA73_249_0mod360.pb:de.uros.citlab.segmentation.CITlab_LA_ML:v=2.6.0
Transkribus</Creator>
        <Created>2019-12-09T23:49:34.356+01:00</Created>
        <LastChange>2020-04-22T23:46:32.859+02:00</LastChange>
        <TranskribusMetadata docId="291873" pageId="11635931" pageNr="1079" tsid="28171309" status="IN_PROGRESS" userId="25065" imgUrl="https://files.transkribus.eu/Get?id=MNZAIRXPSFWAYODPGMLLOJNJ&amp;fileType=view" xmlUrl="https://files.transkribus.eu/Get?id=LDVVXELNAIGHGOIZMMKBFBAL" imageId="8014970"/>
    </Metadata>
    <Page imageFilename="1078.jpg" imageWidth="2402" imageHeight="3726">
        <ReadingOrder>
            <OrderedGroup id="ro_1587600728728" caption="Regions reading order">
                <RegionRefIndexed index="0" regionRef="TextRegion_1586461773570_957"/>
            </OrderedGroup>
        </ReadingOrder>
        <TextRegion orientation="0.0" id="TextRegion_1586461773570_957" custom="readingOrder {index:0;}">
            <Coords points="113,258 1848,258 1853,3167 149,3181"/>
            <TextLine id="r2l3" custom="readingOrder {index:0;}">
                <Coords points="102,330 1798,321 1845,230 101,259"/>
                <Baseline points="112,313 198,312 284,311 370,310 456,310 542,309 628,309 714,308 800,308 886,307 973,307 1059,307 1145,306 1231,306 1317,305 1403,305 1489,304 1575,303 1661,302 1747,301 1834,300"/>
                <TextEquiv>
                    <Unicode>tus petere licentiam vt frater possit absoluere (quia hoc habet ex priuilegio fratrum vt puto, licet aliqui</Unicode>
                </TextEquiv>
            </TextLine>
            <TextLine id="r2l4" custom="readingOrder {index:1;}">
                <Coords points="100,378 1688,385 1848,366 1848,312 99,332"/>
                <Baseline points="110,368 196,367 282,366 369,366 455,365 542,365 628,364 714,364 801,363 887,363 974,362 1060,361 1146,361 1233,360 1319,360 1406,359 1492,359 1578,358 1665,358 1751,357 1838,356"/>
                <TextEquiv>
                    <Unicode>hoc negent vt iam infra videbitur) sed vt abstrahatur a vinculo quo obligatus est sacerdoti per statutum generale ad </Unicode>
                </TextEquiv>
            </TextLine>
            <TextLine id="r2l5" custom="readingOrder {index:2;}">
                <Coords points="107,434 1810,424 1842,366 106,382"/>
                <Baseline points="118,422 203,422 289,421 375,420 460,420 546,419 632,418 717,418 803,417 889,417 975,416 1060,416 1146,415 1232,415 1317,414 1403,414 1489,413 1574,412 1660,412 1746,411 1832,410"/>
                <TextEquiv>
                    <Unicode>confitendum ei: alias enim teneretur redire ad eum ad iterato confitendum eidem confessa fratri. CON-</Unicode>
                </TextEquiv>
            </TextLine>
            <TextLine id="r2l6" custom="readingOrder {index:3;}">
                <Coords points="111,490 1657,491 1840,476 1840,414 111,442"/>
                <Baseline points="122,477 207,476 292,475 378,475 463,474 549,473 634,473 719,472 805,471 890,471 976,470 1061,470 1146,469 1232,469 1317,468 1403,468 1488,467 1573,467 1659,466 1744,466 1830,466"/>
                <TextEquiv>
                    <Unicode>trarii autem econtrario ad confirmandum intentionem suam quo ad intellectum priuilegi scilicet quod in priuilegio fratrum</Unicode>
                </TextEquiv>
            </TextLine>
            <TextLine id="r2l7" custom="readingOrder {index:4;}">
                <Coords points="109,540 1843,525 1810,473 109,490"/>
                <Baseline points="120,530 205,530 291,529 376,529 462,528 547,528 633,527 718,527 804,526 889,525 975,525 1061,524 1146,523 1232,523 1317,522 1403,522 1488,521 1574,521 1659,521 1745,521 1831,521"/>
                <TextEquiv>
                    <Unicode>non sit casus aliquis de iterato confitendo peccata eadem: Dicunt quod hactenus surrexerunt quidam dicentes quod fra</Unicode>
                </TextEquiv>
            </TextLine>
            <TextLine id="r2l8" custom="readingOrder {index:5;}">
                <Coords points="114,598 1832,592 1849,533 114,542"/>
                <Baseline points="124,584 209,583 295,583 381,582 466,582 552,581 638,581 723,580 809,580 895,579 981,579 1066,578 1152,577 1238,577 1323,576 1409,576 1495,575 1580,575 1666,574 1752,574 1838,573"/>
                <TextEquiv>
                    <Unicode>tres non poterant audire confessiones &amp; absoluere a peccatis licet super hoc essent licentiati a superiori, nisi</Unicode>
                </TextEquiv>
            </TextLine>
            <TextLine id="r2l9" custom="readingOrder {index:6;}">
                <Coords points="108,646 1627,651 1839,643 1839,589 108,598"/>
                <Baseline points="119,636 204,636 290,636 375,636 461,636 546,636 632,635 717,635 803,634 888,634 974,633 1059,633 1145,632 1230,631 1316,630 1401,630 1487,629 1572,628 1658,627 1743,627 1829,626"/>
                <TextEquiv>
                    <Unicode>cum hoc adhuc essent licentiati a curatis. &amp; hoc ideo, quia licet fratres per priuilegium a superiore datum </Unicode>
                </TextEquiv>
            </TextLine>
            <TextLine id="r2l10" custom="readingOrder {index:7;}">
                <Coords points="106,700 1840,694 1777,632 106,650"/>
                <Baseline points="118,690 203,690 289,690 374,690 460,690 545,690 631,690 716,689 802,688 887,688 973,687 1059,686 1144,685 1230,684 1315,684 1401,683 1486,682 1572,682 1657,681 1743,681 1829,681"/>
                <TextEquiv>
                    <Unicode>haberent claues solutas quas sine priuilegio haberent ligatas: tamen per tale priuilegium, populus non esset ffi-</Unicode>
                </TextEquiv>
            </TextLine>
            <TextLine id="r2l11" custom="readingOrder {index:8;}">
                <Coords points="114,752 1843,754 1842,698 1743,688 113,700"/>
                <Baseline points="125,742 210,743 295,744 381,744 466,744 551,744 637,743 722,743 807,742 893,741 978,741 1063,740 1149,739 1234,738 1319,738 1405,737 1490,737 1575,737 1661,738 1746,739 1832,740"/>
                <TextEquiv>
                    <Unicode>bus subiectus. &amp; ideo adhuc oporteret populum licentiari a curati vt posset a fratribus absolui. &amp; hoc (pro </Unicode>
                </TextEquiv>
            </TextLine>
            <TextLine id="r2l12" custom="readingOrder {index:9;}">
                <Coords points="129,816 1484,818 1849,798 1849,753 128,753"/>
                <Baseline points="140,799 229,799 318,798 408,798 497,797 587,797 676,796 765,795 855,795 944,794 1034,793 1123,793 1213,792 1302,791 1391,791 1481,790 1570,790 1660,789 1749,789 1839,789"/>
                <TextEquiv>
                    <Unicode>ut dicunt) attendens papa Clemens declarauit quod in confessionibus audiendis a fribus non oportet requitilicentiam cu</Unicode>
                </TextEquiv>
            </TextLine>
            <TextLine id="r2l13" custom="readingOrder {index:10;}">
                <Coords points="112,855 1811,869 1856,799 112,814"/>
                <Baseline points="122,852 208,852 294,852 380,852 466,852 552,851 638,851 725,850 811,850 897,849 983,848 1069,847 1155,847 1241,846 1328,845 1414,844 1500,844 1586,843 1672,842 1758,842 1845,841"/>
                <TextEquiv>
                    <Unicode>ratorum parochialium, dicens sic. Quidam temere &amp;c. vt iam patebit. Sed dico quod reuera hoc quod illi insurgen</Unicode>
                </TextEquiv>
            </TextLine>
            <TextLine id="r2l14" custom="readingOrder {index:11;}">
                <Coords points="120,918 1830,916 1849,857 120,866"/>
                <Baseline points="130,905 215,905 300,905 386,905 471,905 557,905 642,904 728,904 813,903 899,902 984,901 1069,901 1155,900 1240,899 1326,899 1411,898 1497,898 1582,897 1668,897 1753,897 1839,897"/>
                <TextEquiv>
                    <Unicode>tes contra fratres dixert: quod scilicet cu hoc quod fies essent licentiati a superiori praelato, oporteret est eos licentiaria pa</Unicode>
                </TextEquiv>
            </TextLine>
            <TextLine id="r2l15" custom="readingOrder {index:12;}">
                <Coords points="118,983 1841,968 1841,916 118,918"/>
                <Baseline points="128,961 213,960 298,959 383,959 468,958 553,958 638,957 724,957 809,956 894,956 979,955 1064,955 1149,954 1234,954 1320,953 1405,953 1490,952 1575,952 1660,951 1745,950 1831,950"/>
                <TextEquiv>
                    <Unicode>rochiali sacerdote ad hoc vt habeant claues solutas &amp; possint absoluere, quaessatum est per declarationem Cle-</Unicode>
                </TextEquiv>
            </TextLine>
            <TextLine id="r2l16" custom="readingOrder {index:13;}">
                <Coords points="123,1026 1850,1016 1849,957 123,980"/>
                <Baseline points="134,1013 219,1013 304,1013 389,1012 475,1012 560,1012 645,1011 730,1011 816,1010 901,1010 986,1009 1071,1009 1157,1008 1242,1008 1327,1007 1412,1006 1498,1006 1583,1005 1668,1005 1753,1004 1839,1003"/>
                <TextEquiv>
                    <Unicode>mentis. Sed quod cum hoc quod fres essent licentiati a superiori praelato per priuilegium generale: oporteret subditos a paro</Unicode>
                </TextEquiv>
            </TextLine>
            <TextLine id="r2l17" custom="readingOrder {index:14;}">
                <Coords points="129,1078 1815,1079 1854,1010 129,1024"/>
                <Baseline points="141,1065 226,1065 311,1066 396,1066 481,1065 566,1065 651,1065 736,1065 821,1064 906,1064 992,1063 1077,1063 1162,1062 1247,1061 1332,1061 1417,1060 1502,1059 1587,1059 1672,1058 1757,1057 1843,1057"/>
                <TextEquiv>
                    <Unicode>chiali sacerdote etiam licentiari ad hoc vt posset fribus confiteri &amp; ab ipsis absolui, hoc contra subditos com</Unicode>
                </TextEquiv>
            </TextLine>
            <TextLine id="r2l18" custom="readingOrder {index:15;}">
                <Coords points="121,1130 1606,1132 1848,1119 1848,1072 121,1073"/>
                <Baseline points="132,1122 217,1122 302,1121 387,1120 473,1120 558,1119 643,1119 729,1118 814,1117 899,1117 985,1116 1070,1115 1155,1115 1240,1115 1326,1114 1411,1114 1496,1113 1582,1113 1667,1113 1752,1113 1838,1113"/>
                <TextEquiv>
                    <Unicode>fitentes fratribus, non autem contra fres, videntur sensisse duo solemnes glossatores iuris canonici scilicet Bernar-</Unicode>
                </TextEquiv>
            </TextLine>
            <TextLine id="r2l19" custom="readingOrder {index:16;}">
                <Coords points="132,1190 1753,1194 1846,1180 1846,1130 132,1132"/>
                <Baseline points="142,1176 226,1175 311,1174 395,1174 480,1173 565,1172 649,1172 734,1171 819,1171 903,1170 988,1170 1073,1169 1157,1169 1242,1169 1327,1168 1411,1168 1496,1167 1581,1167 1665,1166 1750,1166 1835,1165"/>
                <TextEquiv>
                    <Unicode>dus &amp; dominus Ostiensis. Bernardus eim inglossa supe illam literam Omnis vtriusque sexus &amp;c. super illo verbo Siquis alie</Unicode>
                </TextEquiv>
            </TextLine>
            <TextLine id="r2l20" custom="readingOrder {index:17;}">
                <Coords points="118,1231 1791,1242 1849,1181 118,1190"/>
                <Baseline points="130,1230 215,1229 300,1229 386,1228 471,1228 557,1227 642,1227 728,1226 813,1226 899,1225 984,1225 1069,1224 1155,1224 1240,1223 1326,1222 1411,1222 1497,1221 1582,1221 1668,1220 1753,1219 1839,1218"/>
                <TextEquiv>
                    <Unicode>no sacerdoti &amp;c. dicit sic. Alieno sacerdoti executionem habenti. Hoc dico proptur illos sacerdores siue saecun</Unicode>
                </TextEquiv>
            </TextLine>
            <TextLine id="r2l21" custom="readingOrder {index:18;}">
                <Coords points="127,1294 1854,1281 1854,1240 1674,1226 127,1238"/>
                <Baseline points="138,1283 223,1283 308,1282 393,1282 479,1281 564,1281 649,1280 734,1279 820,1279 905,1278 990,1278 1075,1277 1161,1276 1246,1276 1331,1275 1416,1275 1502,1274 1587,1274 1672,1274 1757,1274 1843,1273"/>
                <TextEquiv>
                    <Unicode>lares siue regulares qui non habent executionem ordis sacerdotalis. Sed ecce praedicatores &amp; fratres minores</Unicode>
                </TextEquiv>
            </TextLine>
            <TextLine id="r2l22" custom="readingOrder {index:19;}">
                <Coords points="126,1348 1691,1354 1853,1336 1853,1286 126,1294"/>
                <Baseline points="138,1338 223,1337 308,1336 393,1336 479,1335 564,1334 649,1334 734,1333 820,1332 905,1332 990,1331 1075,1331 1161,1330 1246,1329 1331,1329 1416,1328 1502,1328 1587,1327 1672,1327 1757,1326 1843,1326"/>
                <TextEquiv>
                    <Unicode>vel alii religiosi non habentes populum habent priuilegium vt alienos parochianos possint recipere ad poenitem</Unicode>
                </TextEquiv>
            </TextLine>
            <TextLine id="r2l23" custom="readingOrder {index:20;}">
                <Coords points="122,1400 1851,1388 1824,1334 121,1348"/>
                <Baseline points="133,1391 218,1391 303,1390 389,1389 474,1389 559,1388 645,1387 730,1387 815,1386 901,1386 986,1385 1071,1385 1157,1384 1242,1384 1327,1383 1413,1382 1498,1382 1583,1381 1669,1381 1754,1380 1840,1380"/>
                <TextEquiv>
                    <Unicode>tiam: numquid sufficit priuilegium vt prochianum alienum possint recipere ad poenitentiam sine licentia, proprii sacer-</Unicode>
                </TextEquiv>
            </TextLine>
            <TextLine id="r2l24" custom="readingOrder {index:21;}">
                <Coords points="126,1449 1797,1455 1849,1388 126,1402"/>
                <Baseline points="138,1445 223,1444 308,1444 393,1443 478,1443 563,1442 648,1441 733,1440 818,1440 903,1439 988,1438 1073,1438 1158,1437 1243,1436 1328,1436 1413,1435 1498,1435 1583,1435 1668,1435 1753,1435 1839,1435"/>
                <TextEquiv>
                    <Unicode>dotil: Dicas quod non sufficit priuilegium sine licentia sui sacerdotis. priuilegium enim eos aequiparat illis qui ab epsis</Unicode>
                </TextEquiv>
            </TextLine>
            <TextLine id="r2l25" custom="readingOrder {index:22;}">
                <Coords points="120,1514 1832,1501 1847,1446 120,1473"/>
                <Baseline points="132,1500 217,1499 302,1498 387,1497 473,1497 558,1496 643,1495 728,1494 814,1493 899,1493 984,1492 1069,1492 1155,1491 1240,1491 1325,1490 1410,1490 1496,1489 1581,1489 1666,1489 1751,1489 1837,1489"/>
                <TextEquiv>
                    <Unicode>praeficiuntur, &amp; dat eis solam executionem, &amp; ita necessaria est adhuc licentia, proprii sacerdotis. Si enim de dua</Unicode>
                </TextEquiv>
            </TextLine>
            <TextLine id="r2l26" custom="readingOrder {index:23;}">
                <Coords points="125,1564 1848,1552 1798,1494 125,1514"/>
                <Baseline points="135,1553 220,1553 305,1552 390,1551 475,1550 560,1549 645,1549 730,1548 815,1547 900,1546 986,1545 1071,1545 1156,1544 1241,1544 1326,1543 1411,1543 1496,1543 1581,1542 1666,1543 1751,1543 1837,1543"/>
                <TextEquiv>
                    <Unicode>bus seruitutibus vna tollitur, remanet altera. Has autem duas seruitutes vnam intelligo ex parte fratrum, quae tol</Unicode>
                </TextEquiv>
            </TextLine>
            <TextLine id="r2l27" custom="readingOrder {index:24;}">
                <Coords points="121,1616 1787,1614 1845,1555 120,1570"/>
                <Baseline points="131,1608 216,1607 301,1607 386,1606 471,1605 556,1604 641,1603 727,1602 812,1601 897,1601 982,1600 1067,1599 1152,1598 1237,1598 1323,1597 1408,1597 1493,1597 1578,1596 1663,1596 1748,1596 1834,1597"/>
                <TextEquiv>
                    <Unicode>litur per priuilegium: sine quo non possent populum absoluere. alteram ex parte populi, quae tollitur per proprii sacerdotis</Unicode>
                </TextEquiv>
            </TextLine>
            <TextLine id="r2l28" custom="readingOrder {index:25;}">
                <Coords points="128,1674 1725,1674 1844,1660 1844,1606 128,1618"/>
                <Baseline points="139,1661 223,1661 308,1660 393,1659 477,1659 562,1658 647,1657 731,1656 816,1655 901,1654 986,1654 1070,1653 1155,1652 1240,1652 1324,1651 1409,1651 1494,1651 1578,1651 1663,1651 1748,1651 1833,1652"/>
                <TextEquiv>
                    <Unicode>licentiam: sine qua non posset populus a fratre absolui sm Bernardum. Despens etiam Ostiensis in suo apparatu </Unicode>
                </TextEquiv>
            </TextLine>
            <TextLine id="r2l29" custom="readingOrder {index:26;}">
                <Coords points="126,1724 1844,1719 1844,1661 126,1674"/>
                <Baseline points="136,1715 220,1715 305,1714 390,1714 475,1713 560,1712 645,1711 729,1710 814,1710 899,1709 984,1708 1069,1707 1154,1707 1239,1706 1323,1706 1408,1706 1493,1705 1578,1705 1663,1705 1748,1706 1833,1706"/>
                <TextEquiv>
                    <Unicode>super eadem lra &amp; super eodem verbo dicit sic. Sed nec putamus quod quantuncumque ex generali licentia confitenti vel sa</Unicode>
                </TextEquiv>
            </TextLine>
            <TextLine id="r2l30" custom="readingOrder {index:27;}">
                <Coords points="131,1782 1737,1782 1847,1775 1847,1719 131,1739"/>
                <Baseline points="142,1769 226,1769 311,1769 396,1768 481,1768 565,1767 650,1766 735,1765 820,1765 904,1764 989,1763 1074,1762 1159,1761 1243,1761 1328,1760 1413,1760 1498,1760 1582,1759 1667,1760 1752,1760 1837,1760"/>
                <TextEquiv>
                    <Unicode>cerdotidata confiteatur quis praeter parochialis proprii licentiam, saltem quantum ad confessionem se</Unicode>
                </TextEquiv>
            </TextLine>
            <TextLine id="r2l31" custom="readingOrder {index:28;}">
                <Coords points="126,1836 1845,1830 1825,1767 126,1782"/>
                <Baseline points="138,1824 222,1823 307,1822 392,1821 477,1820 561,1820 646,1819 731,1818 816,1818 900,1817 985,1816 1070,1816 1155,1815 1239,1815 1324,1815 1409,1814 1494,1814 1578,1814 1663,1813 1748,1813 1833,1813"/>
                <TextEquiv>
                    <Unicode>mel in anno faciendam, huic statuto praeiudicari debeat: immo adhuc requirenda est licentia sacerdotis parochia</Unicode>
                </TextEquiv>
            </TextLine>
            <TextLine id="r2l32" custom="readingOrder {index:29;}">
                <Coords points="126,1882 1844,1885 1843,1824 1783,1820 125,1836"/>
                <Baseline points="137,1877 221,1876 306,1876 391,1875 476,1874 561,1874 645,1873 730,1872 815,1871 900,1871 985,1870 1069,1869 1154,1869 1239,1868 1324,1868 1409,1867 1493,1867 1578,1867 1663,1866 1748,1866 1833,1866"/>
                <TextEquiv>
                    <Unicode>lis nisi hoc exprimatur quod istud liceat sine sua licentia. Intelligo obtinenda, &amp; hoc non pro fratre vt possit</Unicode>
                </TextEquiv>
            </TextLine>
            <TextLine id="r2l33" custom="readingOrder {index:30;}">
                <Coords points="134,1942 1848,1931 1785,1875 133,1886"/>
                <Baseline points="144,1930 228,1930 313,1929 397,1929 482,1928 567,1927 651,1927 736,1926 821,1925 905,1925 990,1924 1075,1923 1159,1923 1244,1922 1329,1922 1413,1921 1498,1921 1583,1921 1667,1921 1752,1920 1837,1920"/>
                <TextEquiv>
                    <Unicode>absoluere, sed potius pro subdito vt possit a fratre absolui. lpse enim dominus Ostiensis dictam sententiam confirmat</Unicode>
                </TextEquiv>
            </TextLine>
            <TextLine id="r2l34" custom="readingOrder {index:31;}">
                <Coords points="124,2005 1786,1998 1849,1930 124,1948"/>
                <Baseline points="135,1991 220,1988 305,1986 390,1984 475,1983 561,1981 646,1980 731,1979 816,1978 901,1978 987,1977 1072,1977 1157,1977 1242,1976 1327,1976 1413,1976 1498,1975 1583,1975 1668,1975 1753,1974 1839,1973"/>
                <TextEquiv>
                    <Unicode>per glossam Bernardi subdens. ldem videtur hic sensisse Bernar. dicens quod per talem indulgentiam non videtur tolli spe</Unicode>
                </TextEquiv>
            </TextLine>
            <TextLine id="r2l35" custom="readingOrder {index:32;}">
                <Coords points="133,2050 1851,2041 1851,1982 133,2007"/>
                <Baseline points="143,2039 227,2039 312,2038 397,2037 482,2037 567,2036 652,2035 737,2034 822,2034 907,2033 992,2032 1076,2031 1161,2031 1246,2030 1331,2029 1416,2029 1501,2028 1586,2028 1671,2027 1756,2027 1841,2027"/>
                <TextEquiv>
                    <Unicode>cialis licentia, immo restat petenda, sicut &amp; vna seruitutae sublata remanet altera. sed per hoc in nullo mi</Unicode>
                </TextEquiv>
            </TextLine>
            <TextLine id="r2l36" custom="readingOrder {index:33;}">
                <Coords points="127,2111 1856,2090 1836,2039 1652,2029 126,2054"/>
                <Baseline points="138,2093 223,2093 308,2092 394,2092 479,2091 564,2091 650,2090 735,2089 820,2088 906,2087 991,2086 1076,2085 1162,2084 1247,2084 1332,2083 1418,2082 1503,2082 1588,2082 1674,2082 1759,2082 1845,2083"/>
                <TextEquiv>
                    <Unicode>noratur potentia fratris de absoluendo actiue. Et sic cum dominus Ostiensis suam sententiam confirmet per glossam Ber. pa</Unicode>
                </TextEquiv>
            </TextLine>
            <TextLine id="r2l37" custom="readingOrder {index:34;}">
                <Coords points="131,2158 1756,2157 1853,2145 1853,2091 131,2113"/>
                <Baseline points="142,2147 227,2147 312,2146 397,2145 482,2144 567,2143 652,2143 737,2142 822,2141 907,2140 992,2139 1077,2139 1162,2138 1247,2137 1332,2137 1417,2136 1502,2135 1587,2135 1672,2134 1757,2134 1843,2133"/>
                <TextEquiv>
                    <Unicode>tet quod tempore Ostiensis non fuit glossa Ber. reprobata. Qui tamen Ostiensis vltimus glossatorum fuit: &amp; di scripsisse</Unicode>
                </TextEquiv>
            </TextLine>
            <TextLine id="r2l38" custom="readingOrder {index:35;}">
                <Coords points="134,2218 1842,2197 1770,2142 134,2160"/>
                <Baseline points="144,2201 228,2200 312,2199 397,2198 481,2197 565,2196 650,2195 734,2194 818,2193 903,2192 987,2191 1071,2190 1156,2189 1240,2189 1324,2188 1409,2187 1493,2187 1577,2186 1662,2186 1746,2185 1831,2185"/>
                <TextEquiv>
                    <Unicode>glossas suas super decretales tempore domini Clementis papae, licet aliqui dicant quod dicta glossa Bernar. reprobata</Unicode>
                </TextEquiv>
            </TextLine>
            <TextLine id="r2l39" custom="readingOrder {index:36;}">
                <Coords points="134,2264 1835,2256 1846,2197 134,2219"/>
                <Baseline points="144,2253 228,2252 313,2251 397,2250 482,2248 566,2247 651,2246 735,2245 820,2244 904,2243 989,2243 1074,2242 1158,2241 1243,2240 1327,2240 1412,2240 1496,2239 1581,2239 1665,2239 1750,2239 1835,2239"/>
                <TextEquiv>
                    <Unicode>fuit per literam domini Clementis Quidam temerarie sentientes &amp;c. Dicunt enim contrarii quod talium assertionem &amp; talem</Unicode>
                </TextEquiv>
            </TextLine>
            <TextLine id="r2l40" custom="readingOrder {index:37;}">
                <Coords points="131,2324 1847,2303 1846,2255 1710,2243 130,2262"/>
                <Baseline points="141,2305 225,2304 310,2303 395,2302 479,2301 564,2300 649,2299 733,2298 818,2297 903,2296 988,2295 1072,2294 1157,2294 1242,2293 1326,2292 1411,2292 1496,2291 1580,2291 1665,2291 1750,2291 1835,2292"/>
                <TextEquiv>
                    <Unicode>sententiam aliquorum attendens Clemens papa declarauit quod in confessionibus audiendis a fratribus non opor</Unicode>
                </TextEquiv>
            </TextLine>
            <TextLine id="r2l41" custom="readingOrder {index:38;}">
                <Coords points="127,2370 1660,2368 1845,2356 1845,2302 127,2322"/>
                <Baseline points="138,2360 222,2358 307,2357 392,2356 477,2354 562,2353 647,2352 731,2351 816,2350 901,2349 986,2349 1071,2348 1156,2347 1241,2347 1325,2346 1410,2346 1495,2346 1580,2346 1665,2346 1750,2346 1835,2346"/>
                <TextEquiv>
                    <Unicode>tet requiri licentiam sacerdotum parochialium etiam a subditis. Quid tamen (ut videtur) non est vsquequaque verum.</Unicode>
                </TextEquiv>
            </TextLine>
            <TextLine id="r2l42" custom="readingOrder {index:39;}">
                <Coords points="131,2426 1845,2424 1845,2357 131,2366"/>
                <Baseline points="143,2413 227,2412 312,2410 396,2409 481,2408 565,2407 650,2406 734,2405 819,2404 903,2403 988,2402 1073,2402 1157,2401 1242,2401 1326,2400 1411,2400 1495,2400 1580,2400 1664,2400 1749,2400 1834,2400"/>
                <TextEquiv>
                    <Unicode>Ad cuius pleniorem intellectum est aduertendum: quod sm quod iam innuebant Bernar. &amp; Ostiensis alia est licentia quae </Unicode>
                </TextEquiv>
            </TextLine>
            <TextLine id="r2l43" custom="readingOrder {index:40;}">
                <Coords points="129,2478 1841,2465 1797,2407 129,2428"/>
                <Baseline points="140,2466 224,2465 308,2464 393,2463 477,2462 562,2461 646,2460 731,2459 815,2458 900,2457 984,2456 1068,2455 1153,2455 1237,2454 1322,2454 1406,2454 1491,2454 1575,2454 1660,2454 1744,2454 1829,2454"/>
                <TextEquiv>
                    <Unicode>licentiatur confessor vt solutis clauibus possit audire confessiones subditorum alterius &amp; illos absoluere: &amp;</Unicode>
                </TextEquiv>
            </TextLine>
            <TextLine id="r2l44" custom="readingOrder {index:41;}">
                <Coords points="134,2534 1824,2527 1843,2464 133,2478"/>
                <Baseline points="145,2520 229,2518 313,2517 398,2516 482,2515 567,2514 651,2513 735,2512 820,2511 904,2510 989,2510 1073,2509 1157,2509 1242,2508 1326,2508 1411,2508 1495,2508 1579,2508 1664,2508 1748,2508 1833,2509"/>
                <TextEquiv>
                    <Unicode>alia est qua confitens licentiatur vt possit alteri confiteri quam suo parochiali &amp; ab illo absolui. Ad hoc enim quod </Unicode>
                </TextEquiv>
            </TextLine>
            <TextLine id="r2l45" custom="readingOrder {index:42;}">
                <Coords points="136,2584 1612,2582 1845,2567 1845,2519 135,2534"/>
                <Baseline points="146,2574 230,2572 314,2571 399,2570 483,2569 568,2568 652,2567 736,2566 821,2565 905,2564 990,2564 1074,2563 1158,2563 1243,2562 1327,2562 1412,2562 1496,2562 1580,2561 1665,2561 1749,2561 1834,2561"/>
                <TextEquiv>
                    <Unicode>sacerdos alienus possit absoluere cum effectu subditos sacerdotum parochialium, non solum requiritur licentia vt</Unicode>
                </TextEquiv>
            </TextLine>
            <TextLine id="r2l46" custom="readingOrder {index:43;}">
                <Coords points="132,2638 1846,2629 1846,2569 132,2584"/>
                <Baseline points="142,2628 226,2626 311,2625 395,2624 480,2622 565,2621 649,2621 734,2620 819,2619 903,2619 988,2618 1073,2617 1157,2617 1242,2617 1327,2616 1411,2616 1496,2615 1581,2615 1665,2615 1750,2614 1835,2613"/>
                <TextEquiv>
                    <Unicode>ille sacerdos alienus habeat claues solutas, sed etiam requiritur licentia vt subditus alienus ei subdatur, &amp; per hoc</Unicode>
                </TextEquiv>
            </TextLine>
            <TextLine id="r2l47" custom="readingOrder {index:44;}">
                <Coords points="135,2692 1665,2690 1844,2671 1844,2628 134,2638"/>
                <Baseline points="146,2682 230,2680 314,2679 399,2678 483,2677 567,2676 652,2675 736,2675 820,2674 905,2673 989,2673 1073,2672 1158,2672 1242,2671 1326,2671 1411,2670 1495,2669 1579,2669 1664,2668 1748,2666 1833,2665"/>
                <TextEquiv>
                    <Unicode>vsus clauium sacerdotis alieni circa ipsum possit hatrene effectum: vt sm hoc licentia generali qua ex parte confesso</Unicode>
                </TextEquiv>
            </TextLine>
            <TextLine id="r2l48" custom="readingOrder {index:45;}">
                <Coords points="131,2744 1834,2732 1843,2675 131,2705"/>
                <Baseline points="143,2735 227,2734 311,2733 396,2732 480,2731 565,2730 649,2729 734,2728 818,2727 903,2727 987,2726 1071,2725 1156,2725 1240,2724 1325,2724 1409,2723 1494,2723 1578,2722 1663,2721 1747,2721 1832,2720"/>
                <TextEquiv>
                    <Unicode>ris soluuntur claues quasi vna seruitus, non soluitur obligatio subditi confitentis quasi alia seruitus vt videtur. Et videm</Unicode>
                </TextEquiv>
            </TextLine>
            <TextLine id="r2l49" custom="readingOrder {index:46;}">
                <Coords points="137,2802 1845,2790 1810,2728 137,2744"/>
                <Baseline points="147,2789 231,2788 315,2786 399,2785 484,2784 568,2783 652,2783 737,2782 821,2781 905,2781 990,2780 1074,2780 1158,2779 1242,2779 1327,2778 1411,2778 1495,2777 1580,2776 1664,2775 1748,2774 1833,2773"/>
                <TextEquiv>
                    <Unicode>turi hoc dicti expositores consentire, nec videtur in hoc eis contrariari dominus Clemens quantum praetendunt verba</Unicode>
                </TextEquiv>
            </TextLine>
            <TextLine id="r2l50" custom="readingOrder {index:47;}">
                <Coords points="132,2854 1759,2852 1843,2841 1843,2789 131,2806"/>
                <Baseline points="142,2845 226,2843 311,2841 395,2840 480,2838 564,2837 649,2837 733,2836 818,2835 902,2835 987,2834 1072,2834 1156,2834 1241,2833 1325,2832 1410,2832 1494,2831 1579,2830 1663,2829 1748,2827 1833,2825"/>
                <TextEquiv>
                    <Unicode>declarationis eius. lpse enim sm planum verborum suorum solummodo loquitur de licentia concessa confessori, quasi con</Unicode>
                </TextEquiv>
            </TextLine>
            <TextLine id="r2l51" custom="readingOrder {index:48;}">
                <Coords points="131,2914 1843,2890 1842,2842 1697,2835 130,2854"/>
                <Baseline points="141,2897 225,2896 310,2895 394,2894 479,2893 563,2892 648,2891 732,2891 817,2890 901,2889 986,2889 1070,2888 1155,2887 1239,2887 1324,2886 1408,2885 1493,2884 1577,2883 1662,2882 1746,2881 1831,2880"/>
                <TextEquiv>
                    <Unicode>tra nescio quos temerarios, qui dicebant quod licentia a superiori data sacerdoti alieno in praedictis non sufficeret</Unicode>
                </TextEquiv>
            </TextLine>
            <TextLine id="r2l52" custom="readingOrder {index:49;}">
                <Coords points="129,2958 1696,2957 1849,2941 1849,2887 129,2915"/>
                <Baseline points="140,2951 229,2950 318,2948 408,2947 497,2946 587,2945 676,2944 765,2943 855,2943 944,2942 1034,2941 1123,2941 1213,2940 1302,2939 1391,2939 1481,2938 1570,2937 1660,2937 1749,2936 1839,2935"/>
                <TextEquiv>
                    <Unicode>nec claues sic perfecte dissolueret vt confitentem sibi absoluere posset, etiam quantum esset de se, nisi cum hoc ades</Unicode>
                </TextEquiv>
            </TextLine>
            <TextLine id="r2l53" custom="readingOrder {index:50;}">
                <Coords points="131,3018 1851,3004 1850,2942 130,2964"/>
                <Baseline points="142,3004 231,3003 320,3002 410,3001 499,3000 589,2999 678,2998 767,2998 857,2997 946,2996 1036,2996 1125,2995 1215,2994 1304,2994 1393,2993 1483,2992 1572,2992 1662,2991 1751,2990 1841,2989"/>
                <TextEquiv>
                    <Unicode>set licentia sacerdotis parochialis, quod non est verum. Glossatores autem dicti dicunt quod cum licentia data confessori</Unicode>
                </TextEquiv>
            </TextLine>
            <TextLine id="r2l54" custom="readingOrder {index:51;}">
                <Coords points="133,3077 1851,3053 1809,2995 132,3020"/>
                <Baseline points="144,3059 228,3058 313,3057 398,3055 483,3054 567,3053 652,3053 737,3052 822,3051 906,3050 991,3050 1076,3049 1161,3048 1245,3048 1330,3047 1415,3047 1500,3046 1584,3045 1669,3045 1754,3044 1839,3043"/>
                <TextEquiv>
                    <Unicode>generali priuilegio quae quantum est de se possit absoluere sibi confitentes, requiritur licentia curati parochialis data</Unicode>
                </TextEquiv>
            </TextLine>
            <TextLine id="r2l55" custom="readingOrder {index:52;}">
                <Coords points="129,3118 1852,3118 1832,3051 129,3079"/>
                <Baseline points="140,3112 225,3111 310,3110 395,3110 480,3109 565,3108 650,3107 735,3106 820,3106 905,3105 990,3104 1075,3103 1160,3103 1245,3102 1330,3101 1415,3100 1500,3100 1585,3099 1670,3098 1755,3098 1840,3097"/>
                <TextEquiv>
                    <Unicode>confitenti vt possit ab alieno sacerdote absolui cum effectu. Et quod ita sit, videtur praetendere lira domini Clementis: quae</Unicode>
                </TextEquiv>
            </TextLine>
            <TextLine id="r2l56" custom="readingOrder {index:53;}">
                <Coords points="131,3187 1752,3184 1855,3168 1855,3116 130,3118"/>
                <Baseline points="142,3167 227,3167 312,3166 397,3165 482,3165 567,3164 652,3163 738,3163 823,3162 908,3161 993,3160 1078,3160 1163,3159 1248,3158 1334,3157 1419,3157 1504,3156 1589,3155 1674,3155 1759,3154 1845,3153"/>
                <TextEquiv>
                    <Unicode>sic dicit loquens fribus. Quidam temerariae sentientes &amp; ad sobrietatem sapere nescientes, impudenter praesumunt</Unicode>
                </TextEquiv>
            </TextLine>
            <TextEquiv>
                <Unicode>tus petere licentiam vt frater possit absoluere (quia hoc habet ex priuilegio fratrum vt puto, licet aliqui
hoc negent vt iam infra videbitur) sed vt abstrahatur a vinculo quo obligatus est sacerdoti per statutum generale ad 
confitendum ei: alias enim teneretur redire ad eum ad iterato confitendum eidem confessa fratri. CON-
trarii autem econtrario ad confirmandum intentionem suam quo ad intellectum priuilegi scilicet quod in priuilegio fratrum
non sit casus aliquis de iterato confitendo peccata eadem: Dicunt quod hactenus surrexerunt quidam dicentes quod fra
tres non poterant audire confessiones &amp; absoluere a peccatis licet super hoc essent licentiati a superiori, nisi
cum hoc adhuc essent licentiati a curatis. &amp; hoc ideo, quia licet fratres per priuilegium a superiore datum 
haberent claues solutas quas sine priuilegio haberent ligatas: tamen per tale priuilegium, populus non esset ffi-
bus subiectus. &amp; ideo adhuc oporteret populum licentiari a curati vt posset a fratribus absolui. &amp; hoc (pro 
ut dicunt) attendens papa Clemens declarauit quod in confessionibus audiendis a fribus non oportet requitilicentiam cu
ratorum parochialium, dicens sic. Quidam temere &amp;c. vt iam patebit. Sed dico quod reuera hoc quod illi insurgen
tes contra fratres dixert: quod scilicet cu hoc quod fies essent licentiati a superiori praelato, oporteret est eos licentiaria pa
rochiali sacerdote ad hoc vt habeant claues solutas &amp; possint absoluere, quaessatum est per declarationem Cle-
mentis. Sed quod cum hoc quod fres essent licentiati a superiori praelato per priuilegium generale: oporteret subditos a paro
chiali sacerdote etiam licentiari ad hoc vt posset fribus confiteri &amp; ab ipsis absolui, hoc contra subditos com
fitentes fratribus, non autem contra fres, videntur sensisse duo solemnes glossatores iuris canonici scilicet Bernar-
dus &amp; dominus Ostiensis. Bernardus eim inglossa supe illam literam Omnis vtriusque sexus &amp;c. super illo verbo Siquis alie
no sacerdoti &amp;c. dicit sic. Alieno sacerdoti executionem habenti. Hoc dico proptur illos sacerdores siue saecun
lares siue regulares qui non habent executionem ordis sacerdotalis. Sed ecce praedicatores &amp; fratres minores
vel alii religiosi non habentes populum habent priuilegium vt alienos parochianos possint recipere ad poenitem
tiam: numquid sufficit priuilegium vt prochianum alienum possint recipere ad poenitentiam sine licentia, proprii sacer-
dotil: Dicas quod non sufficit priuilegium sine licentia sui sacerdotis. priuilegium enim eos aequiparat illis qui ab epsis
praeficiuntur, &amp; dat eis solam executionem, &amp; ita necessaria est adhuc licentia, proprii sacerdotis. Si enim de dua
bus seruitutibus vna tollitur, remanet altera. Has autem duas seruitutes vnam intelligo ex parte fratrum, quae tol
litur per priuilegium: sine quo non possent populum absoluere. alteram ex parte populi, quae tollitur per proprii sacerdotis
licentiam: sine qua non posset populus a fratre absolui sm Bernardum. Despens etiam Ostiensis in suo apparatu 
super eadem lra &amp; super eodem verbo dicit sic. Sed nec putamus quod quantuncumque ex generali licentia confitenti vel sa
cerdotidata confiteatur quis praeter parochialis proprii licentiam, saltem quantum ad confessionem se
mel in anno faciendam, huic statuto praeiudicari debeat: immo adhuc requirenda est licentia sacerdotis parochia
lis nisi hoc exprimatur quod istud liceat sine sua licentia. Intelligo obtinenda, &amp; hoc non pro fratre vt possit
absoluere, sed potius pro subdito vt possit a fratre absolui. lpse enim dominus Ostiensis dictam sententiam confirmat
per glossam Bernardi subdens. ldem videtur hic sensisse Bernar. dicens quod per talem indulgentiam non videtur tolli spe
cialis licentia, immo restat petenda, sicut &amp; vna seruitutae sublata remanet altera. sed per hoc in nullo mi
noratur potentia fratris de absoluendo actiue. Et sic cum dominus Ostiensis suam sententiam confirmet per glossam Ber. pa
tet quod tempore Ostiensis non fuit glossa Ber. reprobata. Qui tamen Ostiensis vltimus glossatorum fuit: &amp; di scripsisse
glossas suas super decretales tempore domini Clementis papae, licet aliqui dicant quod dicta glossa Bernar. reprobata
fuit per literam domini Clementis Quidam temerarie sentientes &amp;c. Dicunt enim contrarii quod talium assertionem &amp; talem
sententiam aliquorum attendens Clemens papa declarauit quod in confessionibus audiendis a fratribus non opor
tet requiri licentiam sacerdotum parochialium etiam a subditis. Quid tamen (ut videtur) non est vsquequaque verum.
Ad cuius pleniorem intellectum est aduertendum: quod sm quod iam innuebant Bernar. &amp; Ostiensis alia est licentia quae 
licentiatur confessor vt solutis clauibus possit audire confessiones subditorum alterius &amp; illos absoluere: &amp;
alia est qua confitens licentiatur vt possit alteri confiteri quam suo parochiali &amp; ab illo absolui. Ad hoc enim quod 
sacerdos alienus possit absoluere cum effectu subditos sacerdotum parochialium, non solum requiritur licentia vt
ille sacerdos alienus habeat claues solutas, sed etiam requiritur licentia vt subditus alienus ei subdatur, &amp; per hoc
vsus clauium sacerdotis alieni circa ipsum possit hatrene effectum: vt sm hoc licentia generali qua ex parte confesso
ris soluuntur claues quasi vna seruitus, non soluitur obligatio subditi confitentis quasi alia seruitus vt videtur. Et videm
turi hoc dicti expositores consentire, nec videtur in hoc eis contrariari dominus Clemens quantum praetendunt verba
declarationis eius. lpse enim sm planum verborum suorum solummodo loquitur de licentia concessa confessori, quasi con
tra nescio quos temerarios, qui dicebant quod licentia a superiori data sacerdoti alieno in praedictis non sufficeret
nec claues sic perfecte dissolueret vt confitentem sibi absoluere posset, etiam quantum esset de se, nisi cum hoc ades
set licentia sacerdotis parochialis, quod non est verum. Glossatores autem dicti dicunt quod cum licentia data confessori
generali priuilegio quae quantum est de se possit absoluere sibi confitentes, requiritur licentia curati parochialis data
confitenti vt possit ab alieno sacerdote absolui cum effectu. Et quod ita sit, videtur praetendere lira domini Clementis: quae
sic dicit loquens fribus. Quidam temerariae sentientes &amp; ad sobrietatem sapere nescientes, impudenter praesumunt</Unicode>
            </TextEquiv>
        </TextRegion>
    </Page>
</PcGts>
