2385 3726
110 269 1841 359 Innocentii: ac pacis commodum &c. vt scribitur in fine lirae domini Alexam. eam quae dominus Martinus primo,.
113 350 1856 409 & dominus Innocentius secundo e vita praesenti subtracti complere non potuerunt ad pacis commo
111 401 1846 468 dum & quietis ecclesiarum & personarum ecclesiasticarum executioni studeat salubri consilio demandare. His vi
111 460 1839 528 sis licet post longum digressum miror multum quomodo contrarii praesent dicere se numquam vidisse rationem mouentem eos
115 516 1844 581 quod occasione dicti priuilegii poni debeat casus in quo debeat iterari confessio super eisdem, & quod non cre-
124 576 1846 635 dent ipsum esse donec per papam explanetur: cum tamen ipsa litera domini Martini de plano quoque & de com
120 630 1839 687 muni vsu verborum etiam solam grammaticam intelligentibus ipsum praetendat. Aliter enim clau-
118 674 1848 743 sula illa, Volumus autem, non expresse saluaret ius conmune sacerdotum, sed omnino superflueret: & sm
121 731 1845 797 sententiam dictorum glossatorum litera domini Martini non contineret nisi generale priuilegium, vt nec fra
124 781 1843 850 tres virtute ipsius possent absoluere nisi licentiatos a sacerdotibus, vt patet ex praedictis. Sed dicunt ad
125 840 1841 899 huc contrarii. Cum igitur ego sciam dissoluere omnia quae contra me arguuntur etiam per dicta contra arguen
121 896 1847 955 tium: qualiter compellar accipere nouum casum de iterum confitendo confessa: An ita sit vt dicit iste con-
127 948 1849 1009 trarius scilicet quod sciam omnia dissoluere quae contra me arguuntur etiam per dicta contra arguentium: super hoc commit-
128 1003 1850 1067 to iudicium legentibus scriptum hoc in quo sumnt argumentationes nimae & earum dissolutiones super hac materia.
184 1057 1852 1124 AD euidentiam autem dictorum in generali & ad ampliorem intelligentiam dicti priuilegii
126 1099 1848 1170 domi Martini ad modum processus quem contrarii sibi in sua determinatione praefigunt, tria sunt adhuc
134 1160 1848 1224 in speciali prius quam ad rationum dissolutiones descendamus, consideranda, non intentione interpretandi
127 1222 1847 1283 priuilegium ipsum, sed exercitandi ingenia scholarium, & inuestigandi veritatem super praedictis sm pla
133 1273 1842 1341 num verborum prout alias protestatus sum. Primum illorum trium est intentio dantis priuilegium. Secundum est mo
125 1321 1847 1375 tiuum eius ad dandum illud. Tertium est forma verborum ipsius priuilegii. De intentione dantis priuilegium
134 1377 1841 1435 vt hominis, an scilicet intendebat quod fratres vterentur suo priuilegio sicut modo vti volunt eo, an non, sed
131 1438 1847 1498 potius sicut praelati volunt quod eo vtantur: bene verum est vt etiam dicunt contrarii, quod occulta est nisi
136 1495 1848 1553 quatenus manifestari pont vel ex scripto, vel ex verbo, vel ex aliquo alio signo. Sed vt dicunt contra-
127 1539 1838 1602 rii:, ipsi nolunt inniti verbis eius, sed signo cuidam: quid erat taciturnitas eius. Bene enim verum est vt
133 1591 1844 1653 dicunt quod dominus Martinus audiuit plurium relatione, fratrum & praelatorum clamorem: audiuit etiam & sciuit
143 1654 1841 1713 quod fratres vtebantur potestate sibi concessa in dicto priuilegio, hoc modo quo dicunt se posse eo vti: vi
132 1704 1837 1764 delicet quod possent vti dicto priuilegio mittendo fratres sub numero indeterminato & in perpetuum ad au-
132 1755 1839 1822 diendum confessiones vbique locorum omnium subditorum quorumcunque sacerdotum, saecularium. scilicet & religio
140 1803 1845 1872 sorum. & hoc absque eorum licentia & absque proposito confitendi eadem suis sacerdotibus, etiam si essent
136 1862 1847 1916 scientes potentes & volentes & idonei consulere illis & illos audire in propria persona, cessante etiam ex parte
132 1915 1850 1980 subditorum omni cauam rationabili eundi ad illos & dimittendi suos proprios sacerdotes, quod est dicunt se habere
130 1970 1850 2032 ptantem absoluendi ab omnibus peccatis communibus & etiam pertinentibus specialiter ad epseos. Quare (ut di
136 2027 1860 2085 cunt) cum papa talem vsum eorum nouit & tacuit, quid tamen solo verbo impedire potuit, nec est verisi
131 2078 1846 2132 mile quod papa vellet damnationem suam & fratrum ac populi, quam tamen procurasset & se mancipium gehennae
132 2129 1848 2193 fecisset non refrenando fratres si ipso sic sciente dicto priuilegio dicto modo vtendo abusi fuissent, vt dist.
127 2180 1844 2243 xi. cap. Papa. Et sic (ut dicunt taciturnitate & permissione & dissimulatione dominus papa Martinus
127 2236 1844 2295 acquieuit intentioni fratrum: & visus est eis concedere quid intendunt. Et quod plus est dominus Honorius successor
128 2288 1848 2352 eius audiens similiter huiusmodi clamorem dissimulauit similiter fratres sic vti dicto priuilegio, nec est etiam verisimile quod sui
133 2342 1842 2404 voluerit damnationem, fratrum ac populi. Hic primo aduertendum est quod fratres dicunt se nolle inniti ver-
136 2393 1841 2460 bis domini Martini, sed potius eius taciturnitati, quod multum caute dicunt: quia reuera verbis eius initi non praesent
129 2446 1848 2508 quia vt a fide dignis intellexi dominus Martinus saepius plane dixit coram pluribus cardinalibus, & aliis, est semel in
138 2502 1838 2567 pleno consistorio, quod intentionis suae non fuit quod fratres per suum priuilegium haberent potestatem absoluendi in casibus
128 2551 1839 2616 reseruatis epseis siue de iure, siue de consuetudie, siue de retentione: & quod intentionis suae fuit quod in casibus & in
133 2610 1842 2673 peccatis comomunibus confitentes fratribus tenerentur iterato eadem confiteri suis sacerdotibus prochialibus. sm quod super his
138 2667 1841 2723 ego vidi literas duorum cardinalium cum sigillis ipsorum appendentibus. Haec omnia etiam quidam vir probus & famosus
133 2718 1844 2776 mihi recitauit: qui dixit se ea audiuisse ab ore domini Martini: & proposuisse ea ex parte praelatorum in pleno com
127 2771 1847 2834 sistorio in praesentia cardinalium & domini Honorii papae infra quindenam ante obitum eius: & inuocasse ipsum
134 2822 1840 2882 dominum Honorium & cardinales in testes super praemissa. Et in alia determinatione concedit contrarius hoc se dixisse
131 2873 1842 2939 sa hoc non quia timuerit succumbere, quia vt diei contrarium a multi valentibus audiuit, si quia noluit comperare personas
129 2925 1845 2993 personis. & sic vt dixit non velle inniti verbis non fuit diffidentiae, sa personarum reuerentiae. An ita sit deus nouit
133 2986 1846 3046 quod tamen illud dictum erat diffidentiae satis declarat per hoc quod subiumxit sic inquiens. ltem dixi quod propter diuersas cauas
131 3026 1855 3101 papae intentio potuit bene mutari, & per consequens diuersa dicere, & ideo standum esset vltimo dicto eius qui
128 3086 1850 3157 sciret illud. Ecce quam plane insinuat quod papa Martinus iam dicta primo dixit, etiam si dixit con-
129 3149 1849 3229 trarium postmodum mutando suam intentionem. Quodlicet potuit contigisse ipsi sicut homi-
