2438 3749
490 306 2276 392 latum fuit quod ille ad praedicandum a deo missus fuit, sicut recitat btuns Gretinu. in primo libro Dialo. Quare si
485 386 2280 448 tale factum tamquam simile fratres ad factum suum velint applicare, confitentur se praesumptuose agere, & mala fide ius
486 437 2272 497 sacerdotum velle praescribere: propter quod in talibus multum caute cauendi sunt ne clam ius sacerdotum
486 486 2279 557 subripiant, & sic ab initio a talibus cohibendi sunt ne paulatim intrando contingat illud quod legitur
493 536 2286 607 Cam. xiii. quaest. i. His itaque respondetur in. b. Laborantem agricolam. Vbi dicitur sic quasi praelati loquantur
495 598 2272 662 fratribus. Nos sumus agricolae laborantes, vos vultis primum de fructibus nostris percipere, immo non
490 663 2272 718 primum quia nec vltimum nobis relinquere vultis. Aprioribus enim incipientes paulatim sumitis &
497 704 2274 766 totum vsurpare contenditis: vt pro nobis videatur dictum Frustratim lupus comedit agnum. de
501 759 2283 822 quo etiam dicit Innocentius quartus loquens quibusdam religiosis in litera supradicta. Illud satis
490 808 2276 882 notabile videtur & indecens: quod nonnulli vestrum mox vt aliquos aegritudinis languore detentos in
497 863 2277 925 telligunt ad ipsos vndique festini concurrunt, & eos illectiuis verborum blanditiis demulcentes & prae-
498 922 2276 986 cipuum salutis remedium pollicentes, si apud eos ecclesiasticam elegerint sepulturam: ac tandem eos
490 972 2279 1046 ad suum propositum talibus assuasionibus pertrahentes ad testamenta eorum ordinanda se ingerunt
495 1037 2279 1095 & laetantur cum canonica iustitia defraudant ecclesias de quarum parochiis assumuntur corpora
491 1079 2277 1143 mortuorum: & qui vt nudi nudum Christum libere sequi possent, religionis se vinculo astringentes
499 1137 2272 1206 praetiosa & magna contempsisse noscuntur, se in alienis nimium contra deum & iustitiam vsurpando
500 1191 2269 1260 exhibent pertinaces. Nec credo quod talis taciturnitas praedicta superioris praelati ad tempus posset tanquam
500 1242 2273 1302 ex suo facto ius tribuere. quia ex causa rationabili fieri posset vsque ad tempus congruum corrigendi ta-
504 1296 2270 1354 lem praesumptionem: & maxime personis in quibus de iure communi tale ius cadere non potnt: quales for-
497 1350 2282 1414 te sunt fratres: & maxime ex tali facto circa communitatem parochianorum: super quos non acquiritur praescri
506 1405 2282 1472 ptio quin pertineant ad sacerdotis parochialis subiectionem & obedientiam, nisi omnino eis per
501 1467 2278 1529 praescriptionem subtrahantur ne sint eorum parochiani. & sic quantumcunque alteri confiteantur
494 1514 2287 1581 absque licentia eius, semper tenentur reuerti ad ipsum ad eadem confitendum ei nisi contrarium in
497 1570 2277 1633 priuilegio specialiter caueatur, vt dictum est sm praedictos glossatores. Sic ergo reuertendo ad pro-
498 1624 2285 1688 positum dico quod vterque papa tam Martinus quam Honorius bene dissimulare potuit ad tempors sua taciturni
505 1677 2285 1743 tate discordiam quam nouit inter praelatos & fratres licet altera partium foueret iniustam causam
499 1730 2283 1799 & hoc ex causa licet non cuique manifesta & absque omni culpa sua & negligentia. Decretum autem quod in
503 1784 2279 1845 ducunt fratres ad probandum quod papa peccasset si sciuisset fratres fouere iniustam causam, & eos
494 1838 2283 1898 non reprehendisset, loquitur in casu quando papa negligit corrigere corrigenda, vt patet ex verbis eius
500 1896 2293 1961 praedictis. Tunc autem negligit quando sine causa differt corrigere quae pro temporis necessitate
501 1949 2295 2017 statim sunt corrigenda, quam causam non debemus supponere defuisse in casu nino. Est ergo intel
499 2001 2290 2067 ligendum: quod licet ita dissimulatum esset factum fratrum, vt dicunt: per hoc tamen non praesent ostende
498 2063 2283 2122 re suum propositum vllo modo, sed potius cautum faciunt dominum papam ne de caetero, nec diu-
504 2117 2289 2173 tius dissimulando talia permittat incorrecta, & ex negligentia inculpetur, quem tamen frequenter ex causa
501 2165 2286 2233 oportet multa per patientiam tolerare, alias perducenda in iudicium & corrigenda. & sic vt aestimo
500 2216 2285 2285 actum est in proposito. Curia enim Romana non plumeos, sed plumbeos pedes habet, nec ad quencum
503 2274 2280 2343 que ventum cuiuscunque clamoris statim mouetur, nec moueri debet: sed patiens est iustitiae reddi-
502 2328 2286 2399 tor, & expectat instructionem, maxime quando causa est ardua & inter magnas personas. Quamquam ergo
507 2378 2284 2440 tam dominus Martinus quam dominus Honorius firmum habebant propositum pacificandi in breui di
502 2433 2284 2489 ctam discordiam: & super modo pacificandi eam ad honorem dei & animarum salutem deliberaue-
509 2485 2284 2544 runt: tamen ambo morte praeuenti implere non potuerunt quod conceperunt. Sed hic insurgunt fratres
507 2536 2284 2603 & dicunt sic. Multum differt deliberare de bono faciendo & de malo impediendo. De bono enim fa
507 2591 2278 2656 ciendo verum est quod diu debet deliberare homo quomodo melius fiat, & ideo in dando istud priuilegium
498 2640 2282 2705 tanquam de magno bono diu debuit deliberare papa Martinus sicut ipse deliberauit. lpse enim (ut dicunt
501 2697 2283 2755 fratres) antequam esset papa deliberauit quod si contingeret ipsum esse papam quod tale priuilegium fratribus com
503 2753 2288 2827 cederet. ipsi autem malo quam primum videtur, occurrendum est, & ideo si vidisset fratrum abusum statim de
501 2808 2283 2869 buisset occurrere. Si enim vt dicit ille qui proponit, prior videret me audire confessionem alicuius, & non habe
499 2868 2276 2933 rem auctoritatem: non reputaret bonum si taceret vsque cras. Ecce quomodo omnibus modis inculpant papam de ne-
511 2922 2269 2981 gligentia erga alteram partium, qua. scilicet non stati obuiauit insolentiae, vel contra vnam partem vel contra aliam. Si enim om
502 2974 2271 3047 nino debuit stati obuiare parti defedenti iniustam causam, & in proposito indubitanter altera pars defendit
509 3023 2276 3090 iniustam causam: quia partes defendunt contradictoria: sequitur ergo necessario ex dicto fratrum quod pa-
510 3081 2275 3154 pa sciens cans fratrum & praelatorum in omnem euentum negligens fuerit & se mancipium fecerit gehen-
502 3143 2276 3206 nae: & sic per seueranter impingunt in papam secundum modum praedictum. Sed dico adhuc sicut dixi: quod pa
500 3187 2284 3277 pa sine culpa sua potuit non statim obuiare insolentiae multitudinis fratrum vel praelatorum: sed ex causa
