2441 3733
515 253 2288 349 CONtra. corpus Christi in triduo fuit vnitum verbo inanimatum, & potuit illud sic conseruare
524 342 2297 403 in perpetuum dimissa anima: eo quod deus nulla necessitate retinuit animam secum vnitam: quia nulla
517 399 2295 461 necessitate determinatur ad actionem in creatura: & sic eadem potestate ab initio potuit assumpsisse
517 459 2290 518 corpus humanum sine anima. ltem ad deum potest fieri assumptio in esse subsistentiae: quia in deo
521 501 2290 567 est ratio esse & subsistentiae quae est in natura assumpta. sed in ipso est ratio omnis esse & subsi-
530 556 2294 620 stentiae quae sunt in creaturis. omnis ergo creatura siue natura subsistens potest assumi. Quia
515 614 2286 678 naturae assumendae possibilitas ad assumptionem occulta est, & nulla ex parte dei omnino existit dubi-
520 666 2293 733 tatio an possit sibi assumere quancumque naturam assumptibilem: ideo tota difficultas huius quaestionis ver
529 714 2291 789 titur circa possibilitatem naturae assumendae. Et sunt circa hoc duae positiones solennes. Dicit enim positio
520 770 2286 836 communior & solennior, cui quandoque aliquantulum assentire consueui: quod quaelibet natura subsistens in crea-
524 824 2293 894 turis possit assumi. & hoc principaliter propter tacta in vltima ratione. Tenentes autem istam positionem
513 881 2295 945 respondent ad primum argumentum: si quid maius est potest fieri, & quod minus: & econtra si quid minus est non
521 935 2294 997 potest fieri nec quid maius est &c. Dicendo quod verum est quando ambe scilicet maius & minus consequuntur po
522 989 2280 1050 tentiam eiusdem rationis, quod enim potest calefacere vel calefieri magis: potest calefacere vel calefieri mi-
516 1044 2285 1104 nus. Sed hoc non contingit in proposito de potentia passiua assumptibilis: quia natura subsistens in cre
522 1093 2279 1158 aturis ex eo quod est natura subsistibilis simpliciter est assumptibilis ad vnitatem subsistentiae diuini sup-
524 1154 2290 1218 positi qua sit filius dei per naturam: non autem vnde natura est simpliciter subsistibilis est assumptibilis
519 1205 2283 1269 ad operationes vnitatis qua sit filius dei per adoptionem, sed solummodo vnde est intellectualis. & sic
520 1260 2280 1328 nequaquam est eadem ratio potentiae haec & illa, siue potentia rationis eiusdem. Tnde quia non sunt eiusdem subiecti:
513 1308 2278 1375 nec sunt ad eundem actum: vnde nec est idem modus vnius rationis naturae diuinae & humanae in vnitate
521 1359 2281 1425 suppositi & in vnitate operationis: licet vna necessario concomitetur alteram: sed hoc accidit ratione
515 1421 2284 1485 materiae et naturae assumptibilis: quia. scilicet est possibilitas ad vtramque in eodem: ideo vt dicunt (o bene)
518 1478 2285 1544 argumentum Augustinus non tenet ratione formae: sed ratione materiae tantum: quia. scilicet in homine est potentia
518 1531 2280 1589 duplex praedicta. Vnde quod arguitur consimili modo: si potest fieri quid est maius, & quid est minus: & ecom
517 1579 2281 1638 tra si non quod est minus, nec quod est maius: dicunt quod verum est quando potentia ad vtrumque est eiusdem ra-
513 1630 2278 1705 tionis, quod non contingit in proposito: vt dictum est: & ideo non tenet vlterior processus.. Similiter quid
513 1690 2282 1752 arguitur secundo: quod eleuata natura necesse est eleuari potentiam: dicunt quod verum est quando potentia ele-
516 1743 2274 1805 uabilis est in natura assumptibili quae potest sequi naturam. Et ideo non posset deus assumere hominem
500 1793 2284 1852 in natura quin assumendo ipsum in potentia faceret ipsum impeccabilem. & sic si naturam hominis pecca
518 1853 2278 1914 toris assumeret, stati omne peccatum aboleret. & sic non sequuntur inconuenientia assumpta in duobus argumen
517 1909 2277 1964 tis vltimis. Secus autem est quando in natura non est potentia eleuabilis: immo tunc essentia potest sola ele
520 1964 2277 2025 uari. Sed hic supponitur vnum a quo dependet tota dubitatie. scilicet an natura sit eleuabilis in qua non est
521 2016 2276 2081 potentia eleuabilis. Illae enim absurditates adductae in tertio argumento: quod deus esset lapis vel bru-
520 2067 2273 2129 tum vel irratinalis & huiusmodi: non arguunt ad negandum assumptibilitatem lapidis vel brutinisi apud ru
514 2120 2281 2185 des qui ex deuotione quam habent ad dignitatem Christi & deitatis, illud negant: quasi indignum esset
517 2175 2277 2241 ei vniri tali naturae & eam sibi assumere. Propter simile enim aliqui rudes posuerunt quod cum mus accipe
517 2227 2277 2286 ret hostiam consecratam ad comedendum illam: vel si proiiceretur in locum immundum: quod statim desine
514 2283 2276 2336 ret ibi esse corpus Christi: quasi indignum esset ei esse sub hostia sic tractata: quod tamen non est verum.
520 2332 2273 2392 DE illo ergo est tota dubitatio an aliqua natura sit eleuabilis dicto modo: in qua modo correspondenti
521 2387 2272 2445 non sit eleuabilis potentia, quod mihi non videtur posse rationabiliter poni. Ad cuius intellectum est
521 2445 2274 2504 aduertendum: quod deus dupliciter habet esse in creaturis. Vno modo naturaliter & modo congruenti
518 2495 2276 2569 naturae: Alio modo voluntarie: & modo supergredienti limites naturae. Primo modo habet esse per
511 2546 2273 2604 illapsum in omni natura & creatura. Secundo modo habet esse solummo in natura assumpta per circum
518 2597 2269 2663 insessionem. Et licet per illapsum deus sit intimus omni creaturae, & intimior quam ipsa sibi aut forma ma-
513 2659 2271 2720 teriae: per circuminsessionem tamen sit intimissimus naturae assumptae, & intimior quam insit alicui naturae per
522 2707 2271 2775 solum illapsum. per intimationem enim circuminsessionis natura assumpta intantum vnitur ineffabilitur &
514 2762 2267 2821 incomprhensibiliter naturae assumentis quod necesse est naturam assumptam amittere proprium esse subsi-
513 2815 2265 2888 stentiae scilicet quod ante assumptionem in ea fuit: vel eo carere si numquam ipsum habuit: & subintrare esse sub-
515 2866 2260 2942 sistentiae naturae ad quam assumitur: vt sit idem suppositum subsistentiae in duplici natura. Vtraque
514 2928 2267 2983 enim illarum naturarum in vnione ipsarum retinet suum, proprium esse essentiae & existentiae. Per illapsum
513 2976 2267 3044 autem deus intimatur omni creaturae naturaliter & modo congruenti naturae ad due. scilicet ad actum na
504 3036 2264 3103 turae primum qui est esse stabiliendum vt persistat: & ad actum naturae secundum qui est operari producen
507 3088 2251 3147 dum vt existat. sine illo enim illapsu non potest creatura in esse persistere, nec propriam operationem
502 3148 2271 3224 clicere: quia per illapsum deus creaturam in esse conseruat: & cooperando omnem suam actionem siue
