2437 3714
533 258 2282 352 & agens: Sic & in angelis. Et sic tanquam per principium primum mouet sicut nos per intellectum: tanquam au-
530 336 2286 398 tem per principium medium per voluntatem, tanquam vero per principium proximum sua vi motiua. Et sic
536 390 2288 467 proximius mouet per voluntatem, quam per intellectum. Ad primum in oppositum, quod formae intellectus
532 456 2290 517 assimilatur actio: Dico quod verum est vt repraesentanti circa quid agendum est, & dictanti modum actio-
534 502 2285 570 nis, vt procedit secunda ratio. Sed non sequitur ex hoc quod de proximo mouet ad actionem, nisi ageret
532 566 2286 625 de necessitate naturae primi mouentis: sicut ageret si intelligendo calefaceret. Nunc autem quando po
532 613 2281 681 nimus quod homo & angelus non agunt necessitate aliqua naturae circa illa quae sunt circa finem vlti-
534 667 2281 734 mum, sed solummodo libertate arbitrii, illud non oportet: immo voluntas liberi arbitrii determinans
524 718 1027 795 agenda immediatius agit.
871 765 2286 838 Irca secundum arguitur: quod duobus instantibus in tempore angeli respondet vnum in
875 833 2287 895 tempore nostro: quia duobus punctis in terminis duarum linearum respondet vnus in
867 884 2286 952 linea ambobus superposita. ltem si non posset eis respondere vnicum, aut hoc est ra-
870 945 2285 1008 tione minoris simplicitatis in vno quam in pluribus: aut quia in pluribus est mora.
865 994 2286 1056 Non ratione primi, quia plura instantia aeque simplicia sunt vt vnum. simplum enim
851 1047 2283 1119 additum simplo nihil auget. Non ratione secundi, quia bene aliqua succedunt sibi si-
520 1108 2284 1168 ne mora vt tempus & instans. Contra. quia si ita esset cum primum instans temporis angeli sit simul cum in
524 1163 2271 1227 stanti nino, tunc plura instantia temporis angeli essent simul inter se. Hic primo oportet videre quale
515 1219 2269 1290 sit tempus angeli in se: & qualiter differat a tempore nostro: quae alias declarauimus: quod videlicet tempus
522 1284 2276 1341 angeli discretum est: sicut & suae actiones siue motiones quarum est mensura, discretae sunt sibi succe
519 1327 2273 1407 dentes absque medio continuante. Sed est aduertendum quod multum refert de actionibus angeli intrinse-
525 1390 2283 1456 cus manentibus: cuiusmodi sunt eius volitiones & intellectiones: & de eius motionibus circa exterio
525 1436 2291 1508 ra corpora: & similiter de mensuris illarum. Primae enim actiones operationes, proprie sunt & actiones parfe
528 1492 2281 1560 cti secundum quod perfectum est, simplices, totae simul existentes, per moram comparatione nni temporis seu per comparationem
521 1554 2281 1616 ad tempus nostrum permanentes: & quaelibet illarum est producta in esse per coexistentiam in vnico instanti npi temporis.
515 1603 2286 1670 Secundae vero actiones mutationes sunt, quibus voluntate sua mouet seipsum quando transfertur de situ in situm: quae
517 1668 2275 1728 sunt actus imperfecti secundum quod imperfectum est. Tertiae autem actiones quas agit circa exteriora vt circa cor-
524 1710 2278 1786 poralia. Et tam actiones de primo genere quam de secundo pro mensura habent tempus discretum, sed modus actionum
516 1765 2279 1833 de primo genere pro mensura habet tempus compositum ex instantibus indiuisibilibus quae sunt tota simul cum discre
519 1825 2273 1891 tis & permanentibus in mora: sicut moram habent & permanentiam ipsae actiones mensuratae & discretionem, non
516 1880 2280 1947 est enim in angelo intellectio aut volitio sine mora: sed immediatam sine mora media habent adinuicem suc-
526 1936 2284 2007 cessionem: quia cum vna intellectio angeli praecesserit per aliquantulum morae nfi temporis, in vltimo instanti illius
523 1974 2281 2054 producitur tota simul alia cogitatio eius: quae similiter durat per moram aliquantulam nri temporis: & sic de caeteris.
522 2037 2280 2111 Sed mora ista tam in actionibus quam in mensuris earum potest esse maior vel minor secundum quod angelus plus vel mi
523 2092 2283 2165 nus voluit se tenere in vnica cogitatione. Et istud tempus est discreta quantitas sicut oro. partes enim ora
516 2144 2279 2215 tionis quae consistunt principaliter in prolatione vocalium cum quibus mixtim sonant consonantes, totae simul sunt
524 2202 2273 2268 sed non subito transeunt sed totae simul manent per aliquantulam moram nfi temporis: vt patet cum dicitur a, ei,
520 2261 2282 2327 o, u, vel pa, pe, pi, po, pu, vel coniungendo haec in dictione & dicendo papa, pape, papi, papo, papu. Et est in
529 2311 2285 2383 stans quod est pars discreta talis temporis angeli indiuisibilis, simul cum aliquantula parte nii temporis: & cum
526 2376 2281 2437 omnibus instantibus quae sunt in illo. Et sic contingit contrarium eius quod quaesitum est in quaestionem scilicet quod vni instanti temporis
527 2420 2278 2486 angeli respondet tempus nim, & plura instantia illius: cum quibus simul coexistit illud instans temporis angeli in
531 2467 2293 2541 mora permanens, in qua tempus nim & instantia eius transeunt. Modus autem actionum quae de secundo genere, pro
527 2528 2290 2591 mensura habet tempus compositum ex instantibus indiuisibilibus quae tota simul sunt & discreta sed transeuntia
534 2591 2287 2650 & sine mora sicut transeunt absque mora & permanentia ipsae mutationes mensuratae. In transitu enim angeli de
533 2636 2291 2710 situ in situm nullam moram intelligo. Et est tempus mensurans istas mutationes angeli subitas quantitas discre
533 2703 2287 2763 ta sicut numerus vnitatum quae simplices sunt. Sed partes eius quae sunt sicut vnitates simplices nullam ha
534 2746 2283 2816 bent permanentiam sed solummodo sunt in transitu: & coexistunt singulae instantibus nri temporis singulis: nec
535 2798 2288 2867 habent continuationem inter se: quia inter quaelibet duo instantia & dictas mutationes necesse est moram po
535 2846 2295 2921 nere angeli in signo ad quod terminatur praecedens mutatio: in quo angelus non mutatur: sed quasi quiescit per ali
532 2910 2288 2976 quam moram & partem nostri temporis. & mensuratur illa quies per accidens per instans vel per instantia intellectionis
546 2961 2291 3025 vel intellectionum quam vel quas interim angelus in se operatur. vna enim mutatio angeli terminata in vnum
539 3014 2282 3080 situm, non potest habere aliam mutationem continuam ab illo situ in alium: quaelibet enim mutationum talium sequitur
536 3067 2283 3137 propriam cognitionem in angelo: quaerum cognitionum quaelibet est morosa vt dictum est. His praelibatis ad id quidquaeritur
535 3119 2284 3195 vtrum duobus nunc existentibus in tempore angeli respondeat vnicum nunc siue instans existens in tempore nio: Dico
533 3175 2286 3254 quod non loquendo de instantibus temporis angeli quod habet esse secundum rem & veritatem extra animam, nisi secundum ima
