2408 3720
116 299 1841 402 re quod intellectus agens ad istum possibilem est respectus lucis connaturalis ad oculum: & respectus formarum ma
123 368 1846 453 terialium ad ipsum scilicet intellectum possibilem, est respectus coloris ad oculum, quemadmodum enim lux connaturalis est
123 424 1844 515 perfectio oculi, sic intellectus agens est perfectio materialis intellectus. ecce actio secunda agentis in possibili. sequitur
127 479 1839 562 Et quemadmodum oculus non mouetur a colore neque recipit ipsum nisi quando lucet, ita iste intellectus non
130 535 1839 617 recipit intellecta quae sunt hic nisi secundum quod perficitur per illum intellectum & illuminatur per ipsum. ecce
126 586 1846 668 actio eius prima circa possibilem. Et quemadmodum lux facit colores in potentia esse in actu ita vt possint
129 643 1845 722 mouere oculum. Ecce primum opus lucis circa colores cum dicit: Facit colores in potentia esse in actum. &
132 694 1848 771 ecce secundum, cum subdit: lta vt possint mouere oculum. sequitur. lta intellectus agens facit intentiones in
134 747 1846 839 potentia intellectas in actu intellectas. ecce primum agentis opus circa phantasmata. & sequitur secundum. lta
138 815 1851 892 quod recipiat eas intellectus materialis. Et esset melius simile de luce connaturali in oculo si sufficeret ad me
129 857 1843 931 dium illuminandum & agendum circa colores: sicut sufficit lux connaturalis in oculo cati, quam sit de luce ex-
137 907 1848 988 teriore in diaphano: quia illa lux exterior magis assimilatur agenti vniuersali separato cuiusmodi est
141 963 1849 1042 lux increata: qua vident etiam iniusti recte operanda & non sine illa: quemadmodum non videmus colores
148 1011 1853 1099 sine adiutorio lucis exterioris. Hoc viso dico: quod cum agens pertineat ad potentiam intellectiuam & est
152 1077 1853 1148 de natura eius, non potest non pertinere ad imaginem. Sed quia secundum determinationem Ausginus imago non com
149 1132 1862 1208 sistit propric in potentiis animae cum sit ipsa substantia eius, nisi vt per actus suos a prima illarum
160 1179 1861 1257 vt a parente habet produci secunda sicut proles: vt a memoria intelligentia, sicut notitia de notitia
155 1242 1856 1315 & ab ambabus tertia vt a duplici notitia amor: videlicet a memoria & intelligentia voluntas: igitur
153 1288 1860 1372 dico quod agens intellectus vt conuertitur ad phantasmata secundum dictas operationes duas circa illa
156 1349 1856 1417 quia non includitur in memoria vt de ipsa & de notitia quae est in ea procedit notitia intelligentiae: neque
156 1397 1867 1468 similiter includitur in ipsa intelligentia nec etiam in ambabus vt ab ipsis procedit voluntas, nequaquam perti
154 1453 1863 1522 net ad imaginem nisi vt praeparatiuum & actiuum circa intelligibilia quae sunt in potentia vniuersalia vt fiant
159 1501 1864 1575 actu vniuersalia & actum possint mouere intellectum possibilem vt informetur notitia simplici rerum sensibi
155 1553 1867 1633 lium a quibus erant phantasiata in vi imaginatiua: & sic vt fiat memoria actualis intelligentiae. omnis enim no
159 1605 1871 1678 titia simpliciter primo generata in intellectu ascribitur memoriae. Eadem enim sunt potentia memoria & intelli
163 1661 1870 1750 gentia: in qua distinguuntur vt diuersae vires. Et dicitur communi nomine intellectus possibilis: qui distin-
173 1715 1874 1799 guitur contra agentem: sed in se continet duas vites. quia memoria dicitur inquantum est susceptibilis no
171 1768 1876 1848 titiae directo aspectu ab intellectibus simplicibus & conseruatiua eius: intelligentia vero dicitur inquantum
167 1826 1877 1895 conuersa super se, vt est memoria informata simplici notitia & susceptiua informationis notitiae decla
165 1875 1875 1948 ratiuae. & ambae tanquam plus conuenientes inter se distinguuntur ab agente vt a tertia vi in potentia intel
164 1929 1886 2004 lectiua distincta contra vtramque illarum. Quia tamen agens intellectus vt conuersus est ad phantasmata di-
168 1976 1895 2057 cto modo praeparatiuus est & actiuus ad informationem memoriae vt foecundetur notitia simplici & pos
167 2046 1885 2109 sit esse parens: ideo quo ad hoc dici debet pertinere ad memoriam vt ad parentem & non ad intelligentiam.
178 2095 1883 2170 Sed quia secundum determinationem Augu. imago non est proprie in potentiis animae, nisi vt suis actibus com
175 2142 1889 2219 uertuntur per cognitionem & amorem ad aeternum & increatum: eo enim anima, imago dei est quo capax dei est
179 2195 1880 2268 vel capax esse potest: ad quod nullo modo potest se conuertere intellectus agens per illas duas operatio
172 2252 1888 2318 nes suas quas habet circa phantasmata: quia aeternum non habet phantasmata: Nullo igitur modo intel-
171 2309 1880 2373 lectus agens, vt consideratur in ordine ad phantasmata. secundum operationes eius circa illa pertinet ad ve-
180 2359 1883 2427 ram rationem imaginis: sicut nec memoria & intelligentia: vt convertuntur ad cognoscendum temporalia
182 2407 1888 2490 & inferiora: & vniuersaliter quaecumque creata per notitiam quae proprie dicitur scientia: sed tantummodo
181 2460 1891 2531 vt conuertuntur ad cognoscendum aeternum & aeternas regulas per notitiam quae proprie dicitur sapien-
179 2522 1882 2585 tia. Si igitur intellectus agens pertineat ad veram rationem imaginis: hoc non potest esse, nisi vt con
182 2579 1889 2640 sideratur in ordine ad intellectum possibilem, secundum alias duas operationes suas praedictas. Et dico:
182 2623 1890 2704 quod ita est. Per hoc enim quod lucet vt pura lux in intellectu possibili, disponit ipsum vt sit receptiuus no
183 2679 1888 2749 titiae de luce increata. Per hoc autem quod in eodem est quasi determinata ipso intelligibili increato, ope
180 2737 1894 2801 ratur vel potius cooperatur vt in intellectu formetur notitia de intelligibili increato. Sed prima ope
184 2791 1893 2853 ratione, primo disponit intellectum possibilem: vt sit receptiuus notitiae simpliciter secundum rectum
188 2836 1900 2911 aspectum: & sic sub ratione memoriae. Et secundo disponit intellectum possibilem, vt sit receptiuus no
193 2903 1900 2960 titiae declaratiuae: secundum quod respicit memoriam informatam notitia simplici, aspectum conuerso: & sic
189 2953 1902 3013 sub ratione intelligentiae. Similiter secunda operatione primo disponit memoriam: vt in ea de intel-
193 2997 1905 3073 ligibili increato, formetur notitia simplex. Secundo vero: vt de notitia illa simplici existente in me
194 3060 1903 3122 moria: formetur notitia declaratiua in intelligentia. & hoc secundum modum quo notitia simplex
191 3107 1909 3173 & declaratiua siue verbum de deo, habent formari: prout alibi declarauimus. Et secundum hoc
185 3171 1905 3255 dico: quod intellectus agens secundum dictas duas operationes, communiter pertinet & ad memoriam &
