2443 3748
160 338 1935 415 nunc. bonum conueniens appetenti & fini, est bonum quod decet & iustum est appetitum rationalem desiderare. Il-
165 405 1937 471 lud autem bonum conmodum in generali nuilus potest non appetere. dicente Anseliu. Nullus vult nisi quid ali
169 463 1933 528 quo modo putat sibi commodum. Hoc enim modo omnes bene esse sibi volunt. & in fine de concordia dicit:
168 524 1940 575 quod conmoda non velle nequit. Et commodum sic in generali appetere, est btintudinem in generali appetere, & veram btin-
163 571 1942 633 tudinem quae deus est: quia nihil aliorum appetitur, nisi sub ratione boni: quae non est nisi aliqua effigies veri & puri boni
170 622 1940 686 quod est in deo. dicente Augustinus libro ii. Confess. Fornicatur anima, cum auertitur abs te, & quaerit non apud te quae pu
161 676 1933 737 ra & liquida non inuenit nisi in te, cum redit ad te. Idem de verbis. Apostoli. Omnia in omnibus erit.
180 725 1939 788 Quid est omnia: quicquid hic quaerebas, quicquid pro magno habebas, quicquid hic amabas, quicquid hic
171 784 1936 851 volebas: ipse tibi erit. Verum est. sed sub eminentiore ratione boni, quam hic. Tale ergo commodum in generali
158 835 1932 897 appetere, est quoquo modo beatitudinem appetere. dicente Augustinus xiii. de Trini. ca. iii. in fine. Ac si dixisset
163 894 1926 953 omnes beati esse vultis: miseri esse non vultis: dixisset aliquid quod nuilus in sua voluntate non
157 948 1927 1010 agnosceret. quicquid enim aliud quisquam latenter velit, ab hac voluntate quae omnibus satis nota est non
159 997 1933 1063 recedit. In speciali autem praeter conmodum & conueniens quid est finis: vt deus clare visus: quidcumque conmodum
160 1052 1932 1120 pont non appeti. Sub conuenienti autem in generali comprehendendo omne conveniens praeter conveniens iustum
158 1103 1937 1164 vt appellando illud conueniens in generali nomine commodi, omne appetibile in duo diuiditur. dicen-
157 1157 1934 1223 te Anselu. de concor. gratiae & libo arbi. cap. xii. Nihil vult voluntas: nisi aut commoditatem aut recti-
162 1212 1932 1274 tudinem. Quicquid enim aliud vult, aut propter conmoditatem, aut propter rectitudinem vult: & ad
164 1260 1938 1326 has etiam si fallitur, putat se referre quod vult. Per affectionem, nm quae est ad volendum conmoditatem, sem
165 1327 1935 1388 per vult homo beatitudinem. Per affectionem vero, quae est ad volendum rectitudinem, vult rectitudinem: & re
158 1377 1937 1444 ctus. i. iustus esse. Propter conmodum autem vult aliquid: vt cum vult arare vel laborare vt habeat vnde tu
162 1428 1938 1490 eatur vitam & salutem: quae iudicat esse commoda. Propter vero rectitudinem vult cum vult cum labore di
160 1481 1932 1542 scere vt sciat recteid est iuste viuere. DIco igitur: quod sicut respectu visus illud est per se & primum obiectum
165 1535 1931 1595 visus quod per se & primo visibile est, vt lux: quia in huiusmodi virtute caetera sunt visibilia: sicut colores
161 1586 1936 1649 sic respectu voluntatis illud est per se & primum obiectum voluntatis, quod per se & primo est volibile, & in
162 1646 1937 1710 cuius virtute vult voluntas quaecunque alia sunt ei volibilia. Tale autem est bonum non conueniens ad finem
155 1688 1938 1761 sed bonum simpliciter: quid est beatificans bonum & habet rationem finis. In illo enim est perfecta ratio commo
166 1753 1929 1816 di & omnis boni alterius: & hoc est bonum conmodum in quo est beatitudo. & hoc vel sicut in quodam vni
167 1807 1933 1869 uersali seu generali bono: vel sicut in quodam singulari quod est ipse deus. In virtute enim talis boni bonum conue
157 1853 1938 1921 niens, simplicite. scilicet. secundum regulam iustitiae: & similiter bonum conueniens carni contra regulam iusti-
156 1922 1935 1983 tiae appetitur. Neutrum. n. horum in particulari: vt scilicet habet rationem conuenientis ad finem existens, quod pro
162 1962 1941 2031 prie nominatur conueniens, appetitur nisi per resplendentiam aliquam boni simpliciter in illo quod quaerit
162 2028 1941 2085 in illo: vbi tamen illud quaerere non deberet. Et ideo dico: quod bonum illud singulare quod est respectu volunta
163 2069 1942 2135 tis est bonum simpliciter secundo modo dictum: & hoc quia sub ratione illius omne aliud bonum appe
159 2133 1933 2182 titur: siue sub ratione commodi: siue sub ratione conuenientis appetatur. De quo dicit Augustinus viii. de Trini. ca.
165 2176 1942 2238 x. Non amas certe nisibonum: bonum hoc, bonum illud. Vide bonum si potest: ita deum videbis non alio
164 2228 1941 2286 bono bonum: sed bonum omnis boni. Et contra istud bonum conmodum proprie distinguitur bonum conueniens
168 2284 1940 2347 quod est vere conveniens: & ad hunc vt ad finem ordinatur. & hoc est bonum simpliciter, quid per se & primum est
166 2333 1930 2399 obiectum voluntatis: quia hoc est bonum quod non secundum aliud a voluntate iudicatur bonum:
161 2391 1933 2452 sed potius secundum hoc iudicatur bonum quidcumque aliud bonum, secundum quod sequitur ibidem. Neque enim dicere
166 2454 1938 2509 mus aliud alio melius cum vere iudicamus, nisi nobis esset impressa notio ipsius boni: secundum quam & ap-
171 2504 1939 2568 probamus aliquid: & aliud alii praeponimus. Sed philosophi non ponentes ipsum deum bonum beatificans posuerunt bo
162 2549 1941 2616 num simpliciter primo modo esse per se & primum obiectum appetitus, siue esset naturalis absque cognitione, si
166 2601 1943 2673 ue brutalis siue rationalis. Obiectum etiam appetitus rationalis, qui est voluntas, primum & per se posuerunt
162 2656 1943 2718 bonum conmodum quod est commune quid per praedicationem & bonum simpliciter respectu talis appetitus sicut di-
168 2715 1938 2777 ctum est. Hinc dicit Philosophus, loquens de motiuo appetitus cognitiui. iii. de Aima. Hoc autem est quod est bo
162 2760 1939 2824 num aut quod videtur esse bonum: quae ambo continentur sub nomine commodi inquantum nominat conueniens genera-
167 2818 1946 2885 liter dictum: sub quo etiam bonum continetur quod est finis sub ratione singularis etiam bonum conueniens. Quid tamen
170 2871 1940 2940 distinguitur vt simpliciter bonum contra bonum conueniens quod est ad finem: quid solum proprie dici
174 2923 1944 2984 tus conueniens & nequaquam per se & primum obiectum voluntatis: secundum quod procedit vltima ratio: quae secun-
171 2978 1936 3037 dum hoc concedenda est. Si enim bonum conueniens, proprie dictum est quod non appetitur nisi in ordine ad aliud: &
169 3035 1939 3101 ratio primi appetibilis continetur in quolibet alio: Deus ergo in ordine ad aliud diligeretur: quid falsum
172 3094 1940 3158 est. AD primum in oppositum quod simpliciter bonum non habet rationem finis aut appetibilis: dico quod verum est opera-
173 3142 1941 3202 bilis a nobis: de quo solummodo loquitur Philosophus: non appellando beatitudinem nisi bonum operabile a nobis in
176 3195 1939 3281 vita ista. Hoc tamen bonum habet rationem appetibilis nobis per gratiam donabilis: de quo Philosophus nihil sentiebat:
