2400 3760
151 241 1956 328 tia dicitur actus esse virtutis simpliciter. Quarto dicitur bonum ex circunstantia agentis quam habetur a natura, & ta
160 314 1953 380 lis est quaelibet actio moralis: & ab illo de moralis, & in ipso consistit ratio virtutis moralis vt moralis est.
158 373 1940 428 & potest dici hoc bonum: bonum ex libero arbitrio. Quito diei bonum ex circunstantia agentis quam habet ex gera
165 423 1940 490 & talis est quaelibet actio gratuita: & illa dicitur gratuita: & in ipsa consistit ratio virtutis gratuitae. Est autem
163 479 1943 546 aduertendum quod circa talem actum operatur fides habita ex gera dupliciter: Vno modo determinando circunstantiam
156 532 1943 590 ex parte finis inquantum sides, vt est fides simpliciter, determinat actionem omnem bonam debere fieri propter deum:
168 579 1937 643 vt est reparator & remunerator, & propter beatitudinem increatam quae ipse est. Alio modo cooperando libero
157 638 1944 700 arbitrio in eliciendo actionem moralem: vt ex debito amore finis eliciatur: quid facit forma fidei quae charitas est
164 690 1928 748 in qua consistit radix. & ideo potest bonum hoc dici bonum ex merito. Sic ergo simpliciter dico quod actio quae est vo
157 744 1926 802 litio moralis, speciem moris & bonitatem atque rationem virtutis moralis habet non ab obiecto: nec vt est prin-
169 798 1935 868 cipium operationis sicut finis in intellectu practico: neque vt est principium eius a voluntate & operationem suam
153 857 1926 917 adeptum: sed potius ab agentis libero arbitrio: secundum modum iam dictum. Quia ergo arguitur primo in contrarium
168 902 1932 973 quod ab obiecti entitate habet actus entitatem &c. dico quod aliquid habet speciem suam ab alio tripliciter. Vno modo vt
159 964 1935 1029 a fine ad quem est. Alio modo vt a forma exemplari secundum quam est. Tertio modo vt ab efficiente a quo est. Pri
159 1006 1934 1077 mo modo domus speciem siue formam suam habet a fine quae est inhabitatio eius. Sic enim debet formari vt sit
155 1064 1935 1127 apta ad ihabitandum. Per hunc. nm modum finis determinat sibi formam in illo quod est ad finem. Et secundum hunc
157 1118 1933 1185 modum bene potest concedi quod omnis actio etiam moralis formam suae entitatis & bonitatis cuiuslibet habet ab
159 1183 1943 1241 obiecto tanquam a fine ad quem est: & sic a fine vt debet esse terminus actionis. debet enim formari actionis spe
156 1231 1942 1286 cies modo quo per ipsam convenientius finis possit attigi. Secundo modo domus speciem siue formam suam habet a for
158 1282 1940 1343 ma domus in mente artificis dirigente operantem. & hoc modo a fine concepto cum aliis circunstantiis ex parte sub
157 1335 1939 1396 iecti & modo deueniendi per actionem in finem, habet speciem omnis actio etiam moralis entitatis & bonitatis suae cu
162 1391 1935 1448 iuslibet ab obiecto: vt per suam speciem existens in mente est principium actionis. Tertio modo domus suam speciem
153 1445 1931 1512 & formam ha ab aedificatore imprimente eam lignis & lapidibus per eorum situm varium & ordinem. & hoc modo etiam
158 1495 1931 1557 quaelibet actio etiam moralis entitatem & speciem omnis bonitati suae ha ab agente eam: & est agens ille voluntas ex so
152 1550 1934 1610 lo libero arbitrio. Sed vt actio moralis etiam sit gratuita & meritoria vitae aeternae, eget fide operante per di-
159 1606 1938 1666 lectionem vt dictum est. Sed de modo isto habendi speciem ha quaestio difficultatem suam: propter quam vt existimo fuit pro
159 1658 1941 1727 posita. Dicunt enim aliqui quod in intellectualibus semper actio voluntatis sequitur formam intellectus tanquam agentis pro
159 1712 1930 1772 ximi & per se, secundum quod tactum est supra in prima quaestione de angelis. Quod nequaquam verum est. Non nm forma
161 1771 1929 1833 actionis voluntatis sequitur formam intellectus: sicut causam per se & propter quam sic. Si tamen eam sequatur voluntas
158 1818 1938 1887 in sua actione, hoc non est nisi sicut causam fine quam non: sicut saepius declarauimus alibi: & etiam declarabitur
156 1880 1938 1945 adhuc in sequenti quaestione. lta etiam quod voluntas agens moraliter bene potest agere libero arbitrio contra for
157 1921 1937 1997 mam rationis: licet secus sit de voluntate agente artificialiter in artificialibus. Licet enim in agibilibus & morali
161 1982 1936 2045 bus a forma rationis nequaquam dicenda sit voluntas aut actio eius habere formam & speciem bonitatis moralis
158 2034 1944 2099 vt ab illa voluntas dicatur bona bonitate morali, aut eius actio: neque ipse agens talem actionem tali voluntate di
156 2092 1936 2150 catur ab illa bonus moralis: in factibilibus tamen & artificialibus a forma rationis dicitur voluntas & actio eius ha-
149 2137 1940 2199 bere formam & speciem bonitatis: vt ab illa dicatur voluntas bona bonitate artis: & agens per voluntatem bonus ar
156 2200 1934 2262 tifex: & similiter actio bona & artificialis. Ad cuius pleniorem intellectum est sciendum: quod secundum Aui. vi. Meta-
168 2246 1934 2318 physicae finis qui acquiritur ex actione agentis in artificialibus duplex est. vnus qui est forma in patiente susceptibi
157 2302 1934 2366 li actionis: & alter qui non est forma in susceptibili: sed est intentio quaedam in cognitione agentis. Exemplum primi est
161 2355 1932 2425 sicut forma domus in materia domus, quae est finis agentis ad quem peruenit eius actio & eius motus: & est finis
161 2409 1932 2478 agentis propinquus contingens motum materiae. Exemplum secundi est sicut habitatio quae est principium mouens ad
166 2465 1935 2530 essendum domum siue ad hoc vt sit domus: & nullo modo est forma domus: sed est finis remotus ipsius artifi
161 2520 1938 2588 cis agentis domum, licet sit finis propinquus volentis inhabitare domum, cuius econverso finis remotus est forma
159 2581 1941 2637 domus in materia, intantum quod ille cuius non est finis forma in materia, non sit principium propinquum motui in
170 2622 1935 2692 quantum sic est. Quia si ille idem cuius finis est forma in materia sit ille cuius finis est forma non in materia, hoc
166 2674 1935 2738 est per accramens. sicut cum aliquis fabricat domum vt inhabitet in ea. tunc enim inquisitio hintationis inducit ad fabri-
165 2738 1936 2801 candum eam: et est causa prima fabricandi inquantum est fabricator: & est causatum inquantum est inha
163 2781 1930 2846 bitator: vt secundum hoc proprie loquendo alius est finis eius inquantum est fabricator scilicet forma domus, etu alius
167 2831 1933 2904 inquantum est inhitator scilicet inhabitatio domus. De fine autem quod est forma in materia, est aduertendum similiter
172 2899 1938 2961 quod secundum Auicennam ibidem: ipse comperationem habet ad multa, quae praecedunt eum secundum eius acquisitionem
164 2953 1938 3013 in effectu, et in esse: primo ad agentis: secundo ad recipiens, cum ipsum est in potentia: Tertio ad id vt
170 2999 1944 3067 iam est in effectu recipiens: Quarto ad motum. Et respectu agentis consideratus est finis: respectu motus est ter
164 3065 1941 3128 minus, respectu vero recipientis vt est in potentia est bonum eius, et perfectio: malum autem est priuatio
158 3120 1947 3194 illi oppositum. respectu vero eius, vt est iam in effectu, est forma. Quia igitur talis forma, vt est in co
