2436 3727
497 279 2303 350 gnitione existens, est finis respectu agentis, mouens ipsum ad actionem, qua inducitur in materia, & dirigens ip
495 332 2299 397 sum in eadem: ita quod nihil aliud requiritur ad bonitatem actionis artificialis, & per hoc neque ad bonitatem artifi
510 387 2301 445 cis, vt artifex est, quam vt secundum formam illam existentem in cognitione producatur forma consilis in materia. Idcir
508 439 2303 498 co simpliciter dicendum est, & confitendum, quod forma actionis, quae est factio, & bonitas eius: & per con-
508 491 2288 560 sequens bonitas artificis, secundum quod est artifex, & similiter artificiati, secundum quod artificiatum est, sit a forma ratio-
510 551 2305 613 nis & intellectus, & ab illa habet formam, & speciem: ita etiam quod si agens artificiale non posset aliter agere produ
510 600 2287 658 cendo formam in materia, quam secundum formam rationis, sed naturali necessitate produceret secundum illam, quemadmo
508 656 2292 721 dum philosophi posuerunt deum producere necessatio, & naturaliter mundum sm formam mentis suae: tamen actio procedens se-
510 709 2289 765 cundum formam illam, inquantum huiusmodi, diceretur actio artificialis bona: & per consequens artifex bonus, & artificiatum
503 765 2292 821 bonum, quod nm artifex potest aliter agere, quam secundum formam rationis, hoc non conuenit ei inquantum est artifex: sed
505 817 2289 884 inquantum est agens libero arbitrio, per quid potest esse negligens, aut maliuolus: & ideo non agere secundum formam
508 877 2281 937 artis & rationis. Ad bonitatem autem actionis moralis non sufficit forma rationis nisi procedat liberum arbitrium se
507 928 2278 992 cundum iam expositum modum. lon forma agibilis, siue moralis actionis in ratione existens nequaquam dicenda est da-
505 980 2284 1043 re formam & speciem actioni morali, vt ab illa dicatur bona moraliter, aut agens bonus: sicut dictum est de for
505 1031 2289 1091 ma artis. lta quod habens formam agibilis, siue actionis moralis in rationem rectam, quam actu considerat, si aliter
501 1091 2280 1155 agat quam secundum formam rationis, hoc non est inquantum prudens est, & moralis, nec inquantum est liberi arbitrii
505 1144 2282 1209 nec quia negligens: sed solum inquantum in libero arbitrio voluntatis est malitia ad agendum contrarium: vt per illam
506 1197 2281 1260 sciens, & prudens, & potens non peccare, peccet nolens agere secundum formam prudentiae in ratione. Habens autem for
500 1248 2288 1303 mam factibilis in ratione rectam, quam actu considerat, quod aliter agat, quam secundum formam artis, hoc non est nisi in-
510 1303 2285 1368 quantum artifex, nec inquantum malitiam habens in libero arbitrio. Sed quandoque potest hoc contingere quia negligens est.
511 1362 2289 1429 propter quid philosophus. vi. Ethi. assignans differentiam inter artem, & prudentiam dicit, quod artis est virtus, prudentiae
505 1411 2285 1476 vero non est. vbi dicit alia translatio. Ars indiget virtute, prudentia autem ipsa est virtus. quasi dicat, quod artifex
510 1465 2287 1537 peccat agendo contra regulam artis in ratione, hoc non prouenit ex defectu artis aut artificis, inquantum arti-
505 1521 2285 1575 fex est, aut etiam malitiae eius, sed quondoque ex negligentia absque malitia, propter quod indiget virtute morali in
505 1573 2289 1630 stigante ipsum ne negligat agere, & secundum rationem agere. Quia autem prudens considerans peccat, non est propter ali
501 1628 2283 1691 quid talium, sed solummo propter suam malitiam: & ideo non indiget virtute morali, ne negligat: quia contra hoc
494 1681 2278 1748 sufficit sibi prudentia actualis. Et ne dicatur quod agens potest agere voluntarie, & ex malitia contra regulas ar
497 1732 2276 1796 tis, sicut contra regielas prudentiae, continuo addit in hoc secundam differentiam dicens. Et arte quidem volens peccans
507 1787 2284 1843 eligibilior, circa prudentiam autem minus. q. d. Em Commnen, si pictor, vel statuifex, vel aedificator directus existens
507 1839 2284 1911 contra, propriam artem peccat volens, & inartificiose, vel male propriam operationem operatur, contemptiue ipsam partransiens
501 1892 2292 1962 propter mercedis forte priuationem, vel aliquid tale, eligibilior erit eo, qui propter inartificiositatem, & ignoran
510 1951 2278 2007 tiam arti inuoluntarie non attingit. Econtra autem si prudens directiuus existens operabilium contra, propriam prudentiam pec
507 2002 2284 2063 cat volens, & imprudenter, vel male propriam operationem operetur: propter concupiscentiam forte vel aliquid tale ineligibilior
508 2051 2278 2122 erit: immo etiam inculpabilior eo, qui propter imprudentiam inuoluntarie non attingit, quod non contingit in secunda dicta
510 2108 2283 2162 rum differentiarum, nisi quia bonitas artificis inquantum artifex est, respectu sui operis nequaquam dependet ex libe-
507 2158 2282 2223 ro arbitrio: sicut dependet bonitas prudentis, inquantum prudens est, respectu sui operis. Ex prima autem illarum dif
500 2218 2280 2287 ferentiarum etiam claret quod sciens & prudens potest peccare per malitiam, sicut & artifex per solam negligentiam. In quo
501 2273 2271 2327 clare videtur velle, quod malitia potest generari in voluntate absque errore praecedente in ratione, cui multi contrarian
508 2320 2276 2383 tur, intendentes tamen sequi philosopum. Patet etiam, quod prudens propter malitiam, quae potest esse in voluntate ad bene exequendum
508 2381 2284 2430 opus, potius indiget virtute, quam artifex, licet artifex magis indigeat virtute, ne negligat, quam prudens. Ratio
500 2426 2276 2502 in oppositum, quod actio non habet rationem laudabilis, nisi a libero arbitrio, ergo nec bonitati, aut virtutl, licet
510 2486 2281 2546 concedi possit loquendo proprie de virtute scilicet vt est moralis: quia tamen (ut patet ex praedictis) actio habet rationem
511 2539 2273 2597 virtutl simpliciter, hoc potius habet ex circunstantia finis, quam liberi arbitrii. Quia autem sit laudabilis, non habet ni
500 2589 2273 2663 si ex libero arbitrio. In eis. n quae naturaliter in nobis contingunt, neque laudamur, neque vituparamur. sm philosopum. ii.
500 2647 1999 2715 Ethi. Et sic quoquo modo ab alio habet, quod sit actio virtuosa, & ab alio quod sit laudabilis.
808 2700 2282 2755 Irca quartum arguitur, scilicet quod ad eliciendum actum voluntatis non sufficit sola ostensio ob-
818 2755 2275 2811 iecti, sa cum hoc requiritur aliquid aliud voluntati impressum: quia vt videtur simile est de actu intellectus
816 2811 2283 2876 & actu voluntatis. Ad actum intellectus non sufficit sola praesentia obiecti in lumine intelle
808 2867 2278 2933 ctus agentis: sed cum hoc requiritur species impressa intellectui possibili ab agente & obiecto.
817 2921 2276 2986 ergo &c. ltem nihil indeterminatum exit in actum, nisi per aliquam determinationem, quia ali
817 2973 2271 3035 ter non potius exiret quam non exiret voluntas ex se omnino indeterminata ad actum volitionis.
819 3027 2266 3087 ergo &c. ltem idem inconueniens est aliquid moueri a seipso primo secundum totum, & sm idem. sic
493 3078 2271 3141 scilicet vt vnum & idem secundum rem, secundum vnam rationem moueat se, & secundum aliam moueatur: quia tunc sum idem re: idem
492 3131 2267 3215 moueret se, & moueretur a se, & sic secundum se totum primo. quare cum illud sit impossibile: quia nihil seipso
