2391 3732
182 334 1897 405 accidentali supeaddita, vel superaddenda ipsi voluntati, quia talis re differt ab ea. sed nequaquam crea-
188 395 1909 455 ri posset in esse secundum rem sine habilitate naturali ad actum volendi. quia talis habilitas est de ratione ip
190 451 1896 516 sius potentiae volitiuae, non accidens additum ei. Vnde nec potest esse sine tali habilitate: cum potentia sit realitur
192 507 1902 572 talis habilitas ad actum. Vnde & de tali habilitate naturali loquens Anselius in de concor. gratiae & li-
193 554 1895 615 beri arbitrii, sub nomine affectionis commodi, dicit quod illa est inseparabilis, quod nequaquam verum esset, si ta-
197 606 1897 673 lis habilitas re differret ab ipsa potentia, quia de affectione iusti, quae re differt, dicit, quod est separabilis. De
186 666 1898 736 angelo autem sic creato cum sola tali habilitate naturali nequaquam verum est, quod non possit exire in actum volem
192 718 1902 782 di, nec per consequens, quod non possit peccare. Immo hac sua naturali habilitate pont velle conmodum, & hoc
191 778 1891 837 vel temperate, & tunc bene, vel excessiue, aut remisse, & tunc peccaret. & hoc necesse est ponere, ni
188 823 1894 894 si ponatur quod talis voluntas non est liberi arbitrii sed naturaliter vult quod vult seu quod pont velle. Et quod dicit
190 884 1892 959 Anseicea quod voluntas non potest velle sine suis affectionibus: Dico quod nomine affectionis generaliter dictae con
192 942 1898 999 prehenditur habilitas naturalis, qua voluntas vult, cum dicitur affectione velle. lterum propter secundo dictum
195 998 1903 1059 et tertio, sciendum, quod si ponamus angelum factum a deo cum potentia volitiua, & affectione volendi
193 1041 1903 1109 solum commodum, & hoc naturaliter non per liberum arbitrium: secundum quod de angelo videtur loqui Anselu. de casu
188 1105 1901 1168 diaboli. ca. xiii, per totum, aut etiam factum cum volitiua potentia, & affectione volendi solum conmodum
200 1161 1915 1226 conueniens: & hoc similitur naturaliter, non per liberum arbitrium, secundum quod de angelo videtur loqui Anseli.a
193 1209 1908 1279 eodem libro ca. xiiii. in principio: de angelo, inquam, sic posito, immo ficto, verum est quod non posset peccare: se-
192 1265 1905 1336 cundum quod videtur velle Ansel. Et dico videtur: quia talis angelus non posset esse in rerum natura crea
194 1312 1905 1390 tus, nec Anselmus ponit quod ita posset esse. Et quod talis angelus non posset in rerum natura esse crea-
193 1374 1905 1442 tus, patet. quod de ratione volitiuae potentiae angeli, vel hominis respectu eorum quae sunt ad finem, est, quod sit
192 1419 1902 1483 liberi arbitrii: in quo necessario est naturalis habilitas ad volendum iustum, & qua potest velle iu
187 1477 1902 1553 stum volendo quod conuenit velle, & sicut conuenit. Cum qua tamen habilitate positiua est defectibilitas
189 1535 1902 1603 annexa, qua potest excedere, si velit, ac per hoc non potest esse talis in rerum natura, quin possit sic pec
191 1585 1895 1650 care. Tali autem voluntate cum tali habilitate creata si addatur habilitas accidentalis iustitiae, vel politicae,
187 1639 1898 1701 vel gratuitae, per illas vt per affectiones accidentales expeditius potest exire in actus iustitiae, sed meri
193 1692 1902 1767 torie solum per affectionem iustitiae gratuitae. Istis tamen affectionibus semper in voluntate est po-
182 1750 1897 1806 tentia defectibilitatis coniuncta, qua potest in contrarium. Sed in his dictis Anseius est eius intentio, quod an
186 1796 1897 1864 geli & hominis voluntatia deo datum est, vt possit se determinare ad sequendum inclinationem iustitiae, vel
182 1856 1886 1915 contrarium agendum. Quod ergo in argumento dicitur, quod indeterminatum non exit in actum, nisi per determi
187 1916 1889 1982 nationem factam in ipso: dico quod hoc non est verum, nisi de indeterminato, quod non habet vim seipsum de
185 1968 1902 2037 terminandi. Reseruata autem hac vi determinandi seipsam in voluntate in quame consistit libertas arbitrii, non
182 2015 1908 2082 multum curamus si ponatur prima determinatione determinari & tertia facta in seipsa secundum aliquem
177 2073 1898 2132 influxum ab intellectu & ab obiecto cognito, aut impetu, aut affectione quacunque: quia nullum tale influxum
179 2131 1901 2196 poterit esse cam, propter quam secundum secundam determinationem velit, vel non velit, vel nolit ipsa voluntas, sed
183 2180 1887 2246 solummodo cauam sine quae non, quia semper manet indeterminata a determinatione secunda, nisi a se determinetur
170 2224 1890 2300 licet determinatione prima determinetur in se secundum. obiectum cognitum, & similiter tertia, vt scilicet non po-
177 2282 1883 2345 terit velle omnino, nisi ad volibile determinetur, nec velle determinate hoc, vel illud, nisi ad volibile
167 2331 1888 2398 hoc vel illud determinetur. Sicut nec sensus, nisi determinetur a sensibili, potest omnino sentire: nec sentire hoc
175 2392 1886 2453 nisi determinetur ab hoc sensibili. Et similiter est de intellectu respectu intelligibilis: ita quod non possit voluntas vel
164 2437 1883 2511 le aliquid nisi cognitum ad quid determinatur, ita tamen quod si non nisi vnum sit cognitum, quo determinetur, non possit
164 2499 1888 2573 aliud velle cum effectum: possit tamen hoc velle, vel nolle, vel non velle, & imparare intellectui, quod consideret am
167 2554 1886 2615 plius. Si vero plura praesententur, quae sunt ad finem, poterit liberum arbitrium quidcumque ex illis, siue sub ratione
172 2611 1889 2678 minoris, siue sub ratione maioris boni praesentetur, velle aliis omissis, vel nolle alio electo, vel nullum illorum
171 2658 1894 2720 velle in hoc stando: & etiam intellectui praecipere, vt amplius consideret. Vnde si in hoc staremus solum, nega
165 2712 1889 2786 remus aliquid agere ab extra actum volitionis in voluntate immediate, vel modo congruenti naturae suae, quemad
163 2772 1902 2845 modum sol agit in diaphano actum illuminationis, vel modo non congruenti naturae suae, quemadmodum lapis proii
168 2822 1890 2895 citur sursum, aut mediate agendo in ipsa disponnem, quae esset necessario causatiua volitionis, sicut quaelitates pri
159 2871 1882 2939 mae calidum & frigidum generatae sunt secundarum causatiuae, vt albi, vel nigri. AD tertium dicendum contra idem men
164 2927 1879 3007 brum, quod idem inconueniens est &c. Dico quod propter fugam huius rationis, & inconueniens quod videtur concludere, di-
168 2981 1887 3048 cunt aliqui, quod voluntas non mouet se ad actum volendi, nisi mota ab appetibili cognito, & hoc non metapho
160 3039 1890 3102 rice, sed vere. Dicit enim philosophus in iii. de anima sic. Res per quas sit motus, tres sunt. Vnum quidem mouens, immobil scilicet
159 3093 1889 3165 secundum autem, quo mouet scilicet mouens motum: tertium quid mouetur. vbi continuo reducit ipsum quo
158 3149 1894 3216 mouet ad ipsum mouens diuidendo illud in duo subdens. At mouens duplicitur. Aliud quidem immobile, aliquae
158 3194 1888 3256 autem mouens, & quid mouetur. Est autem immobile actuale bonum, mouens autem & quod mouetur appetitiuum est.
146 3241 1889 3345 Mouet enim quod appetitur, & appetitus motus est. Quod autem mouetur: scilicet ab appe-
