2485 3718
511 213 2324 316 luntas eliciens actum volitionis vt elicitiua vel potius in virtute illius agat vt temperatem & modo
526 314 2317 375 congruenti illum eliciat resecando per hoc excessum cum possit excedere: & consimiliter (licet Ansel, non
529 359 2314 427 dicat) resecando seu potius supplendo defectum eum possit deficere. Et ratione huius temperamenti quod agit
531 413 2319 487 voluntas in virtute affectionis circa actum quem elicit, dicitur etiam affectio ipsa actum elicere: vt ratio eli-
535 470 2318 533 citiua eius: licet nequaquam sit ratio elicitiua eius quo ad substantiam actus. & secundum hoc dicit Anfelu. in
531 524 2314 581 fine de concor. quod non inconuenienter dicitur quod voluntas vult: & quod affectio vult: quamuis improprie hoc dicatur
532 586 2309 648 nihil enim, proprie vult: nisi habens voluntatem. Minus etiam improprie dicitur voluntas velle quam affectio, eo quod
535 632 2318 701 in ipsa affectione non est actio volitionis sicut est in voluntate: sed hoc non secundum rationem illam qua
540 685 2324 756 est elicitiua: immo solummo secundum rationem illam qua de ipsa habet elici: & est eius receptiua. vt secundum
540 741 2315 808 hoc minus, proprie dicatur voluntas velle secundum rationem illam qua elicit actum volitionis quam secundum illam
543 792 2322 861 qua ipsum recipit. Et propter idem etiam habens voluntatem magis, proprie dicitur velle voluntate quam affectione: &
535 841 2312 898 similiter magis, proprie dicitur velle voluntate secundum rationem qua recipit in se actum volitionis quam secundum ra-
542 897 2321 972 tionem illam qua eum elicit: & hoc loquendo de praedicatione formali. forma enim qua volens vult non est nisi
548 951 2318 1011 ipsa volitio. Loquendo autem de praedicatione effectiua sic considerando substantiam actionis volens solummodo
538 1003 2317 1063 dicendus est velle voluntate: vt est ratio elicitiua: nequaquam vt est ratio receptiua: similiter nec ipsa af-
539 1050 2316 1119 fectio, eo quod non est ratio elicitiua. vt dictum est. Considerando autem formam & modum actionis elicitae, sic
548 1111 2314 1188 secundum formam quae est ex parte obiecti magis, proprie dicitur volens velle affectione quam voluntate. Et similiter ap
540 1163 2317 1240 fectio praedicatione effectiua magis, proprie dicitur velle quam ipsa voluntas: eo: quod forma illa actus magis &
544 1226 2314 1292 principalius procedit ex affectione quam ex voluntate. Vnde aspiciendo ad talem formam actus dicit Augustinus quod
538 1278 2317 1340 charitas se habet ad liberum arbitrium vt sessor ad equum. charitas enim quasi freno retrahit liberum arbitrium
543 1324 2319 1386 ne excedat in actum eliciendo: & quasi calcaribus vrget liberum arbitrium: & stimulat ne deficiat, aut immisse agat
537 1376 2320 1452 sed vt agat ad finem adipiscendum, sicut conuenit & congruit: quemadmodum equus currit sicut convenit &
541 1439 2322 1495 eongruit quando decenter: & pacifice ambulat. & propter hoc omnia opera meritoria potius attribuuntur charita
553 1491 2321 1566 ti: quam libero arbitrio: & in agendo, & in eliciendo, & quibuscumque aliis modis: Sicut autem voluntas in virtute
551 1536 2324 1616 affectionis agit, sic calor in virtute alicuius formae substantialis secundum iam dictum modum: & econtra
548 1596 2318 1660 quemadmodum calor agens ex se vt ratio elicitiua calefactionis cum est informatus aliqua virtute naturali
541 1651 2313 1711 defectiua ab esse alicuius formae substantialis, in virtute illius agit sub contraria forma & modo: vt calor pu
547 1703 2317 1777 trefactus in materia cuius naturalis dispositio secundum formam substantialem corrupta est: non agitnise
551 1752 2314 1819 vt ratio elicitiua calefactionis: secundum quam quod putrefit hent deuenire ad completam puluerisationem scilicet disgre-
553 1810 2319 1871 gando & dissipando per hunidi exhalationem ea quae prius in mixto constabant congregata per generationem: consimimiliter
552 1869 2318 1942 & voluntas agens vt ratio elicitiua actus ex se cum est informata affectione aliqua defectiua in vi illius agit
545 1918 2309 1984 actum volitionis excessiue vel remisse: & per hoc affectio iniusti est intemperamentum quoddam in voluntate vt actus
550 1967 2316 2035 electus a voluntate absque medio& temperamento elicitur. Sic ergo patet quomodo voluntas in eliciendo actum volitionis
546 2015 2314 2095 sub forma accepta in actu ex ratione obiecti operatur sicut instrumentum affectionum iusti. vel iniusti ineliciendo
551 2080 2317 2136 autem actum sub forma accepta ab eliciente, nequaquam opera voluntatis inducendo talem formam in ipso actu sit in-
550 2124 2324 2188 strumentum affectionum: sed potius econuerso affectiones agunt ad illam formam: vt instrumenta voluntatu: & liberi
553 2183 2317 2257 ar. Sicut enim forma actionis ex obiecto consistit in modo medio temprato quo congruit velle finem & niti ad ipsum
548 2241 2316 2311 sicut & forma cursus equi est decens ambulatio quae proportionaliter passibus pedum anteriorum illos passus passibus
556 2297 2328 2357 pedum posteriorum transgreditur: sic etiam forma actionis ex elicitate consistit in motu intenso vel remisso volen
556 2351 2319 2406 do & actione voluntatis intensa vel remissa intendendo in finem praedicta forma supposita. & hoc quemadmodum est
559 2394 2316 2467 forma cursus equi cum est velox vel tardus salua proportione formae praecedentis in ambulando. Et dico hanc for
556 2452 2324 2517 mam prouenire ex parte elicientis actum: quia modum hunc non imprimit in agendo in virtute affectionis sed propria sup
547 2501 2326 2566 posita affectione, & forma praecedente circa actum. Sed sub tali forma ex parte elicientis actum accepta potest ab
564 2565 2330 2630 eliciente actus causari dupliciter. Vno modo stimulante ipsa affectone ipsam voluntatem ad intense vel remisse elicien
558 2615 2324 2695 dum actum. & tunc adhuc affectio est principale in actu quae ad hanc formam inducendam: & voluntas instarintum: quamquam vo
562 2662 2325 2737 luntas inducat illam, propria virtute: licet stimulata virtute alterius non autem in virtute alterius. Alio
556 2719 2324 2781 modo non stimulante ipsa affectione sed voluntate seipsam stimulante: & tunc voluntas est principale: & affe-
557 2772 2332 2849 ctio instrumentum quia assumit ipsam in vsum & facultatem suam ad expedite: & efficaciter siue intense
564 2831 2333 2902 exequendum actionem suam: & hoc quemadmodum si equus sanitatem habens in membris vtatur illa ad velociter
560 2882 2328 2944 currendum, ipsa esset instrumentum equi respectu velocitatis in cursu. Et sic affectio quae inquantum est in-
564 2929 2324 3011 strumentum voluntatis, charitas est, est quaedam sanitas voluntatis: inquantum vero stimulat ad motus in-
561 2986 2325 3060 tentionem salua eius temperantia adhuc habet rationem sessoris: & principalis agentis, & voluntas instru
562 3042 2328 3120 menti. quemadmo dum si equus agitatus furia currat velociter ipsa furia quasi sessor est equi & equus
563 3086 2322 3161 ipse instim. Propter quid dico quod in his dictis & in aliis consimilibus oportet Anselu, exponere per seipsum: sed
560 3149 2336 3245 tequrit diligentem lectorem. Ad intellectum igitur talium dictorum Anseia. sciendum est quod duplex est volitio
