2484 3693
515 217 2288 300 meri: similiter, vt videtur, & species animae intellectiuae: ita quod quodlibet suppositum eius essentiale non est
522 288 2286 353 nisi ipsa species non habens in se nisi esse ipsius speciei, & totum esse eius. Vnde supposita duo sub huiusmodi spe
529 343 2286 407 cie, vt videtur, non possunt potius differre secundum gradum maiorem & minorem dignitatis quam supposita duo
529 398 2293 464 sub eadem specie angeli: iuxta hoc quod inductum est. Nunc, vt videtur, in aliquo restat in animabus ex parte ma
525 451 2286 519 teriae sine adminiculo corporis: quia non nisi incorporando creentur: quia hoc accidit speciei, vt species est: quae
529 502 2297 575 pont per se existere. Posset etiam deus animas quaes creando vnit corporibus, per se subsistentes creare. Propter ergo
535 559 2288 627 coniunctionem in essentialibus speciei non trasmutabitur circa supposita secundum maiorem vel minorem gra-
524 609 2293 679 dum dignitatis in essentia speciei: quamuis etiam non nisi per corpora fieret ipsorum distinctio & indiuiduatio: si-
529 661 2300 727 cut determinat Auicenna, quoniam indiuiduatio non sit per se per aliquid accidentale additum speciei, vt habitum est
531 719 2286 787 in alio Quolibet. Videri ergo potest ex hoc alicui: quod sub specie animae rationalis non possunt esse duae animae: qua
527 781 2298 845 rum vna excedit aliam in gradu dignitatis, essentiae, vel accidentium per se consequentium essentiam: sicut neque sub
533 827 2291 883 eadem specie angeli, vt procedit prima obiectio. Qui hanc positionem vellet sustinere, diceret quod omnis diuer-
528 880 2292 943 sitas actionis animarum in corpore ex parte intellectus conuenit ex diuersitate virium inferiorum animalium
536 938 2298 1002 & naturalium: quibus vtitur tamquam adminiculis vis intellectiua in sua operatione. Vnde illi in quibus est
529 988 2293 1054 vis imaginatiua melius ordinata, melius sunt dispositi ad intelligendum. Sed hoc damnat alius arti
534 1045 2291 1110 culus episcopalis: qui dicit sic. Quia nos melius vel peius intelligimus hoc prouenit ex intellectu passi
536 1098 2295 1152 uo, qui est potentia sensitiua. error. Quia hic ponit vnum intellectum in omnibus aut aequalitatem
535 1152 2301 1218 in omnibus animabus. Si etiam ita esset, videtur aliquibus quod non potest esse appropriatio animarum suis corpori
535 1205 2297 1266 bus. Immo anima vna non magis determinaretur ad suum corpus: quam ad corpus alterius animae: si nulla differentia
539 1258 2299 1313 vel distantia sit inter illas. luxta illud quod philosophus reprehendit contra Pythocaua cum dicit in primo de anima. Copulant
532 1310 2296 1373 & ponunt in corpus animam nihil determinantes propter quam causam & quomodo habente corpore. Et
532 1365 2298 1427 tamen videtur vtique hoc necessarium esse. propter conmunitatem enim, hoc quidem agit, illud autem patitur: & hoc quidem
528 1421 2303 1487 mouet: illud autem mouetur. horum autem nihil inest adinuicem contingentibus. Quidam autem solum argumentantur dice
537 1473 2301 1534 re quale aliquid anima sit: de susceptibili autem corpore nihil adhuc determinant: tamquam contingens sit secundum
536 1525 2307 1586 Pythagoricas fabulas quamlibet animam quodlibet indui corpus. Quidam igitur in animabus vniformitatem non
534 1580 2303 1649 ponunt, sed gradus in essentia speciei secundum maiorem dignitatem & minorem: secundum quod ordinantur ad perficien
532 1638 2303 1700 dum corpus bene vel melius dispositum: vt corpus quanto melius sit dispositum tanto meliorem in natura
534 1687 2305 1757 & dignitate speciei fortiatur animam. Et forte videri possit alicui quod ratio inducta pro opinione praecedenti
539 1741 2303 1811 de formis separatis & animabus rationalibus, quod non possunt habere supposita differentia secundum gradus di-
532 1803 2303 1865 gnitatis in natura speciei, eandem efficaciam habet circa formas omnino materiales et accidentales. de quibus
531 1846 2302 1912 manifestius videtur quod in natura speciei suae suscipiunt magis & minus, intensionem videlicet & remissionem
531 1901 2299 1972 sicut patet in albedine. sicut enim species in materialibus omnino consistit in indiuisibili: sicut & species
539 1961 2299 2022 numeri: similiter, vt videtur, etiam species albedinis: ita quod si ponatur albedo per se separata in suppositis,
544 2015 2300 2076 quodlibet illorum non est nisi ipsa species non habens in se nisi esse ipsius speciei & totum eius esse. lta quod non
541 2064 2299 2132 sit magis in eis gradus dignitatis maioris & minoris quo ad esse speciei, quam in duobus angelis eiusdem
537 2116 2301 2182 speciei. Non enim vna albedo si esset separata esset magis albedo quam alia: sicut vnus angelus non est ma
542 2173 2297 2240 gis angelus in natura speciei suae quam alter. Nec huiusmodi gradus, vt videtur, potest contrahi ex conium-
541 2223 2298 2284 ctione huiusmodi formae cum materia, si ipsum non patitur ex se in sua essentia: quia super impossibile
534 2280 2298 2337 non cadit potentia, vt deducatur in actum. Si ergo species in natura sua nullo modo patitur gra-
540 2334 2291 2391 dus: coniunctio cum materia nullo modo potest ipsos ei dare. Vnde si habet eos in materia, natura
537 2386 2299 2454 speciei patitur eos: vt si albedo in corpore vno superiori gradu formae albedinis sit quam alia in alio: vt
538 2446 2298 2508 per hoc vnum corpus dicatur albius alio: patet plane quod natura speciei quantum est de se patitur
540 2497 2304 2552 in se illos gradus. Et si natura albedinis patitur eos in materia & non extra: quia non est nata esse ex
542 2550 2299 2614 tra: similiter pateretur illos separata si posset separari. Quare consimili ratione nec vllius speciei
542 2598 2299 2675 creaturae, vt videtur, repugnat: quin dicti gradus possunt esse in ea. Et sic non esset verum illud quod
540 2650 2298 2725 dicit philosophus: quod sic est in formis sicut est in numeris. immo licet esse numeri consistit in simplici, non ta
541 2713 2303 2777 men esse formarum. Immo latitudinem habet in qua possunt esse gradus, vt natura speciei tota exi
531 2764 2304 2821 stat secundum vnum gradum in vno supposito: & secundum alium in alio. hoc enim est non secundum
539 2815 2294 2884 plures vel pauciores partes essentiae: quia ipsa nullas habet integrales, licet essentiales quae sunt ge-
540 2869 2293 2937 nus & differentia: quae tamen in simplicem rationem speciei cadunt in quolibet eius indiuiduo: sed est
541 2921 2296 2982 secundum intensionem maiorem & minorem vnius essentiae simplicis existentis in quolibet suo supposito
543 2975 2283 3039 vt sic in formis substantialibus ponantur intensiones secundum magis & minus: sicut in formis accidentalibus.
538 3033 2304 3101 Quid tamen sentiendum sit iudicio rationis & intellectus reuera ignoro: propter quod super hoc quia episco-
537 3086 1626 3169 pus in hac quaestione sententiauit, nihil determino omnino.
