2451 3735
455 237 2250 337 non organicus si simpliciter consideretur, habet a causante formam liberi arbitrii: qua vult secundum
457 320 2257 386 actum aut libere potest velle amoto impedimento quod est absentia obiecti: & ipso facto praesente in intellectu per
462 369 2257 433 cognitionem tunc libere vult si illud sit finis simpliciter: vel potest libero arbitrio velle si sit ad finem. &
475 427 2257 499 quantum recipit homo de forma libertatis, tantum de potestate ad eliciendum actum volitionis. Propter quod volentes pos
465 480 2262 548 sunt. dici moueri a deo in omni actu volendi. dicente Anselmo. llle verius dicitur facere omne quod facit natura &c. vt
467 539 2262 606 supra. Postquam tamen homo habet a deo sibi datam huiusmodi formam, potest moueri secundum ipsam cessante impedimento
475 586 2256 650 absque eo quod ab alio moueatur: & sic a seipso mouetur primo licet non secundum totum. & hoc quemadmodum si sol
477 646 2258 706 esset virtute calidus: & caloris generatiuus: quasi aliqua potentia eius actiua in eo quid est formale in ipso exi
479 698 2263 764 stente: & cum hoc esset susceptiuus calefactionis verae, & formaliter natus esset recipere in se calorem verum
481 756 2258 824 ipsemet semetipsum calefaceret cum cessaret impedimentum: & hoc maxime in re spirituali non corporali. de qua
483 802 2264 878 principaliter procedunt rationes Aristotelis quod omne quod mouetur ab alio mouetur, quas inducit i de anima. &. vi. vii. &. viii.
482 863 2266 930 physicorum. secundum quod illas soluit Macrobius vt alias recitaui: & maxime de motu, qui non est vere mo-
473 915 2268 978 tus successiuus: nec mutatio transiens: quae sunt actus imperfecti secundum quod imperfectum est: sed operatio sim
486 971 2267 1038 plex tota simul existens & permanens secundum libitum agentis: quae est actus perfecti secundum quod perfectum est. In vno
479 1027 2258 1090 enim motu aut mutatione aliquando mouens & motum & rationes motiuae & mobiles sunt diuersae atque separatae
473 1071 2257 1130 re subiecto & loco: vt quando ignis comburit ligna: & vniuersaliter quando mouens & mobile sunt diuersa tota se
477 1123 2266 1198 parata. Aliquando vero sunt diuersae & separatae re, subiecto, & situ, licet non loco. vt quando in animali bruto dextrum
477 1188 2267 1244 mouet sinistrum: & vniversaliter quando mouens & mobile sunt partes vnius, ita quod vna pars sit omnino alia ab altera &
486 1231 2270 1299 nihil eius quod est in vna parte sit in altera. Aliquando vero non differunt loco, nec subiecto, nec situ: sed re tantum
485 1279 2276 1351 vt patet in motu grauis. Aliquando vero non differunt loco nec subiecto nec re: sed tantum situ: vt quando in homine in
489 1350 2273 1406 quo vna anima est vna anima simpliciter in qualibet parte tota: ipsa vt est in parte dextra mouet sinistram. & sic
489 1393 2273 1464 secundum gradus semper minor est distinctio mouentis siue eius quo mouens mouet: & moti siue
493 1449 2272 1525 eius quo mouetur. Quare non est mirum si in anima separata ab organo secundum actionem adhuc minus
493 1498 2270 1579 distinguatur: vt in voluntate mouens siue ratio mouendi: & motum siue ratio mobilis. Si enim altius ascendatur
495 1560 2277 1625 adhuc minus: vt in deo non est exitus de potentia in actum, & adhuc differunt agens & recipiens sicut
496 1611 2280 1678 dictum est. Ad illud quod arguitur vltimo: quod voluntas vt est libera vel liberi arbitrii ex se est in potentia ad
499 1663 2274 1731 actum: quare non exit in ipsum nisi per aliud: dico quod si loquamur de potentia passiua & receptiua actus volitionis
502 1716 2274 1782 voluntas ipsa vt est libera: siue liberi arbitrii: siue ratione partis eius quae est liberalitas vel libertas arbitrii
499 1768 2274 1835 non est in potentia ad actum volendi: sed solummodo vt est appetitus simpliciter secundum praedicta. Si
495 1832 2279 1890 vero loquamur de potentia actiua: dico quod quantum est ex se aut semper est in suo actu aut saltem in po
501 1884 2280 1946 tentia accidentali ad illum: & transit in ipsum amoto prohibente vel adiecto necessario absque tamen omni impressione
495 1935 2272 1995 facta in illam: vt a mobili in cognitione: quod vt cognitum metaphorice mouet: sicut res vero, est terminus
495 1993 2272 2051 motus: sicut dictum est. quemadmodum sol est in potentia accidentali ad illuminandum quando medium non est praesens
508 2046 2276 2102 ita quod ipso praesente absque sui mutatione statim illuminat. & sicut est de illuminatione solis in alio, ita est suo
505 2094 1862 2157 modo de actum volitionis in voluntate ipsa secundum aliam & aliam rationem.
855 2139 2277 2204 lrca quintum arguitur quod beatitudo principalius perficit essentiam animae quam poten
853 2199 2274 2257 tiam: quia cum beatitudo sit summum bonum hominis & perfectio: principaliter
834 2254 2282 2334 debet esse perfectio eius quod est summum & perfectius in ipso. quia secundum dignita
832 2311 2278 2373 tem & aequalitatem arithmeticam procedit iustitia distributiua: vt scilicet magis digno
854 2361 2280 2423 magis de bono tribuatur aliis eisdem retentis. sed in anima perfectius & dignius est substan
862 2411 2277 2474 tia animae respectu potentiae. ergo &c. Contra: secundum philosophum beatitudo est
843 2470 2280 2536 operatio quaedam: sed operatio principalius perficit potentiam animae quam substantiam. ergo &c.
515 2523 2268 2590 Dico quod vt dicit Auicena vi. metaphysicae, Bonum quod est finis non est respectu essentiae agentis: sed agen-
519 2580 2274 2645 tis secundum quod est principium motus. & secundum intentionem ipsius & philosophorum bonum quod est finis & bea
511 2632 2281 2703 titudo hominis vel angeli nullo modo respicit essentiam eorum sed solummodo potentiam mediante operatione. Sed hoc
522 2690 2282 2750 conuenit eis dicere quia non viderunt vera beatitudinem nec verum humanum bonum vt dictum est in quaestione praece
514 2741 2280 2803 dente. Quo omisso dico quod vera beatitudo humana sicut & angelica consistit non solum in actu voluntatis
524 2792 2281 2857 & intellectus, in quibus non est nisi beatitudo creata ratione ipsorum actuum: sed principalius consistit in ipso
522 2842 2282 2908 obiecto quod est ipsa beatitudo increata quae deus est, inquantum est bonum voluntatis: in qua per actum beatitudi
524 2901 2288 2963 nis voluntatis creatae ipsa anima humana mediante voluntate se transformat vt conuertatur in illud
522 2954 2293 3017 prout possibile est secundum naturam: & hoc vi amoris secundum quem elicitur, vt ab habitu voluntatis ipsa
522 3017 2286 3072 volitio beata. Amor enim secundum Dionysium. est virtus transformatiua & conuersiua amantis in amatum. Hic
513 3057 2284 3126 super illud ca. vii. caelestis hierarchiae, Calidum acutum: dicit Hugo. Significat impetum quemdam amoris feruentis
521 3110 2289 3192 se ferentis in amatum & intrantis & penetrantis, vt vbi est ipsum quod amatur ibi cum ipso & in ipso
