2474 3742
150 282 1910 366 de quolibet genere voti. Vnde castitas siue castitatis bonum vnius sine voto propter formam chari
154 356 1921 423 tatis praeponderantis potest esse multo melius quam castitas alterius vel opus eius sub voto. & per hunc
148 412 1919 483 modum etiam castitas vidualis aut coniugalis bene potest praeponderare castitati virginali. dicen
154 472 1922 537 te Augustino. xvi. de ciuitate dei. Nouimus enim non ex bonis singulis inter se homines compa
150 525 1911 589 rare. Sed simul quoque comparemus vniuersa: ac per hoc sano veroque iudicio cum continentia coniugio
155 576 1924 643 praeferatur: melior tamen est fidelis coniugatus quam continens infidelis: & obediens deo quam continens
153 632 1918 696 minoris fidei minorisque obedientiae. Si vero paria sunt caetera., continentiam coniugio praeferri quis am
156 684 1914 748 bigit: Per hunc etiam modum similiter eleemosyna vnius sine voto potest bene praeponderare castitati al
156 737 1919 805 terius sub voto. & sic de caeteris operibus tam primae tabulae quam secundae. Et propter hoc martyrium praefertur casti
151 791 1923 850 tati sub voto: quia maiorem charitatem nemo habet &c. vt dictum est supra: secundum quod processit vltima ratio.
165 844 1919 903 Votum enim modicum facit, aut addit operi nisi aliud adsit: plerumque etiam obest saltem per accidens: vt in
154 897 1920 967 stultis virginibus. in quibus vt dicit Greti. viii. Moral. Dominus ad iudicium veniens dum mentis cor-
148 953 1920 1016 ruptionem considerat, corporis incorruptionem danmnat. Vnde cum alias tres modos virginitatis distinxerimus:
157 1013 1933 1075 est enim quaedam honorabilis, quaedam laudabilis, & quaedam despicabilis: ista quarta est damnabilis. Sed di i
154 1058 1921 1122 ces quod hoc est per accidens quod secundum hunc modum aliud opus sine voto est melius quam castitas sub voto
147 1118 1925 1182 non ex natura operis. Dico quod immo de natura operis aliquod opus sine voto puta martyrium &
154 1166 1928 1240 plura alia, vt patebit infra, meliora sunt secundum se quam opus castitatis cum voto: quia ex maiori charita-
146 1234 1929 1289 te nata sunt fieri & difficiliora etiam sunt. Verum est tamen quod aspiciendo ad opus simpliciter vt est bo
145 1275 1924 1346 num ex natura & substantia operis, bonitate illa qua conuertitur cum ente vel quae est opus bonum ex ge-
152 1323 1926 1394 nere quod includit in suo significato circunstantiam ex ratione, vt habitum est supra: operi inquam vt tali
155 1386 1931 1452 bonitate sit bonum, accidit quod fiat ex charitate: & fiat bonum ex circunstantia, non solum in genere mo-
155 1446 1920 1503 ris, sed etiam in genere meritorii, vt patet in comedere & bibere quae sunt opera de primo genere, &
152 1491 1927 1562 in opere dandi eleemosynam & praedicandi quae sunt de secundo genere. Aspiciendo autem ad opus vt est
149 1551 1917 1615 bonum bonitate meritoria: illud non est verum quod accidat ei fieri ex charitate: quia essentiale est operi me
146 1598 1922 1663 ritorio inquantum est meritorium quod procedat ex voluntate secundum modum et ordinem charitatis. AD pri
151 1649 1921 1714 mum in oppositum: quod opus castitatis sub voto praeponderat omni operi secundae tabulae: quia pertinet ad
144 1713 1916 1780 primam tabulam in qua nulla sit dispensatio, sicut fit a deo contra praecepta secundae tabulae: Dico quod praecepta
154 1776 1915 1835 primae tabulae quia pertinent principaliter ad dilectionem dei, aliis eisdem retentis sunt digniora & melio-
145 1812 1924 1872 ra illis de secunda tabula quae pertinent ad dilectionem, proximi. Propter quid etiam dicitur quod in illis deus non
151 1875 1926 1936 potest dispensare: sed in istis. Ratione tamen charitatis & modi operis bene potest praeponderare aliquod opus
152 1931 1928 1987 secundae tabulae operi primae. Et sic non obstante quod ratione voti castitas sub voto esset de prima tabu-
152 1977 1927 2042 la: nec posset in illa dispensari: bene tamen posset aliquod opus secundae tabulae praeponderare vt dictum est.
148 2030 1929 2100 Quin tamen in omni voto ecclesia si necessitas occurreret posset dispensare, non credo. Vnde distin
160 2091 1923 2159 guendum est de pertinere ad primam tabulam: quia aliquid pertinet ad ipsam per se & ex se: vt non su-
152 2140 1926 2200 mere nomen dei in vanum. Aliquid per accidens & ex adiuncto: vt castitas sub voto ad liberius vacan-
151 2198 1923 2253 dum deo. Et licet in eo quod primo modo pertinet ad primam tabulam non habeat locum dispensatio:
144 2237 1925 2311 habet tamen in illo quod pertinet ad ipsam secundo modo: quia talem finem statuit castitati votum vel propositum
139 2293 1925 2368 nostrum. Et per hunc modum martyrium reducitur ad illud praeceptum cuius obseruatio dat causam
153 2350 1929 2425 martyrio: vt quia non vult negare vnum deum, ad primum praeceptum primae tabulae: si quia non vult
147 2410 1924 2478 peierare deum, ad secundum: si quia redarguit peccata proximorum, ad aliquod praeceptorum secundae
150 2458 1920 2533 tabulae. Ad secundum: quod non est digna ponderatio animae continentis: Dico quod non loquitur ibi de con-
146 2511 1927 2580 tinentia speciali quae est in sola castitate: sed de illa quae generaliter pertinet ad omnes virtutes. de
149 2571 1919 2643 quali loquitur philosophus in. vii. Eth. Vnde super illud Animae continentis. dicit Glos. interli. Quae ipso fue
147 2629 1921 2685 rit coniuncta spiritali scientia fidei: cuius est continere ab omni genere vitiorum & omnia mandata
151 2676 1921 2739 seruare ad quae se obligat in fidei professione & sacramenti baptismatis susceptione. Talem autem con
145 2725 1917 2797 tinentiam quae pertinet ad omnes virtutes & virtutum opera: & sic ad bona media, conmparat hic ad
153 2784 1925 2851 bona infima: vt sunt scientiae saeculares, & bona quae ex illis nobis possunt prouenire. Vnde super illud
155 2837 1918 2904 Omnis poesderatio. Glos. interli. Operum mundi & sapientiae saecularis. Propter quod ex illo dicto nequaquam
148 2904 1924 2965 potest concludi: quin continentia castitatis possit habere praeponderationem. Et per eundem modum
156 2949 1919 3016 quo dico aliqua opera non sub voto posse praeponderare castitati sub voto: sic dico quod possunt praepon-
148 2993 1920 3064 derare paupertati sub voto: & similiter abrenunciationi propriae voluntatis sub voto. Et per hunc modum
153 3052 1923 3124 dico secundum quod alias dixi, quod opera vitae actiuae praelatorum multum praeponderant operibus contempla-
151 3103 1916 3176 tiuorum: & ideo status ille persectiores requirit: ita quod si praelati congruant suo statui proportionabili
150 3159 1925 3239 ter modo quo religiosi suo statui congruunt, perfectissimus praelatus perfectior est perfectissimo reli-
