2413 3743
515 290 2289 393 praelatorum ratione qua ad alterum sunt perfectiora sint. Vnde supe illud. c. vii. caelest, hierarch. de descriptio-
505 377 2285 439 ne hierarchiae: & ad proprium principium vt licet assimilatione, dicit Hugo. Etenim vnicuique hierarchiam
516 423 2289 489 fortientium perfectio haec est: secundum propriam analogiam in dei imitationem ascendere: & omnium diuinissimum
515 480 2286 551 vt aiunt eloquia, est cooperatorem fieri, & ostendere diuinam in seipso actionem secundum possibile elucentem. i.
517 534 2284 601 nihil diuinius aiutem eloquia: vel quo nihil magis diuinum facit: vt scilicet ad alios relucendo infundant per exen-
515 594 2293 666 plum operis quod primum percipere meruerunt per dictum occultae inspirationis. Vnde & illi qui sunt in statu
526 648 2286 712 purgandi illuminandi & perficiendi, status ipse requirit quod prius sint purgati, illuminati, & perfecti. Se-
526 690 2280 769 quitur enim continue. Sic ergo persectio constat hierarchiae: vt qui purgantur purgent: & qui illumi-
513 739 2291 821 nantur illuminent: & qui perficiuntur perficiant. & infra postmodum. Sed sunt superiores & sublimes & ipsi
516 810 2285 870 appropinquantes diuinitati, immediate ab ipsa recipientes & purgationem vt sint mundi, & illuminatio-
512 854 2281 920 nem vt sint clari: & perfectionem vt sint sancti: & ab illis rursum secundum ordinem diuinae dispositionis hi qui se-
518 909 2283 979 quuntur & in ordine subiecti sunt & purgantur & illuminantur & perficiuntur. Constat autem quod quicumque re-
512 959 2288 1033 ligiosi de iure commoni per praelatos debent purgari, illuminari, & perfici: sicut & laici quicumque est coniugati. quia ratione
507 1019 2281 1086 trium praedictorum votorum non habent quod sint clerici sacerdotes aut lrati. Vnde & antiqui monachi puri laici esse
506 1068 2282 1138 consueuerunt vt testantur decreta sctorum. essent enim parochiani sacerdotum curatorum contra quos praecipue se
513 1121 2276 1189 extollunt, nisi essent eorum priuilegia & exemptiones: per quae tamen status eorum nihil omnino perfectionis essentialis
513 1181 2275 1244 acquirit. Quid ergo dicunt quod conveniunt in orando & offerendo sacrificia pro populo: concedo quod verum est de
513 1227 2285 1291 oratione: sed hoc est de communibus vtrique statui quae supponimus paria in nostra operatione. Falsum
520 1291 2282 1354 est autem de sacrificiorum oblatione. Hoc enim non competit ratione status nisi praelatis: non autem religiosis ratione
521 1335 2290 1411 status sui. quia non est potior ratione status sacerdos frater in religione quam laicus conuersus. Vnde etsi
522 1400 2286 1462 perfectius & melius fierent orationes & sacrificia a religiosis quam a praelatis, hoc nihil ad comparationem
514 1454 2281 1515 statuum propter tertiam conditionem obseruandam in comparationibus: quia in his debemus supponere
511 1501 2287 1565 religiosos & praelatos esse pares: & quid amplins est praelatis incumbit ratione status orare pro populo vt pur
511 1554 2282 1625 getur, illuminetur, & perficiatur per publicas orationes: non sic autem religiosis: sicut nec offerre sacrificia.
520 1608 2281 1671 Quia addunt: quod ad obseruantiam continentiae strictius & firmius sunt obligati religiosi quam praelati: quia per vo
515 1661 2282 1722 tum indispensabile nisi in casu non quocumque sed arduo: non autem regulariter nec velite vnquam contra ob-
518 1715 2283 1774 seruantiam castitatis dispensatum est cum religiosis, sicut dispensatum est cum sacerdotibus curatis: qui non
514 1772 2283 1834 sunt ad castitatem obligati nisi ex statuto generalis concilii: ltem nec omnes sacerdotes curati tenentur ad
519 1822 2279 1882 castitatem sicut graeci & caeteri orientales: Dico generali responsione quod castitatis obseruantia absque ma-
521 1878 2281 1940 trimonio non est de illis quae per se pertinent ad statum praelationis: sed solummo de illis que pertinent ad statum reli-
520 1939 2284 2001 gionis: ita quod si pertineat ad statum praelationis, hoc est per accidens: vt scilicet liberius possit vacari tribus dictis
528 1992 2277 2050 operibus quae per se competunt praelatis ratione status. Vnde etsi apostoli propter hoc castitatem obseruabant, & sub
524 2044 2285 2099 voto, nequaquam tamen per se erat opus ratione status nisi Christus sic instituisset: & tunc quod non obseruabatur a poste
516 2094 2276 2154 ris, hoc erat per dispensationem quandam ecclesiae generalem: sm quod determinaui in praecedenti Quolibet. Sed in hoc
517 2144 2284 2210 non derogatur perfectioni status in aliquo: sed personarum quae sunt in illo solummo: quemadmodum si dispensaretur cum
520 2198 2276 2262 fratribus minoribus quod possent habere bona in conmuni qui vellent, in hoc in nullo videretur derogari per
519 2250 2280 2310 fectioni regulae & status illorum quod possent bona in comoni habere: quemadmodum quod forores ordinis fratrum
516 2305 2292 2365 minorum moniales habent possessiones & redditus in nullo derogat regulae & statui fratrum minorum: nec
519 2364 2290 2429 perfectioni volentium illam integre obseruare. Et ideo licet in hoc praeminerent religiosi ratione qua castitatem seruant
520 2427 2289 2484 & strictius quam praelati quo ad obligationem: hoc est in praelatis de accidentalibus statui: et diminuit de perfectione
529 2467 2282 2542 personarum castitatem non obseruantium ea strictitudine qua Christus eam obseruari instituit, si tamen instituit
526 2534 2286 2592 et apostoli obseruarunt: nihil autem diminuit de ratione status: licet dispensatione generali antiquitus
516 2577 2283 2648 non obseruabatur: et quod modo obseruatur ab occidentalibus, hoc est, vt dicunt illi, ex generali statuto: per quod non tantum
519 2624 2286 2694 sunt praelati ad castitatem astricti sicut religiosi ex voto. Quid tamen nequaquam verum esse puto: quia cum quisque
524 2696 2291 2751 ordinatur in subdiaconum: et dicit ei eprses, si hucusque incestus amodo castus, consensu suo & taciturnitate
526 2747 2293 2809 vouet: et censendus est vouisse, sicut religiosus per lapsum anni scienter et absque coactione in re-
530 2792 2281 2849 ligione perseuerans censetur professus. Quia autem facilius dispensatur in ordinatis quo ad castitatem quam in re
524 2852 2291 2918 ligiosis, hoc non est propter maiorem obligationem: sed propter euidentiorem causam dispensandi super hoc
525 2902 2287 2959 quod accidit in clericis saecularibus, non autem in religiosis. Si vero castitas sub voto non sit de statu praela-
527 2959 2294 3023 tionis ex institutione Christi: tunc obseruatio castitatis adhuc est de accidentibus statui praelatorum
524 3005 2287 3071 licet per se pertineat ad statum religionis. Et ideo licet in hoc perfectiores essent religiosi: quia tamen ca
521 3060 2290 3119 stitas extra matrimonium non est de necessitate salutis in illis quibus licet vti matrimonio: non tamen se
523 3114 2292 3178 queretur quod simpliciter essent religiosi perfectiores praelatis propter secundam conditionem praedictam conseruandam
522 3170 2289 3249 in comparationibus: quia. scilicet opera tria praedicta praelatorum multum praeeminent omnibus operibus ob-
