2415 3711
489 247 2263 336 honorando parentes. De transgressione autem talium circa consilia, dicit Augustinus super psal. lxxv. Quisque quid vo-
486 326 2261 388 luerit voueat: & illud attendat: vt quid vouerit reddat. Si aspiciat retro, malum est: quae autem respexit ad nu
485 372 2270 451 ptias non quia voluit nubere damnatur: sed quia iam antecesserat. ldem ad Armentatium. Quia enim iam vo
498 434 1429 495 uisti, iam te astrinxisti, aliud facere tibi non licet.
834 480 2272 549 Irca quartum arguebatur quod sacerdos non potest accipere a iudaeis aliquid pro iure parochiae
849 534 2276 601 suae in qua manent: quia illis non ministrat spiritualia: & non sunt a sacerdotibus de
853 593 2273 653 iure accipienda a populo temporalia nisi quia ministrant eis spiritalia: vt. i. Corin. ix. dicitur
853 642 2273 712 ergo &c. ltem ludaei nihil habent nisi de vsura, quod est restituendum: quod nulli licet accipere
841 699 2277 761 nisi ad restituendum. ergo &c. Contra. ita ordinatum est in quibusdam parochiis quod sacerdo
844 748 2269 818 tes annuos redditus habent de singulis hospitiis existentibus in suis parochiis: sed hoc non
499 803 2270 870 est nisi ratione inhabitationis: quare cum iudaei illa inhabitent, ab illis potest accipere pro iure parochiae. Di-
502 854 2269 927 co quod ludaei & caeteri vsurarii nihil habentes nisi de vsura, quod est restituendum, nihil possunt dare ne
505 926 2273 987 que alienare per quod eorum conditio de restituendi potestate fiat deterior: neque etiam potest quid recipi ab
506 965 2279 1038 eis vel dono vel per exactionem quancumque nisi ea intentione vt acceptum restituatur, vel pro labore quo agitur
503 1017 2270 1084 negotium eorum quibus restituendum est: vt videlicet ab illis fiat restitutio: neque etiam contractus potest fie-
507 1085 2273 1146 ri omnino cum eis quibus impotentiores fiunt ad restituendum, nisi forte pro necessitate extrema victus & vestitus.
509 1131 2268 1193 Si ergo domus existentes in parochia sint sacerdoti ad certos redditus obligatae: secundum quod dicit & suppo-
510 1179 2274 1245 nit vltima ratio: Dico quod debitum reale est: nec obligatur inquilinus nisi de ratione domus: quare cum nihil
505 1234 2271 1316 habeat iudaeus inhabitans quid soluere possit de suo, inanis esset obligatio qua talis inquilinus obligaretur
516 1285 2272 1358 pro domo, & inanis esset actio contra illum quem imopia excusaret. Et sic dico quod licet teneretur sacerdoti quia
509 1339 2277 1410 inquilinus: cum tamen non habeat de suo vnde soluat: & de alieno quod habet non potest soluere: quaere nec ille recipere vt
514 1400 2281 1462 dictum est: sed manere debet inanis obligatio: aut ergo sacerdotes non debent permittere quod ludaeis locentur
509 1450 2282 1517 domus tales in suis parochiis: aut si ipsis inuitis locentur, debent petere iura sua a locatoribus quorum
509 1510 2289 1569 sunt domus: aut manus ponere per publicam iustitiam ad ipsas domus quae eis sunt obligatae: sed a dictis ludaeis
517 1557 2290 1623 nihil possunt recipere sicut dictum est: & vt procedit secunda ratio: quae concedenda est. Ad primum and oppo
516 1613 2284 1678 situm quod sacerdos non potest recipere a ludaeo temporale: quia non ministrat ei spirituale: dico quod immo si haberet
506 1667 2286 1737 aliquid de suo: & hoc, quia non est debitum personale sed reale: vt dictum est, nunc autem quando propter spiritalia quae semi-
510 1714 1926 1777 nantur, metuntur temporalia, hoc est ratione debiti personalis. Ad vltimum patet per iam dicta.
842 1776 2284 1834 Irca quintum arguebatur: quod caeteris paribus maioris perfectionis esset viuere de labore
857 1828 2288 1887 manuum quam de euangelio aut de mendicitate: quia per hoc repelluntur perseudo. ii. Corinth.
853 1879 2293 1936 xi, non grauantur subditi & ad bonum prouocantur suo exemplo. Act. xx. &. ii. Thessa. iii. &
865 1933 2285 1999 a malo reuocat. i. Corinth. ix. & vt haberet vnde viueret: & vt vnde viuerent infirmis
857 1985 2288 2051 ministraret. Actu. xx. propter hoc. no conmendat Augustinus Paulum super caeteros apostolos qui vixe
841 2039 2283 2099 runt de euangelio: & super multitudinem credentium quae tunc vixit de mendicitate. ergo &c.
527 2105 2291 2167 Quia de euangelio viuere sit perfectius: arguitur: quia per hoc expeditius & sine impedimento exequitur opus euan-
524 2142 2290 2220 gelizandi. tempore enim laboris & mendicationis non potest homo vacare euangelio: & sic ab illo retraherentur. Quia viue
523 2196 2292 2262 re de mendicitate sit perfectius arguitur: quia in hoc imitatur Christus qui dixit in psal. Ego mendicus sum. Glos. Dicit
522 2267 2293 2319 de seipso. ltem in hoc est maxima humiliatio, & ita maxima perfectio. Philip. ii. Humiliauit semet ipsum. Omissis
529 2305 2297 2376 illis qui non laborant, neque volunt laborare propter otii solatium: vt sunt validi mendicantes, qui nec seruiunt euam
527 2358 2296 2429 gelio, nec diuinae contemplationi insistunt, quibus malum est non laborare, & non de labore viuere: & quibus non
526 2421 2303 2479 licet mendicare: nec debet eis eleemosyna dari: dicente Augustinus in epistola ad Vincentium. & habetur. v. q. v. Non
519 2461 2305 2538 omnis. Vtilius esurienti panis tollitur si de cibo securus iustitiam negligat, quam esurienti panis frangitur vt iniustitiae
526 2521 2304 2584 seductus acquiescat. & hoc vt dicit in fine de opere Monacho. ne peruersa misericordia magis eorum futurae
534 2578 2292 2641 vitae noceat quam praeseti subueniat. Vel qui non laborant, neque de labore viuere volunt propter opulentiae praesidium, nec
535 2636 2301 2695 euangelio seruiunt, nec contemplationi vacant: quibus licitum est non laborare: sed non licet eos mendica-
527 2684 2300 2747 re. Vnde Hiero. ad Damasum Papam: & habetur. xvi. quid i. Quoniam quicquid. Qui bonis parentum & opibus sustenta
536 2736 2309 2805 ri possunt, si quid pauperum est, accipiunt, sacrilegium incurrunt & committunt: & per abusum talium iudicium sibi
528 2791 2296 2860 manducant & bibunt. Vnde nec talibus eleemosyna danda est. dicente eodem ad Demetri. Da pauperibus
526 2843 2307 2914 non diuitibus, non propinquis, non ad luxuriam: sed ad necessitatem: siue ille sit sacerdos siue cognatus si
534 2897 2305 2961 ue vicinus: nihil in illo aliud consideres quam paupertatem. talibus autem perfectius esset de labore viuere. dicente
535 2963 2312 3024 eodem ad eandem. Nec idcirco tibi ab opere cessandum est: quia deo propitio nulla re indiges: sed ideo cum omni-
532 3001 2305 3067 bus laborandum est: vt per occasionem operis nihil aliud cogites quam quid ad domini pertinet seruitutem. Simpliciter lo
542 3055 2304 3122 quor: quamuis omnem censum tuum in pauperes distribuas, nihil apud deum erit praetiosius, quam quid manibus tuis
539 3107 2312 3196 ipsa confeceris, vel in vsus, proprios, vel in exemplum virginum caeterarum. Vel qui non laborant nec de labore
