2457 3747
151 291 1942 376 intelligemus nisi forte quia dixit mulieri Samaritanae, da mihi bibere: & in cruce ait sitio: In hoc er
161 361 1942 437 go quod accepit reponenda in loculis, Augustinus eum mendicum non iudicauit: & hoc quia illa non recepit ex men
157 416 1938 485 dicitate sed ex potestate consimili illi petenti quam concessit apostolis non tam verbo quam exemplo. dicente Au
162 468 1932 539 gustn. super illud. Producens foenum iumentis. Cum videret Paulum non ita quaesiturum, praeuidit ne danmnaret quae
160 531 1934 586 siturum: & praebuit exemplum infirmo. vbi nomine infirmi comprehendit caeteros apstlos a Paulo: vt declaraui
164 582 1932 644 in praecedenti Quolibet in quaestione de persectione praelatorum. vnde & caeteri apostoli ad exemplum Christi
163 638 1940 703 sumptus acceperunt. dicente Augustinus de opere mona. c. vi. Destens more miae suae infirmioribus compatiens
157 683 1932 756 cum ei possent angeli ministrare loculos habuit quibus mitteretur pecunia quae conferebatur a bonis fi
160 749 1934 807 delibus eorum victui necessaria. & infra post modicum. Hoc exemplum domini imitabantur apostoli ad accipiendum si
162 800 1939 861 bi debitum cibum. Constat autem quod non fuisset eis congruum exemplum quaerendi sic debitum, nisi Christus etiam
160 844 1938 915 illa accepisset tamquam propter debitum. propter hoc enim praemisit. Nolite portare aurum &c. vt supra dictum est.
166 900 1929 969 Aliis autem quibus incumbit necessitas procurandi sibi necessaria: quia non habent vnde sumant ex debito,
162 950 1934 1028 bene etiam fuit in exemplo sibi prouidendi de futuro. dicente Augustinus libro ii. de sermo. domini in modote. Vehementer
160 1008 1931 1072 cauendum est ne forte cum viderimus aliquem seruum dei prouidere ne ista necessaria desint vel si
160 1072 1937 1132 bi vel eis quorum cura sibi commissa, iudicemus eum contra praeceptum domini facere & de crastino esse sollicitum:
159 1114 1941 1180 nam & ipse dominus cui ministrabant angeli: tamen propter exemplum nequis postea scandalum pateretur cum ali-
166 1168 1938 1238 quem seruorum eius animaduertisset ista necessaria procurare, loculos habere dignatus est. Ex quo aduer
165 1220 1944 1291 to quod Christus in loculis duplex exemplum praebuit. Vnum accipiendi ex debito: in quo exemplum dedit solis
164 1287 1937 1348 apostolis & discipulis & eorum successoribus: & aliis qui in ministerium publicum sunt vocati: & hoc
166 1335 1947 1397 tanquam infirmis non valentibus sibi manibus quaerere necessaria. Alterum reseruandi sibi acceptum in futurum
161 1382 1936 1451 in quo exemplum dedit omnibus aliis tanquam infirmioribus. Sed neutro modo exemplum de loculis sequutus est
169 1435 1932 1503 Paulus tanquam miles strennuissimus. Quia ergo dicitur in argumento: illud est perfectius in quo imitatur
167 1499 1926 1560 Christus: dico quod quia omnis Christi actio nia est instructio, facta sua omnia nobis sunt quasi quaedam verba
165 1547 1940 1609 instructoria. Sed hoc dupliciter, quandoque enim sunt instructoria quid tamquam perfectum facere expediat: quandoque autem quid
169 1596 1931 1661 tanquam imperfectum facere liceat. Primo autem modo facta Christi sunt exempla perfectis & sunt opera per
170 1656 1940 1718 fectionis ex genere & ratione facti: & ex animo facientis. Tale exemplum dedit, cum quando hora sua venit
167 1710 1937 1778 passioni crucis se obtulit quando dixit. Si quaeritis me finite hos abire. Opera autem Christi secundo mo-
172 1761 1934 1822 do sunt exempla imperfectis: & sunt opera imperfectionis ex animo facientis tantum. Tale exemplum etiam dedit
172 1814 1929 1878 Christus in passione quando dixit. Tristis est anima mea &c. secundum quod de vtroque dicit Augustinus supra di-
171 1877 1939 1935 ctum locum psal. ciii. Cum videret multos pronos & gaudentes ad martyrium passionis exultantes, in ipsa
170 1921 1941 1990 passione fortes seminatores & maturos ad horreum. ecce qualibus competit exemplum operis Christi primo
170 1970 1938 2043 modo. Sequitur continue de secundo modo Quorundam tamen infirmorum quos videbat posse turbari ventura pas
173 2027 1941 2097 sione ne deficerent: sed potius voluntatem humanam voluntati creatoris coniungerent: ipsorum personam voluit ac
172 2087 1934 2154 cipere in passione Christus: cum dicens. Tristis est anima mea vsque ad mortem: & iterum, Pater si fieri potest transeat
176 2134 1944 2202 a me calix iste: docuit quid esset dicturus infirmis: sed secutus ostendit quid facere deberet infirmis. Verumtamen non
176 2200 1933 2256 quod ego volo sed quod tu vis pere. egit ergo Christus & docuit & perfectionis & imperfectionis opera. Dico quan-
172 2239 1936 2307 tum est ex genere & ratione operis: sed in exemplum aliis & aliis, quae tamen ambo perfecta erant ex intentione facientis. Di
168 2303 1943 2362 co ergo quod perfectius est opus in quo imitatur Christus sequendo rationem perfectionis in illo qualem tenuit
173 2343 1937 2419 Christus: & secundum hoc iuxta secundum modum operum Christi perfectius fuit Paulo circuncidere Ti
175 2399 1939 2477 motheum compatiendo ludaeorum infirmitati quam non circuncidere: licet non circuncidere simpliciter esset
180 2463 1933 2528 perfectius. de quo actuum. xvi. Assumens circuncidit eum propter iudaeos Glos, ne offensi alienarentur pro-
175 2511 1937 2581 pter quid dicit. i. Corin. ix. Factus sum iudaeis tamquam iudaeus vt iudaeos lucrifacerem. Et per hunc modum licet car
178 2572 1939 2630 nes comedere esset imperfectionis: comedere tamen propter infirmos ne crederent non licere persectionis esset
174 2630 1944 2685 & econuerso esset perfectionis non comedere aut non bibere vinum ne proximus per infirmitatem scandalizaretur in
176 2672 1946 2735 comestione aut potatione: quod forte alias licitum esset aut perfectionis comedere: vt pote panem & aquam
173 2732 1941 2789 in poenitentiam. &. c. xiiii. Bonum est non comedere carnes neque bibere vinum neque in quo frater tuus offen
178 2772 1939 2847 ditur aut scandalizatur aut infirmatur. Et similiter si laborare manibus praebuisset scandalum aut offendi-
167 2838 1944 2898 culum aliis apostolis & nullum profectum eis quibus praedicabat: perfectius fuisset ei non laborare quam laborare.
176 2884 1939 2955 Nequaquam tamen esset ei perfectius sequi in talibus quandoque substantiam actionis Christi: vt fugere passio
176 2948 1928 3005 nem ex iusta causa, aut propter iniustam illam sustinere: & in hoc homo non potest sequi rationem per-
172 2996 1940 3061 fectionis Christi: quia non est institutus in hoc doctor vniuersalis ecclesiae, sicut fuit Christus. pro-
177 3045 1950 3119 pter quod licet fugere in Christo fuerit opus perfectionis secundo modo, non tamen sic in aliis esset
181 3103 1944 3166 opus perfectionis. & per hunc etiam modum licet in Christo fuerit opus perfectionis non laborare sed viuere de
180 3166 1946 3239 euangelio: non sic fuisset opus perfectionis in Paulo sicut neque fuit in aliis apostolis. Sequendo autem
