2437 3726
498 216 2270 326 lud ergo non est generaliter verum nisi ponendo quod non sit aliqua alia causa prima respectu alterius nisi
517 316 2278 376 solus deus: aut quod ab ista causa prima quae non est deus, habeat esse secundum id quod est ipsa causa secunda. Quorum
512 373 2269 432 neutrum verum est: multae namque sunt aliae causaeprimae respectu alterius: vt respectu secundae, quae non sunt deus, &
513 422 2269 489 a quibus non habet causa secunda esse id quod est: puta in operibus caeli intelligentia mouens caelum est causa
511 475 2274 546 prima, & ipsum caelum est causa secunda: & in operibus elementorum & compositorum ex elementis caelum est causa prima
516 533 2269 596 & elementa sunt causa secunda: & tamen elementa non habent esse id quid sunt a caelo sicut a causa prima, neque caelum
518 584 2271 656 ab intelligentia, nisi secundum errorem aliquorum philosophantium, puta Auicen. iii. Metapha suae. Atali ergo causa prima
514 645 2269 707 si sit aliquid seu aliquam virtus in causa secunda, illa necessario est aliquid praeter illa quae sunt de natura ipsius agentis se
516 690 2268 762 cundi: & praeter id quid est: licet forte a causa prima quae deus est non sit aliquid in causa secunda quo agit suam
507 751 2271 825 propriam operationem, praeterquam id quid est ipse. Propter quid dicunt aliqui quod in singulis causis aliis a deo quae sunt omnes
515 801 2265 869 causae secundae respectu illius, non est nisi id quod naturaliter ipsi inditum est a deo, quo quaelibet earum agit propriam ope
512 869 2267 926 rationem competentem sibi secundum illud: vt quod ignis sola forma igneitatis generat ignem, & forma caloris ge-
516 911 2271 979 nerat caliditatem siue calidum: ita quod deus nihil aliud influit in ignem vt generet ignem, neque in calorem eius vt
514 977 2268 1042 generet calorem, praeter hoc quod causat in illo formam igneitatis & caloris: ita quod quicquid agit in eo quid fit & proce
522 1018 2274 1084 dit ab agente creato siue mediate siue immediate, hoc agit virtute naturae suae praesentis substantialiter: non
520 1074 2279 1133 autem per aliud ab eo influxum agenti secundo. Vnde enumeratis pluribus effectibus agentium secundorum dicit
515 1133 2270 1203 Augustinus vii. de ci. dei. Haec omnia facit atque agit vnus verus deus: sed sicut deus idem vbique totus praesente potentia. Di
515 1184 2265 1252 cunt etiam aliqui quod deus non aliter operatur opera ignis quae agit vi igneitatis aut caloris, quam per illa inquantum ista
521 1248 2269 1307 operatus est in igne: ita quod non sit ponendum quod immediate operetur deus in opere quolibet creaturae aut operato ab
523 1290 2271 1362 illa, praeter hoc quod operetur mediante illa, inquantum id quo illa operatur habet esse ab ipso in istat. vt secundum il
516 1341 2277 1411 lud intelligatur ita dixisse Augustinus continue post iam dicta. vii. de ciui. ca. xxx. Sic itaque omnia quae creauit admini
517 1403 2267 1462 strat vt etiam ea proprios motus agere finat. Et Anselus libro de concor. praescientiae & liberi arbitrii dicit sic.
514 1464 2273 1525 Sicut deus non facit iniustitiam: ita non facit aliquid iniustum esse: qui tamen facit omnes actiones & omnes motus: quia ipse
516 1515 2264 1581 facit res a quibus & ex quibus & per quaes & in quibus fiunt: & nulla res habet vllam potestatem volendi aut faciendi: nisi
519 1570 2269 1639 illo dante. Et non dicit Augustinus. Sic deus res administrat vt cum illis proprios motus illarum agat. Quo
510 1618 2269 1693 modo autem & quaere necessarium sit ponere quod alitur quam secundum tactum modum deus mediate aut immediate cooperetur
523 1675 2262 1749 creaturae in omni opere sibi proprio & naturali, non video: nec tamen assero hoc non esse ponendum aut necessa
512 1728 2266 1807 rio non esse ponendum. Forte enim hoc diuinae maiestati congruit: & ideo illud ponendum est: quia quicquid maie
514 1793 2262 1859 stati eius congruit ei necessario congruit: quia in ipso nihil est contingenter: & quicquid ei inest aut con
522 1838 2270 1913 gruit, necessario ei inest aut congruit: & quicquid ei non inest, aut non congruit, impossibile est
521 1896 2271 1966 ei inesse aut congruere. Similiter nec assero quin sit ponendum aut quin sit necessario ponendum tamquam con-
522 1952 2268 2023 gruens diuinae maiestati, quod ad hoc quod agens secundarium agat aliquid forma sibi a deo indita, deus adhuc
517 2001 2256 2071 influat illi aliquam aliam virtutem necessariam illi ad agendum, propriam illius operationem, sine qua per formam
522 2055 2252 2123 sibi inditam non posset agens secundarium aliquam operationem suam producere: maxime cum ad operationes
519 2106 2247 2169 suas indigeant causae secundariae in elementis & elementaribus super formam sibi a deo naturaliter inditam vir-
516 2168 2255 2229 tute influxa ab alio agente primario sub illo omnino primo, puta a caelo: a quo non habent elementa neque ele
517 2213 2256 2282 mentaria mixta ex elementis quo ad species suas: formas suas quibus agunt secundum iam dicta, quae
523 2277 2265 2336 tamen non agunt suas proprias operationes nisi per aliquam virtutem influxam a caelo. secundum quod di-
520 2326 2259 2395 cente Philosopho secundo Physicorum, homo generat hominem & sol. Vnde vt etiam dicunt aliqui: quia caelum non influit
517 2376 2260 2453 illam virtutem nisi mediante motu, si caelum staret nulla esset alteratio, neque generatio, neque corruptio aut mo
523 2438 2273 2509 tus aliquis naturalis in elementis aut mixtis ex illis: quia nec calidum calefaceret: nec frigidum frigefaceret hi
515 2495 2267 2552 cet in hoc eis alii contrarientur, & merito vt puto, dicentes quod licet elementa aut formae substantiales atque
516 2545 2274 2622 accidentales eorum non sufficiant ad generationem mixti in forma mixti sine virtute caelesti illis influxa: sine
521 2595 2271 2661 qua etiam vnum mixtum non sufficit generare alterum, vt equus equum: sufficiunt tamen ipsa elementa secundum formas
522 2647 2261 2713 ipsorum substantiales & accidentales ad generationem sibi consimilium secundum formam substantialem & accidem
513 2704 2268 2769 talem: vt quod ignis igneitate generaret ignem & caliditate sua generaret calidum. Et quod amplius est, dicunt aliqui
520 2758 2268 2826 quod elementa sua forma accidentali sola generant sibi similia secundum formam substantialem elementi vel mixti:
521 2811 2271 2879 vt ignis calore existente in seipso de aqua ignem: & equus calore existente de ipso in semine ab ipso deci
521 2868 2267 2934 so equum: & hoc sola virtute caloris secundum diuersos gradus caloris diuersa & varia mixta generando
520 2915 2272 2987 vt ex semine equi secundum vnum gradum caloris equum, & ex semine asini secundum alium gradum caloris asinum
516 2971 2268 3039 absque aliqua virtute in semine influxa in calore ab illo a quo semen decisum est. Quod nullo modo pont
519 3024 2267 3087 stare: quia cum calor consideratus vt est tantum calor secundum diuersos gradus non differt vt est in subiecto
517 3077 2271 3141 nisi secundum magis & minus: nec similiter operatio nec etiam operatum mediante eius operatione differre
520 3129 2275 3203 possunt amplius quam secundum magis & minus. Haec enim tria, agens, propria operatio, & proprium operatum per se
