2438 3749
149 260 1922 342 sunt ordinata adinuicem. & in talibus tenet illa regula: Simpliciter ad simpliciter &c. Quare cum operationes ca
149 342 1923 402 loris differant specie in generatione & corruptione, puta disgregare per putrefactionem, & congregare disgre-
151 394 1922 461 gata per generationem ex putrefactis: dicente Philosopho quarto libro Meteororum. Animalia innascuntur putrefa-
155 435 1920 509 ctis: eo quod disgregans caliditas naturalis cum sit constare facit disgregata: & similiter differant specie ope
154 491 1921 560 rata a calore in generatione equi ex semine equi, & asini ex semine asini: oportet ergo quod calor hinc
149 550 1922 612 inde non solum differat secundum magis & minus: sed alio modo, scilicet per aliquid additum aliud & aliud
157 612 1920 674 quid determinat ipsum ad aliam & aliam operationem: & etiam ad aliud & aliud operatum: quod appellamus virtutem in
156 662 1916 727 agente secundario ab agente primo: puta in calore putrefaciente a corpore caelesti: quae sit naturalis & con-
152 714 1930 791 gruens ad speciem alicuius vermis producendam: & in semine equi ab illius forma substantiali a qua semen
159 774 1926 827 deciditur ad solummodo producendum simile ei in specie: etsi semen sit commixtum & decisum a duobus
157 811 1918 883 differentibus specie: puta ex asino & equa in generatione muli virtus commixta est ab vtroque in calore existente
154 865 1919 938 in semine commixto, per istam enim virtutem existentem cum calore in semine, semper simile generatur ex simili vt equus
155 917 1920 995 ex equo siue ex eius semine: & asinus ex asino siue ex eius semine: & similiter mulus ex mulo. licet enim sit mulus
160 971 1918 1039 ex asino & equa: virtus tamen vtriusque conmixta in semine ex quo generatur mulus, est virtus vtriusque: in quae vtrumque
150 1035 1928 1098 illorum est mixtum, sicut ambo sunt mixta in mulo: vt per illam virtutem mixtam in semine duorum quodammo
157 1093 1928 1156 do generetur mulus ex mulo. propter quid philosophus. vii. Metaphysicae vbi exponit quomodo semper simile gene
153 1146 1928 1202 ratur a simili, dicit sic. Semen facit sicut illa quae sunt ex artificio. Commenta. Semen enim generat per po
153 1185 1929 1263 tentiam in eo similem artificio. Et est potentia ista virtus cum calore in semine illius a quo est semen
157 1240 1931 1310 decisum. Vnde Aristote. continuo subdit. Et illud ex quo est semen, est conueniens in nomine quo
158 1299 1927 1376 quo modo. non enim oportet quaerere omnia ista in eadem dispositione in qua generatur homo ex homine
157 1354 1932 1422 & ideo mulus non est ex mulo nisi sit quiddam scilicet virtus asini & equae conmixta in semine. vbi dicit Com
155 1398 1935 1475 menta. Dicimus quod cum considerata fuerit demonstratio Aristotelis in hoc loco, apparebit quod semina sunt
154 1455 1923 1528 illa quae dant formas rerum generatarum ex seminibus per formas quas dederunt semina generantia ge-
161 1516 1928 1578 nerabilibus. Ex se autem apparet quod corpora caelestia sunt ista quae dant illis formas vel aliquid loco
163 1568 1934 1637 seminis & virtutum quae sunt in seminibus in eis quae generantur ex seminibusi & quod omnes illae
161 1632 1928 1697 virtutes sunt virtutes naturales diuinae generantes sibi similia secundum quod artes generant artificiata.
154 1687 1930 1738 Appellat autem Commentator generabilia ex se illa quae fiunt ex putrefactione: quae loco seminis ha-
158 1723 1926 1800 bent putredinem: & loco virtutum quae sunt in seminibus a generante, virtutem quam dant illis corpora
167 1785 1934 1860 caelestia. Et vt aestimo errant aliqui in assignando modum generationis similis secundum formam ex se
156 1833 1923 1900 mine a calore qui est in semine & a certa virtute. Dicunt enim quod calor non agit nisi calefaciendo: & hoc
160 1899 1925 1959 disponendo in digerendo materiam prout regulatur a vi dicta: vt de ipsa educatur forma substan
168 1949 1928 2007 tialis: quam non attingit calor vt dicunt: sed materia disposita illam attingit sola virtus illa immediate
162 2004 1933 2073 producendo formam substantialem de materia. Secundum quem modum plures dicunt quod generaliter in omni pro
167 2047 1934 2126 ductione creaturae a creatura esse in illa est immediate a solo deo: sed determinatio ipsius esse qua est
166 2098 1940 2168 aliquid, solummodo est a creatura. iuxta hoc quod super illud Boetii. Diuersum est esse & id quid est. di-
161 2150 1935 2236 cit Commen. Esse & esse aliquid multipliciter dicuntur. Nam in theologia diuina essentia quam de deo praedi
166 2207 1936 2275 camus cum dicimus deus est, omnium creatorum dicitur esse: cum autem dicimus homo est vel corpus est vel
161 2258 1932 2328 huiusmodi, theologi hoc esse dictum intelligunt quadam extrinsecus denominatione ab essentia sui
171 2309 1933 2387 principii. Non enim dicunt corporalitate corpus esse: sed esse aliquid: nec humanitate hominem esse: sed es
167 2368 1930 2438 se aliquid. Et similitur vnumquidque subsistens essentia sui principi scilicet primi quod est deus, praedicatur non esse aliquid
162 2430 1933 2498 sed esse. Illa vero quae in ipso creata est substantia, non esse: sed esse aliquid. Et ad eundem modum quicquid ope
166 2467 1940 2546 rante summo principio est, eadem principali & increata essentia dicitur esse: suo vero quolibet genere es
174 2528 1943 2599 se aliquid esse. Cui videtur concordare idem Commentator supe primam propositionem de causis dicens sic. Cau
166 2578 1933 2649 sa vniuersalis prima agit in causatum secundae antequam in ipsum agat causa vniuersalis secunda quae sequitur
166 2634 1936 2713 ipsam. Et quid agit in illud primo antequam in illud agat causa secunda, exponit super quartam propositio-
172 2684 1941 2759 nem super illud Prima rerum creatarum est esse. dicens sic. Quod est: quia est supe sensum & super animam & super
170 2741 1937 2812 intelligentiam: & non est post causam primam latius: neque prius causatum ipsa. Propterea ergo factum est
164 2796 1935 2867 superius causatis omnibus & vehementius vnicum: & non est factum ita nisi propter propinquitatem suam
177 2850 1936 2929 puro & vni in quo non est multitudo aliquo modo. Et secundum hunc modum dicunt etiam quod propterea
175 2902 1938 2981 esse proprie habeat esse in re per creationem: esse autem aliquid non nisi per quandam ipsius esse informa
177 2968 1941 3030 tionem: non autem proprie per creationem. Vnde exponendo illud propositionis. xviii. Res omnes entes sunt pro
175 3009 1942 3092 pter ens primum. dicit sic. Quod est: quia si omnis causa dat causato suo aliquid, tunc procul dubio ens primum
175 3061 1940 3144 dat causatis suis omnibus ens. Et dicamus quod ens primum est quietum & est causa causarum: & si ipsa
169 3119 1939 3215 dat omnibus rebus ens, tunc ipsum dat eis non per modum creationis, sed per modum formalem.
