2470 3720
171 278 1966 355 tum vt calidum siue habens in se calorem, dicitur agere, & totum compositum vt humidum siue habens in se humi
175 340 1964 407 ditatem, dicitur pati. vnde quando simul sunt in eodem subiecto calor & humiditas, idem vt totum & vt composi
178 394 1964 460 tum agit in seipsum: sed alio sui agit: & alio sui patitur: per quod quoquo modo agens tangit passum
169 445 1949 507 Tangere autem tactum: quo tactum caret omnino quantitate tangentis: non semper requiritur secun-
167 497 1955 568 dum quod saepius exposui. Ex quo patet non valere quid aliqui nituntur arguere contra dicta nia nunc
169 562 1947 622 & alias: quod non agit neque patitur nisi totum compositum: tangens ergo idem subiecto non possunt esse agens,
174 601 1949 667 & patiens: siue actiuum & passiuum. Quod etiam arguunt: quod nullius formae est agere ad subiecti sui destru
174 663 1951 722 ctionem: sed potius ad eius conseruationem: quia tunc ageret ad destructionem suiipsius: cum tamen vnumquidque natu
174 719 1947 781 raliter agit ad suiipsius conseruationem: Dico quod hoc non habet veritatem nisi in simplicibus: in mixtis
180 768 1955 830 enim nunquam cessat calor naturalis consumere humidum. aliter nunquam corrumperetur mixtum nullo extrin
174 822 1947 890 secus agente. secundum quod etiam aliqui hoc supponentes ponebant corpora danmnatorum incorruptibilia: quid
170 874 1957 943 alibi reprobauimus. In mixtis ergo calor naturaliter corrumpit suum subiectum: & sic seipsum: licet per se
178 928 1947 992 vnumquodque nititur saluare seipsum. Sed istae modus agendi aliquid in seipsum non est ille de
180 982 1948 1054 quo ad praesens quaerimus: sed quaerimus de eodem simplici secundum rem: de quo distinguo:
180 1046 1944 1104 quia aut cum hoc quod ipsum est idem re: est etiam idem ratione, aut cum hoc est diuersumra-
178 1096 1947 1156 tione. Si primo modo, dico quod nunquam in eodem neque in deo neque in creaturis diuersae relationes rea-
177 1142 1959 1212 les fundantur. nisi enim in deo differrent ratione intellectus & voluntas, nunquam essent emanationes
177 1209 1950 1269 diuersae in diuinis secundum diuersas relationes: vt alibi satis declarauimus. xi. Quolibet quaestione
179 1251 1954 1320 sexta: & in quaestionibus ordi. arti. ln quaestione. vi. In quibus locuti sumus de relationibus actiuorum
179 1313 1943 1376 & passiuorum vt sunt in distinctis suppositis: licet super idem re secundum aliam & aliam rationem fundatae:
181 1371 1954 1427 vt contingit in diuinis, absque tamen mutatione & motu aliquo: & vt etiam actiuum & passiuum
178 1410 1951 1473 sunt distincta secundum suppositum & rem absolutam, in quibus est motus corporalis & proprie dictus
171 1472 1951 1533 Et ideo nec etiam relationes diuersae & reales quae non sumuntur in diuinis nisi secundum emanationes & ter
180 1519 1949 1582 minos earum, possent esse in diuinis: quare & multo minus in creaturis: in quibus non sunt relationes rea
180 1575 1955 1641 les diuersae nisi secundum maiorem diuersitatem fundamentorum quam in diuinis, vt iam patebit. Si ergo sit aliquid
179 1626 1952 1695 idem simplicitate rei & diuersum ratione: aut ergo ratione absoluta: & hoc est absque ordine ad aliquid
187 1689 1951 1751 extrinsecum quod exigat: aut respectiua, & hoc est in ordine ad aliquid extrinsecum re differens, quid exigit
181 1731 1950 1806 vt sit illarum relationum fundamentum. Si primo modo, dico quod in solo deo super idem secundum diuersas
184 1795 1944 1857 rationes fundantur respectus disparati secundum duo genera relationum, puta secundum actum
182 1843 1948 1914 generationis actiuae & passiuae super diuinam essentiam vt habet rationem intellectus: & secundum actum spi
183 1905 1947 1963 rationis actiuae & passiuae super eandem essentiam vt habet rationem voluntatis. Si secundo modo: aut er-
187 1946 1951 2021 go differt idem re & ratione respectiua vnius ad vnum, aut vnius ad diuersa. Si secundo modo: sic in
179 2008 1952 2073 creaturis bene diuersae relationes reales fundantur super idem re simplici: scilicet secundum ordinem
184 2059 1942 2123 eius ad diuersa, puta super eandem albedinem in vno albo fundatur similitudo in ordine suo ad aliud al
183 2112 1949 2173 bum, & dissimilitudo in ordine suo ad nigrum. Et sunt similitudo & dissimilitudo duae species relationum
177 2165 1939 2233 inter se contrariarum: quarum quaelibet requirit in extremis diuersitatem realem fundamentorum absolutorum. Sili-
183 2214 1947 2283 tudo quidem secundum numerum sub eadem specie qualitatis. Dissimilitudo vero secundum speciem sub eodem genere quali
185 2277 1945 2340 tatis. Et quia nulla diuersitas realis absolutorum cadit in deo, ideo plures tales relatones reales non praesent funda
188 2320 1953 2395 ri super illud vnum singlare quod est in deo: de quali pluralitate adhuc non quaerimus: sed quaerimus de philosoali
190 2388 1949 2450 tate relationum realium in eodem simplici secundum rem, super quod ambae fundantur secundum diuersas rationes
185 2442 1949 2501 respectiuas vnius ad vnm. scilicet illarum rationum inter se. Et est dicendum quod super idem sic diuersum secundum
184 2483 1955 2551 rationem talem non possunt fundari relationes reales plures conuenientes in nomine, cuiusmodi sunt aequa
186 2541 1951 2608 le & simile & eorum contraria: quia vt dictum est, istae relationes cum sint reales requirunt realem diuersita
181 2597 1947 2657 tem fundamentorum: neque similiter diuersae relationes reales secundum mensuram & mensuratum: quia altera
187 2652 1945 2713 istarum secundum rationem est: secundum philosopum. v metaphysicae, vt ista quae est in mensura. Si ergo essent diuersae
191 2697 1944 2767 relationes, oporteret quod essent diuersa mensurata: quae necessario sunt re diuersa secundum diuersas perfectio
191 2753 1949 2815 nes reales. & sic super idem secundum modum quem quaerimus non possunt fundari plures relationes reales secundum
193 2815 1951 2873 duos modos relationum neque in diuinis: neque in creaturis. Si ergo illud sit possibile, hoc solum oportet
194 2859 1948 2920 esse in actiuis & passiuis. Quod procul dubio secundum fidem necesse est ponere in diuinis: pater enim &
190 2922 1946 2982 silius in diuinis dicuntur relatione reali inter se secundum vtrumque extremorum secundum rationem actiui &
199 2983 1947 3040 passiui. Sed dubium est multis an hoc possit contingere in creaturis. ET dicunt multi quod in creaturis hoc
188 3021 1948 3093 omnino est impossibile: quia actiuum & passiuum siue agens & actum siue producens & productum in creaturis non sunt si
195 3073 1952 3151 ne motu aut mutatione. secundum quam vadit aliquid de potentia ad actum. Actus autem & potentia necessario sunt
196 3144 1951 3213 contraria: nec compatiuntur sese circa idem. vnde per immediata diuidunt ens secundum totum ambitum suum. omne
