2460 3716
530 246 2338 352 enim ens autem est in potentia, & sicut materia: aut est in actum: & sicut forma vel habens formam.
539 334 2331 395 secundum actum autem & potentiam sumitur differentia inter agens & actum. Nullo ergo modo in
535 390 2335 445 eadem re simplici creata, quantumcunque ratione diuersificetur, possunt esse actiuum & passiuum siue agens
541 445 2333 501 & actum: vt idipsum re sit agens & actum. aliter enim res seipsam formaret: & quod est in potentia sese
535 506 2335 566 deduceret ad actum, & esset simul in potentia & in actum: quia secundum quod est agens debet esse in
537 554 2329 621 actum, & secundum quod est patiens debet esse in potentia. Et ideo dicunt aliqui quod tales relationes reales duae quae
540 605 2332 670 sunt in actiuis & passiuis, nullo modo possunt super idem re differens sola ratione fundari in creaturis: li-
541 665 2330 729 cet hoc sit possibile in deo: vbi nihil vadit de potentia ad actum: sed in eo sunt ratio actiui & passi
543 712 2326 775 ui, absque omni innouatione: & secundum aliam rationem quam in creaturis: quid impossibile est esse in crea-
537 764 2327 835 turis sicut iam patebit. DIco quod reuera potentia est contraria actui non cuicumque: sed illi qui est complementum
541 821 2337 873 ipsius potentiae. lste enim actus cum res est in potentia, non est: & econuerso cum ipsa est in potentia actus non est
540 874 2325 936 Et isti sunt actus & potentia qui diuidunt ens, & impossibile est quod aliquid idem re vt est in potentia ad
545 933 2332 993 talem actum, deducat se ad illum: idem tamen re quod est in potentia ad talem actum, puta voluntas ad actum
537 980 2337 1051 volitionis, si simul cum hoc quod est in potentia ad actum illum secundum vnam rationem eius possit esse in actu sub isto
538 1029 2328 1101 secundum aliam eius rationem secundum quam natus est iste actus produci ab eodem secundum aliam rationem, nullum est inconueniens
546 1091 2326 1153 quod idem vt est in actum secundum vnam eius rationem, seipsum vt est in potentia ad illum secundum aliam rationem deducat
538 1142 2321 1209 de potentia ad actum. verbi genera, si sol cum hoc quod est calidus virtute esset in potentia ad actum secundum
538 1195 2325 1258 formam caloris, seipsum prout est actu & virtute talis qualis est in potentia vt fiat talis secundum
543 1254 2321 1308 formam caloris de potentia calido faceret actu calidum. Similiter si forma substantialis lapidis ha-
545 1305 2330 1366 beret vim illam quam habet forma accidentalis grauitatis quae est in ipso, & hoc ex se & substantialiter
541 1367 2335 1429 absque forma accidentali grauitatis existente in ipso: tunc per hoc quod esset in actum secundum vim illam posset lapi-
550 1413 2326 1474 dem facere in actum secundum descensum deorsum cessante impedimento, ad quem impedimento existente erat in
547 1468 2325 1530 potentia, actu tamen sub illa vi. Sic dico in proposito quod voluntas ratione suae libertatis est virtute tale
551 1523 2323 1592 quid quale est volitio, forma scilicetur sua quae ipsa est. Propter quod ipsa voluntas quia virtute talis est
549 1569 2325 1635 qualis est ipsa secundum formam quando est informata forma volitionis, siue quae est volitio ipsa: seipsam vt est in
549 1630 2332 1693 potentia ad formam volitionis potest deducere de potentia ad actum: & est volitio actui qui est complementum il
540 1684 2318 1744 lius potentiae & isti potentiae contraria: nec prasent esse simil. Actus autem quo voluntas est virtute tale nec volitio
544 1732 2320 1798 ni nec potentiae ad illam contrariatur: sed est simul cum ambobus quia est alterius generis: & cum voluntas secundum
542 1790 2322 1853 actum volitionis seipsam facit de potentia in actum, est actio agentis aequiuoci: sicut cum sol generat homi-
541 1845 2322 1905 nem aut calorem. CVM ergo quaerunt & arguunt sic aliqui: si voluntas continet virtute formam illam
541 1899 2324 1962 ad quam est in potentia, aut ergo sicut instrumentum: aut sicut agens principale. Dico quod sicut agens principale
547 1953 2319 2020 & essentiale. Quia addunt: ista ergo forma quam voluntas continet virtute, aut est eadem numero cum ista
547 2007 2321 2071 ad quam est motus voluntatis, aut non: Dico quod ipsa eadem est: sicut eundem calorem quem generat sol
552 2062 2324 2131 ex materia, prius continebat: & simul quando producit, producit eum secundum actum formae: &
547 2111 2319 2173 continet eum virtute: sed solummodo ad semel generandum illum eundem secundum numerum. Ad pluries autem
544 2167 2323 2224 immo infinities generandum continet virtute eundem secundum speciem. Sed arguunt: si voluntas continet illam
553 2223 2327 2292 vt eandem numero iam habet volitionem illam, dico quod verum est si illam aliter habenet quamvirtute id est formaliter: ad
552 2275 2326 2328 quam sic est in potentia. Similiter quod arguunt: si continet illam vt aliam numero: ergo non possunt esse
548 2326 2319 2389 simul in eodem quia sunt eiusdem speciei: Respondendo modo eodem dico quod forma qua voluntas con
545 2379 2323 2445 tinet virtute omnes volitiones quas potest in se habere est ipsa potentia volitiua vt actiua est: quae sola
540 2435 2332 2498 ratione differt a substantia animae cuius est potentia: & est potentia ipsa substantia animae secundum rem: &
549 2485 2327 2551 econverso. Et ideo sicut differunt genere ipsa animae substantia & ipsa volitio, sicut forma quae est substantia &
548 2540 2324 2605 forma quae est accidens: sic differunt forma qua voluntas virtute continet formam quae est volitio, & ipsa
553 2593 2332 2665 volitio. & est ruditas ingenii magna nescire distinguere qualiter aliquid continet formam aliquam for-
549 2650 2325 2709 maliter vt ignis in se calorem suum, & virtualiter vt sol istum calorem quem ignis continet for-
546 2706 2321 2771 maliter. Credo quod ista videns de facili non possit redargui in hac materia: & clare videre quomodo idem
547 2758 2321 2821 ens in actu virtute potest bene seipsum deducere in actum secundum formam ad quam est in po-
547 2813 2319 2872 tentia: & sic formare seipsum: sicut & formare posset aliud si talis actus posset transire in alterum
549 2859 2323 2920 & esse alterius quam agentis: sicut motus transit in alterum & est alterius quam sit mouens. Sed istud non
551 2919 2325 2984 est natum contingere secundum quemlibet actum in creaturis: nec est tamen omnino natum fieri in diui
543 2973 2324 3042 nis. Licet enim relationes in actiuis & passiuis habeant esse in diuinis secundum diuinos actus qui sunt
552 3025 2331 3085 generatio & spiratio, & in creaturis secundum actum volitionis, & illi consimiles, secundum quos idem
551 3084 2319 3146 potest se ducere de potentia in actum, vt dictum est: & similiter in creaturis secundum alios quibus nihil
535 3131 2325 3226 seipsum sed solummodo aliud de potentia potest in actum ducere, vt patet in calefaciente, & calefa-
