2428 3711
180 281 1958 375 lectus solus separabilis est ab aliis sicut perpetuum a corruptibili: & loquitur de potentia intellecti-
171 369 1962 431 ua respectu aliarum: Dicendum quod verum est. Sed separari aliquid potest intelligi dupliciter, vel se
173 416 1946 484 cundum substantiam & actum vel operationem, vel secundum substantiam tantum: non autem secun
172 467 1948 546 dum actum & operationem. Primo modo solus intellectus hoc est potentia intellectiua, separabi-
170 522 1948 598 lis est: quia ipsa sola separata a corpore potest in actum intelligendi, & non sensus in actum sentien
178 580 1940 648 di: & vegetatiuum in actum vegetandi. vnde secundum substantiam suam solum manent quasi
176 627 1940 698 in potentia & in radice. Et hoc est quod scribitur in fine de spiritu & anima. Anima sine carne
173 680 1939 750 rationale suum tenet. Sensus autem qui in exteriori homine describuntur, simili modo secundum
169 747 1962 796 modum suum in interiori esse manifestantur. ARgumentum secundum concedendum est: A
179 797 1934 857 quia veritatem meram cuilibet fideli concludit. AD tertium respondendum, non propter conclu
175 844 1939 906 sionem, sed propter formam argumenti: quia eodem medio posset concludere quod corpus non prae-
170 897 1939 975 dicaretur substantialiter de homine: quia ab alia forma homo habet esse corpus & homo, vt dictum
173 954 1946 1014 est, & ita corpus est pars hominis: et dicendum: quod iuxta determinationem Auicennae in. v meta-
172 1008 1939 1068 physicae suae, Corpus substantia vno mod dicitur materia hominis, & pars: alio vero mod dicitur genus ho-
169 1067 1938 1131 minis, & totum. Et primo modo non praedicatur de ipso nisi in obliquo vt procedit obiectio. Secundo vero modo
169 1110 1947 1190 bene praedicatur de ipso in recto. Corpus substantia, vt dicit, est subiectum habens longitudinem, & spissitudinem
173 1167 1944 1244 & perfunditatem. Et potest considerari dupliciter. Vno modo, vt sumitur tamquam aliquod ens per suam essen-
161 1216 1933 1299 tiam distinctum ab alio quod sibi est adiungendum, tamquam non inclusum in sua intentione, sed sustentatum in ipsa
163 1272 1936 1352 & additur illi. Sic corpus est materia. Alio vero modo potest considerari vt accipitur tamquam aliquod
162 1329 1942 1380 ens non distinctum in natura sua & essentia ab illo quod sibi adiungendum est: sed tanquam includens inde-
163 1374 1941 1461 terminate in se illud adiungendum ei solum tamquam specificatum: non tamquam omnino extra, & in illo susten
164 1442 1935 1499 tatum. Sic corpus est genus. Genus enim inquantum est genus, indeterminatum quid est & indesigna-
158 1496 1933 1565 tum, expectans esse sui determinationem per differentiam in specie, & designationem per suppositum sub ipsa
168 1542 1933 1602 specie. Species autem inquantum species determinatum quid est per differentiam: indesignatum autem quo
173 1591 1931 1665 ad suppositum. Suppositum autem sub specie determinatum quid est & designatum. Vnde dicit Auicenna.
165 1651 1934 1721 Cum genus accipitur secundum quod est genus, est adhuc quasi ignotum. Non enim scitur de qua for-
167 1697 1931 1772 ma praedicetur, & quas formas contineat: vnde anima intendit hoc acquirere, nondum enim stabilitum est
164 1750 1929 1827 in effectu aliquod determinatum: sed quaerit anima addi aliquid quousque fiat in effectu aliquid. De na
156 1812 1940 1864 tura autem speciei est quod non acquiritur acquisitio intentionis, sed designationis. De natura autem generis
156 1854 1929 1937 est quod non erit animae possibile ponere illud esse aliquid, ita vt possit concedi esse quodcumque signatum: nisi postquam
168 1916 1931 1993 adduxerit ei alias intentiones. nisi enim esset hic modus respectus in praedicatione speciei, natura gene
162 1961 1933 2042 ris esset pars non praedicata. Corpus ergo primo modo quod est collectio substantiae compositae ex materia
168 2016 1931 2093 & forma corporeitatis substantialis: quae est secundum intentionem materiae: & ita vt altera pars compositi
169 2069 1931 2143 materia in homine expectat animam vt formam eius: nullo modo praedicatur de homine nisi in obliquo.
171 2125 1922 2209 Corpus vero secundo modo est collectio ex materia & forma, quae est corporeitas substantialis: non se-
172 2176 1925 2246 cundum intentionem materiae expectans additionem animae tamquam formae extra intentionem suam existentm: sed
167 2227 1932 2313 secundum intentionem formae purae sub esse indeterminato complectens intentionem formae animati qua ani
162 2287 1931 2354 matum est, & inanimati qua inanimatum est. Sic corpus est totum ad hominem & ad omne imanimatum: simi
165 2337 1927 2409 liter & ad animatum. & est genus vtriusque praedictatum de vtroque: non tamquam pars de toto: sed tamquam totum inde
151 2393 1927 2477 terminatum de toto terminato. Et est omnino simile de composito naturae ex materia & forma: ad ipsam
158 2444 1927 2509 materiam eius, quae est in potentia ad compositum, vt generetur ex ipsa via naturae: & de composito rationis spe
164 2502 1928 2567 cie scilicet ex genere & differentia ad ipsum genus quod est in potentia ad speciem, vt generetur ex ipso
163 2553 1919 2632 via rationis. In generatione enim naturali, vt dicunt philosophus & Commentator. viii. metaphy
159 2606 1926 2672 sicae, transmutatur illud quodest in potentia, donec fiat in actum sub agente scilicet sub extrahente ipsum
164 2659 1913 2722 ex potentia in actum: & translatio non largitur ei quod primo est in potentia multitudinem aliquid ad-
153 2712 1924 2792 dendo ei omnino ab extra: sicut contingit in datione formarum: sed solummodo largitur ei persectionem
163 2763 1924 2849 in esse: vt generatum sit compositum in actu per formam ex eo quod est in potentia tale. Et est quasi compositum
167 2826 1921 2900 potentiale continens in potentia quicquid genitum continet in actum: vt compositum in actu de quasi composito
163 2881 1925 2939 generetur scilicet de materia, non secundum id quid est, & substantia quaedam differens per essentiam a forma: sed in
159 2936 1924 3002 quantum est in potentia ad compositum, & ad formam in ipso: per quam compositum habet esse in actum: & materia si
159 2981 1926 3065 militer. propter quod, totum est vnum in actum: licet sint in ipso differentia per essentia. scilicet materia & forma. Vnde
147 3038 1920 3110 dicit Commentator supe principium secundi de anima. Si materia & forma essent in composito existentes
147 3080 1916 3164 in actum: tunc compositum diceretur vnum, sicut dicitur vnum de rebus quae sunt secundum contactum & li-
151 3131 1926 3233 gamentum vnum. Nunc autem quia compositum non est ens in actum nisi per formam: tunc compositum dicitur
