2379 3720
156 266 1874 351 litatem ad eius plurificationem per indiuidua. Alio modo per errorem, sicut ideae Platonicae, & hoc ab homi-
158 342 1875 408 ne errante, si tamen Plato posuit illas prout ei imponitur, videlicet quod sic per naturam existant a deo
167 392 1866 458 & quod vna est cuiuslibet speciei specialissimae, quae totum gradum & naturam speciei continet sic vt non
164 450 1866 518 possint esse plures illius speciei, sicut est tantum vnica idea hominis quam vocant hominem separatum, &
166 500 1866 558 vna asini, & sic de caeteris. qui tamen homo non erat homo nisi aequiuoce cum illis hominibus qui sunt hic: cum iste
166 552 1868 618 incorruptibilis secundum Platonem sit per naturam & ingenerabilis: isti vero qui sunt hic, generabiles sunt &
172 607 1866 675 corruptibiles: & non posuit aliud vniuersale nec aliam rationem vniversalis super homines qui sunt hic: & quod
166 669 1872 737 iste esset principium generationis ad quem aspiceret natura in generando homines istos sicut ad exemplar
172 720 1864 786 quod etiam principium esset cognitionis hominum qui sunt hic: ad quem respiceret intellectus. In qui
174 775 1872 831 bus reprobat Platonem Aristo. ostendendo quod vniuersale & principium generationis & cognitionis rerum
166 827 1870 891 est in rebus, & quod ratio hominis vniuersalis est per abstractionem intellectus a particularibus homini
174 878 1867 939 bus qui sunt hic: & quod ideo vel aut nihil est aut posterius. propter quid vocat ideas Platonicas modostra: quia
171 935 1877 998 sunt quidam errores & exorbitates a naturis rerum: & cum hoc si esset illa ponere: esset necesse ponere aliud
158 984 1866 1041 vniuersale per abstractionem intellectus ab hominibus qui sunt hic. & praeterea cum quaelibet illarum idea
168 1046 1887 1114 rum esset quoddam singulare per se subsistens limitatum in gradu, necessario esset particulare vel singula
171 1098 1884 1159 re alicuius speciei, sub qua plures tales esse possent: quarum quaelibet in se haberet perfectum gradum
170 1148 1896 1218 speciei & nullam totalitatem essentiae illius: secundum quod aliquando determinauimus de angelis. Tertio autem
166 1202 1878 1276 modo est abstractio per positionem impossibilem, qualis est ista de qua loquimur: quae non est rerum
172 1257 1872 1313 quae sic habeant esse per naturam: sed quae per naturam habent esse in corpore & materia participate,. quae
164 1312 1876 1379 licet in multis haberent rationem idearum Platonicarum: tamen quia esse naturale non habent ni
162 1363 1876 1429 si in participatione, respectum habent ad ista a quibus sunt participantis: qualem non habent ideae Pla
168 1418 1864 1487 tonicae. Habent autem formae istae respectum ad participans, non quidem determinata ad determinatum,
170 1472 1866 1538 puta hic calor separatus ad hoc corpus a quo intelligitur abstractus: tunc enim non excederet gradum
164 1530 1870 1596 illum quem habuit in corpore: sed ad corpus simpliciter: & ad indiuiduum illius vagum: propter quod
163 1580 1865 1643 necessario calor abstractus vniuoce esset calor cum calore in materia: licet formae ideales separatae
162 1636 1871 1698 se per aequiuocationem haberent cum formis quae sunt hic, vt dictum est. Et sunt formae istae separa
165 1694 1869 1754 tae eiusdem speciei specialissimae: & si posset esse vnus calor numero separatus eadem ratione pos-
172 1742 1864 1802 sent & plures: sed essent omnes in aequali gradu sub specie sua sicut sunt angeli sub sua: sed sub illis in
172 1798 1864 1864 gradibus essent calores participati in caloribus: respectu quorum illi essent imparticipati: & per essen
165 1856 1867 1920 tiam. Veruntamen intelligendum quod triplex est participatio in qua participans dicitur habere formam
163 1905 1871 1974 aliquam per participationem: & econtra est aliquid per essentiam tripliciter. Est enim quaedam parti-
166 1957 1868 2023 cipatio formae a materia vel quae est materia tantum, qualis est participatio omnium formarum substantia-
165 2011 1865 2071 lium materialium, vel quae est materia & subiectum, qualis est participatio omnium formarum accidenta
169 2068 1866 2125 lium. & ex opposito huic participationi forma separata tertio genere separationis esset tale per es-
168 2122 1866 2177 sentiam & imparticipata. Alia vero est participatio formae vniuersalis a particulari in eo quod nul-
167 2172 1856 2231 lum particularium continet totalitatem essentiae illius: licet contineat totalitatem gradus ipsius.
165 2223 1867 2293 Et tali participatione forma illa separata esset participans formam speciei licet non esset ab alio perti
162 2281 1858 2345 cipata: & forma existens in materia esset participans forma speciei: & participata a subiecto. Tertio
165 2331 1865 2401 modo est participatio vnius formae singularis ab alia forma singulari: & hoc aut per naturalem existen
167 2393 1865 2457 tiam, aut per quandam positionem aut fictionem. Primo modo quaelibet forma creata participat formam
167 2441 1867 2511 increatam, vt mensuratum mensuram suam. & hoc maxime secundum illud quod est omnium conmunissim. scilicet esse
170 2494 1864 2558 propter quod forma diuina dicitur esse mensura in genere entis simpliciter: sub qua est ponere specialem men-
160 2549 1864 2610 suram in vnoquoque genere vsque ad specialissima: sub quibus sunt sola indiuidua: inter quae nuilum est men
167 2601 1867 2665 sura aliorum: sed omnia sunt aequalis gradus sub specie in substantiis separatis. & ideo esse in crea
161 2655 1863 2719 turis dicitur quaedam diuina participatio secundum quod supra expositum est in prima quaestione. Secundo
166 2717 1861 2783 autem mode scilicet non per naturalem existentiam: sed per positionem aut fictionem quaelibet forma in materia
171 2773 1869 2834 participaret ideam Platonicam & formam de qua loquimur: & ipsa forma talis vel idea esset quid per essen
163 2822 1865 2880 tiam imparticipatum. Et quia tale quid non habet esse per naturam, quia sub specie specialissima non est
167 2869 1867 2937 participatio nisi per aequalitatem, nisi forte in animabus humanis: quid dico propter quendam articulum episco
171 2933 1873 2997 pi qui ponit quod anima Christi in substantialibus nobilior est quam anima ludae: quem negare non volo: Gre-
175 2989 1871 3048 gorius tamen libro xxi. mora. exponens illud lob. xxxi. Numquid non in vt ero fecit me qui & illum operatus
169 3036 1869 3099 est: dicit sic. Magna est virtus humilitatis considerata aequalitate conditionis. omnes namque homines
172 3088 1874 3145 secundum naturam aequales sunt: sed accidit dispensatorio ordine vt quibusdam praelati videantur. Si ergo hoc
163 3144 1872 3223 a mente deponimus quod temporaliter accessit, inuenimus citius quod naturaliter sumus. Si emapud
