2443 3726
495 235 2276 332 seipsam descendit de virtute culminis, citius planitiem inuenit naturalis aequalitatis. Nam omnes ho
492 318 2263 393 mines natura aequales genuit. homo quippe animalibus irrationalibus: non autem caeteris omnibus ho-
487 372 2267 445 minibus natura praelatus est. Dico ergo reuertendo ad propositum: quod participatio quae est in mensurato se
494 427 2269 502 cundum formam quae est mensurae, non est nisi secundum formam quae est generis. propter quod dicitur mensura vni
490 480 2264 566 genea mensurato: & est semper nobilior species sub quocumque genere mensura omnium illorum quae continentur sub
495 541 2266 608 specie minus nobili: & semper mensura inferior est mensurata a superiori: vt omnem mensuram sit re
498 593 2267 671 ducere ad vnamquae deus est: a quo omnia alia & mensurata & mensurae sunt mensurata: & maxi
501 645 2259 720 me secundum esse: in quo metitur gradum suae essentiae: & ipsa a nullo est mensurata: sed ipsa est in se
507 712 2274 772 immensa. AD rationem in oppositum quod magnitudo separata non habet rationem omnis magnitu
498 772 2261 831 dinis existentis in materia: quare nec forma talis omnis formae existentis in materia: Dico quod non sequi
496 821 2261 888 tur eo quod non est simile: quia magnitudo omnis per se extensa est habens partem extra partem ex eo quod in
497 877 2259 938 magnitudo: & non habet aliquos gradus maioris & minoris nisi maius & minus in extensione non au
499 929 2259 1000 tem in formae perfectione propter quod non recipit magis & minus nec in vigore nec in principatione. Propter
497 978 2258 1053 quod ipsa separata etiam eundem gradum extensionis secundum numerum retinet quem habuit in materia eo quod
490 1045 2261 1110 nec a materia nec per materiam habuit illam. Forma autem de qua loquimur econtra ex se non habet exten
498 1091 2261 1155 sionem nec partem extra partem nec magis aut minus: quia hoc solum, vt iam dictum est, habet in subiecto
494 1142 2257 1215 ab efficiente: sed quantum est ex se est in simplici & inuariabili essentia consistens: vt dicitur in principio sex
500 1195 2265 1279 principiorum: licet ista accidant ei secundum quod est compositioni contingens: & ideo ex se nullum gradum potest habere ni
503 1261 2265 1327 si gradum speciei suae, vt dictum est. & ideo forma abstracta a diuersis differentibus in subiecto secundum
498 1315 2262 1383 maius & minus aut magis & minus, puta a magis calido & a minus calido, necessario aequalis gra-
507 1366 2267 1438 dus & continentiae est. propter quid licet quantitas separata non possit habere in se secundum gradum rationes omnium
504 1418 2264 1494 magnitudinum quae sunt participatae sub sua specie: bene tamen potest illas habere forma nia separata quae qualitas est.
843 1473 2260 1544 Equitur de pertinentibus ad substantiam spiritalem tantum separatam aut coniunctam. vbi primo propo-
844 1538 2259 1598 nebantur duo pertinentia communitur ad vtramque. Quorum primum pertinebat ad statum gratiae
842 1592 2263 1652 specialiter. Vtrum intellectus beatus possit proficere in cognitorum multitudine absque
843 1638 2267 1714 hoc quod proficiat in cognitione diuinae essentiae. Secundum vero pertinet ad omnem statum in
848 1692 2259 1772 differenter: vtrum videlicet intellectus & voluntas ambo sint aeque liberi, supponendo
845 1757 2260 1820 quod ambo sint liberi. Deinde quaerebantur plura alia pertinentia ad substantiam spiritalem corpori con-
497 1794 2269 1869 iunctam, cuiusmodi est anima humana. ClRca primum arguitur quod beatus non potest proficere in cognoscendo mul
506 1869 2260 1934 titudinem cognitorum circa. creaturas in cognoscendo diuinam essentiam quin simul proficiat in cognitione ips
503 1921 2261 1981 sius diuinae essentiae: quia diuina essentia se habet ad cognita in illa sicut in disciplinis se habent principia
506 1976 2264 2042 ad conclusiones. ipsius enim diuinae essentiae cognitio in beatis est cam & principium cognitionis multitudinis
508 2030 2259 2094 quae cognoscitur in ipsa. Sed nullus intellectus proficere potest in cognitione conclusionum quin simul proficiat in co
515 2082 2262 2154 gnitione principiorum: quia necessario clarius cognoscuntur principia cum plures conclusiones cognitae ex illis
515 2127 2255 2198 eliciuntur, quam cum paucae. ergo &c. In contrarium est quod tunc intellectus beatus proficeret in essentiali beatitudi
506 2188 2258 2257 ne. quod falsum est: quia illa respondet charitati ipsius beati quae in beatitudine proficere non potest eo quod non profi-
515 2231 2257 2309 cit nisi ex merito quod non sit in beatitudine. ergo &c. DIco quod intellectus beatus bene potest proficere in cogni
506 2298 2255 2374 torum multitudine circa creaturas cognitas in diuia essentia visa absque omni profectu eius in cognitione diuinae
509 2354 2261 2427 essentiae: & hoc iuxta processum secundi argumenti: quia per cognitionem illorum in diuina essentia non augmen-
506 2399 2262 2479 tatur essentialis beatitudo, nec per illius subtractionem diminuitur. dicente Augustinus v libro confes. versus princi-
505 2462 2263 2537 pium. Infelix homo ille qui scit ista omnia: te autem nescit. Beatus autem qui te scit ent si ista nescit. Qui autem te & ista no
507 2513 2272 2577 uit, non propter ista beatior: sed propter te solum beatus. Forte tamen in istorum cognitione in diuina essentia consi
503 2571 2265 2634 stit quaedam accidentalis beatitudo quae bene augeri & diminui potest secundum augmentum & diminutionem istorum
508 2630 2266 2693 cognitorum absque omni augmento & diminutione ipsius essentialis beatitudinis: quae non consistit nisi in cogni-
503 2670 2261 2755 tione solius diuinae essentiae. AD primum in oppositum quod diuia essentia se habet ad cognita in ista sicut
503 2733 2263 2806 principia ad conclusiones &c. Vno modo potest dici quod falsum est illud assumptum quod clarius cognoscuntur prin-
507 2781 2269 2852 cipia pluribus conclusionibus cognitis ex illis: & hoc quia principia non cognoscuntur per conclusiones nisi cogni
502 2837 2275 2906 tione quae dicitur quia est: quae non cadit intra essentiam principiorum: & non augetur cognitio principiorum proprie nisiau
516 2894 2269 2962 cta ista cognitione quae intra essentiam principiorum: quam cognoscitur de vnoquoque quid sit. Sed licet per conclusiones
502 2939 2269 3009 non cognoscantur principia cognitione quid est: tamen non augetur notitia conclusionum ex principiis nisi per augmentum
497 3003 2266 3064 notitiae ipsorum in ipsis. Si enim per se ex notitia principiorum elicitur notitia conclusionum: & augmentatio notitiae
501 3055 2272 3115 conclusionum nullo modo potest esse sine augmento notitiae principiorum: quia in eis quae sunt per se tenet ista regula
504 3112 2273 3175 Si simpliciter ad simpliciter &c. ldeo aliter dicendum: quod non est simile de notitia multorum in diuina essentia.
497 3151 2270 3237 & conclusionum in principiis aut ex principiis: quia essentia diuia non est principium naturale siue ratio cognoscendi
