2432 3761
541 293 2316 369 tibus carnis modo luxuriae appetitum fraenant, modo aestus auaritiae temperant, & sic de caeteris vitiis.
532 353 2307 404 & sequitur. Reges ergo sunt, quia tentationum suarum motibus non consentiendo succumbere, sed regendo praeesse no-
544 408 2315 471 uerunt. Ab hac potestate regis ad potestatem transeunt retributionis: semet ipsos regendo ad tempus fa
542 458 2310 537 tigati sunt, sed in regni erectione solio in perpetuo collocantur: eo illic accipiunt alios digne iudicare
542 519 2311 580 quo hic nesciunt semetipsis nequiter parcere. Hic dicitur. Donec iustitia convertatur in iudicium. lustitia.
535 567 2303 629 in iudicium conuertitur, quia hi qui nunc iuste & irreprehensibiliter viuunt, tunc iudiciariam potestatem nanciscuntur: & ibi
537 620 2312 686 dem super illud lob. Causam iudiciumque recipies. dicit sic. Causam iudiciumque recipient, quia ex ea iustitia qua
538 672 2310 742 modo viuunt, tunc in culmine iudiciariae potestatis enitescunt: vt tanto tunc potentius cuncta iudicent quanto nunc
534 729 2311 789 potentius iudicantur. De iudicio vero publico praelatorum dicit libro xi. Sancta ecclesia non solum tunc de iniquis iu-
541 782 2305 835 dicat cum vltimi iudicii dies aduenerit, sed nunc etiam de cunctis praue agentibus vel stulte sentientibus
546 832 2314 890 iudicare non cessat. Quid ergo arguitur primo: quod solum dictum est. xii. apostolis, sedebitis super sedes. xii. iudican-
540 887 2319 954 tes. xii. tribus Israel: Dico quod hoc quod illis dixit in verbo isto, in illis omnibus perfectis dixit: sicut quod dixit de
543 945 2327 1019 iudicandis. xii. tribubus lsrael, in illis dixit de imperfectis omnium nationum. dicente Aug. vbi supra. Sicut enim
551 994 2326 1068 iudicaturi ex toto mundo, sic & iudicandi ex toto mundo. Alia tria argumenta concedenda sunt
541 1043 952 1120 secundum iam dicta.
887 1099 2324 1175 Equuntur pertinentia specialiter ad statum meriti & demeriti hominium in praesenti. Vbi
893 1162 2317 1230 primo quaerebatur de agibilibus, in quibus cadunt meritum & demeritum. Deinde de
889 1213 2322 1278 demerito in quibusdam peccatis commisso. Tertio de quibusdam poenis pro demerito peccati.
889 1258 2318 1331 ClRca primum primo quaerebantur duo circa statuta superiorum: deinde quaerebantur alia
878 1325 2315 1380 duo circa, propria facta priuatarum personarum. Quorum primum erat de statutis positis in
866 1364 2324 1442 illis quae sunt ad communem vtilitatem, qualia reuera ipsi statuere possunt, vtrum quisque sub
865 1430 2318 1490 ditus statuta teneatur seruare, licet non sit euidens quod ad communem vtilitatem expediant
546 1464 2326 1550 Secundum erat de interdictis, vtrum interdicta generalia in prouinciis, ciuitatibus, aut ecclesiis sint li-
554 1541 2316 1606 cita. Tertium erat, Vtrum subditus cognoscens quod praelatus suus ex rancore ipsum punire intendit, de
553 1585 2328 1646 beat ei obedire. Quartum erat, Vtrum is cui sufficienter prouisum est vnde secundum statum suum pos
552 1637 2323 1707 sit sustentari, teneatur receptum in eleemosynam titulo paupertatis restituere largitori. ClRca primum isto
535 1702 2312 1754 rum arguitur, quod subditi tenentur seruare statutum superioris in eis quae sunt ad communem vtilitatem, licet non
541 1745 2314 1817 sit euidens, sic. qua ratione tenentur seruare vnum ex talibus statutis, eadem ratione & quodlibet aliquae
549 1806 2328 1862 Aut ergo nullum talium tenentur seruare, aut quodlibet. Non nuilum: ergo quodlibet. ltem talia
552 1852 2321 1929 statuta sunt opera virtutis. In operibus autem virtutis subditi tenentur obedire superiori. ergo &c. CON
550 1911 2325 1969 tra. subditi non tenentur obedire superiori in eis quae non pertinent ad speciale votum eorum nisi sint de necessitate
546 1961 2325 2040 salutis, quia aliter nulla esset differentia obligationis ad ista quae cadunt sub voto, & ad quaecunque alia quae non
547 2017 2320 2098 cadunt sub voto. talia autem statuta non pertinent ad aliquod speciale votum subditorum, nec sunt
553 2073 2323 2138 de necessitate salutis. ergo &c. ltem si ad talia statuta obseruanda tenerentur, cum soluere decimam
554 2131 2322 2199 omnium bonorum de ratione talium statutorum sit, possent ergo principes statuere super laicos quod
545 2173 2326 2246 soluerent eis decimam omnium bonorum suorum, & illi tenerentur: sicut dominus papa hoc statuit super clericos soluen
553 2239 2326 2306 tes decimas. hoc autem videtur inconueniens & graue. ergo &c. ltem si talia possent statuere, tunc per su
553 2292 2326 2357 periorum statuta laicis auferretur potestas disponendi de rebus suis pro voluntate, quod similiter videtur in
549 2342 2337 2404 conueniens. ergo &c. DIco quod finis superiorum principum vel praelatorum debet esse pax & salus reipublicae
555 2394 2330 2459 qui etiam debet esse finis singulorum subditorum inquantum sunt partes communitatis, quem etiam tenentur
548 2452 2332 2516 intendere vna cum principe, vt illum in quo consistit bonum principis, & cuiuslibet etiam de conmunitate: ad
555 2504 2343 2555 quem tenetur & princeps & quilibet de communitate referre bonum, proprium & omnem suam actionem, cum opus
553 2555 2339 2626 fuerit. Vt enim dicit philosophus in primo Ethicorum amabile vni soli bonum: melius & diuinius genti & ci
551 2610 2330 2677 uitatibus. Et Tullius in oratione populari ad senatum. Sic ab initio fui animatus vt non magis me
549 2668 2337 2737 mea causa putarem esse natum quam reipublicae procreatum: nihil duri, nihil acerbi mihi erit quod rempublicam
553 2720 2344 2777 tutabitur. Nec enim mors miseranda est quae ob rem publicam capitur: nec exercitium turpe est quod vir-
557 2775 2335 2845 turae suscipitur. Nunc autem quia finis imponit necessitatem eis quae sunt ad finem, si ergo tenentur
562 2820 2337 2900 intendere finem illum, etiam tenentur intendere ea quae sunt ad finem illum, & operam exhibere
558 2883 2339 2956 vt in finem ordinentur. Quare cum principis vel superiorum sit super talibus ordinare quae qualia
556 2935 2340 3008 quando & quomodo sunt necessaria ad illum finem secundum scientiam architectonicam, de qua dicit philo-
558 2986 2335 3060 sophus in principio ethicorum. Quos debitum esse disciplinarum in ciuitatibus & quales vnumquod
556 3043 2336 3110 que addiscere & vsquequo hoc praeordinat: Idcirco ergo dico quod quilibet subditus tenetur obedire sta-
552 3092 2338 3156 tutis editis a superioribus super necessariis ad hunc finem, aut ad aliquid eorum sine quo finis ipse adi
545 3148 2342 3230 pisci non potest, aut non commode, etiam si non sit euidens cuilibet quod statutum illudsit necessa-
