2455 3726
144 212 1853 295 tenetur restituere. DIco simpliciter: quod nullus tenetur restituere conferenti receptum titulo eleemosynae
148 282 1846 352 quantumcunque habeat sufficientiam sustentationis, eo quod conferens liberaliter contulit intendens proui
146 337 1844 409 dere indigentiae personae, cui conferre posset libere etiam si indigens non esset. & hoc quemadmodum lsaac potuis
142 394 1840 456 set libere & sufficienter scienter contulisse illam benedictionem lacob quam ei contulit propter quod non obest error
144 455 1838 512 personae, quemadmodum pater qui libere potest haereditare filium quem elegit, & non nisi vnum ex filiis suis, si hae
144 501 1840 560 reditando vnum crederet haereditare alterum, rata esset haereditatio, quae tamen rata non esset si haereditaret ex
148 555 1833 623 traneum. Et sic processit prima obiectio: quae secundum hoc concedenda est. Sed vtrum iste qui talem eleemosy
135 608 1827 669 nam recipit poterit eam sibi reseruare, & in vsum proprium conuertere, de hoc maior est dubitatio, & credo quod
137 663 1829 728 non, dum tamen recipienti sufficienter secundum statum suum sit prouisum non tam pro tempore praesenti quam etiam futu
135 720 1837 775 ro: de quo probabiliter potest praesumere quod pro illo poterit ei sufficienter prouideri ex iam habito aut ex
142 769 1830 835 propria industria seu labore. Sinautem, poterit illam eleemosynam sibi reseruare pro futuro: vt tunc de illa
146 830 1827 891 viuat dum senio vel aliquo alio incommodo oppressus lucrari non poterit, vel dum diuino obsequio sine
142 878 1825 940 distractione liberius vacare intendit. In quo casu credo quod illam eleemosynam fine peccato sibi poterit
139 927 1827 990 reseruare. alias vero nequaquam, sed debet illam pauperi alicui restituere, quia in illa pauperem aliquem defrauda
145 981 1830 1040 uit qui eam erat accepturus: in quo in pauperem illum peccauit, & quid illius futurum erat per fraudem subtraxit.
150 1037 1838 1107 In quo tamen dantem in nullo defraudare potuit, quia intentio illius illi apud deum ad recipiendum remunera
142 1097 1829 1163 tionem suffecit, propter quod illi nihil restitui debuit. Quietiam etsi ille eleemosynam restituere deberet, quia per
135 1145 1836 1206 ipsum pauperi non conferretur: meretrix tamen nequaquam acquisitum per fornicationem deberet restituere illi a quo re-
144 1201 1840 1264 cepit. vt non valeat ad propositum secundum argumentum, quia non est simile: eo quod meretrix aliquid de suo dat forni
139 1252 1840 1315 catori. scilicet vsum sui corporis: pro quo per conmutationem pecuniam sumit, & secundum aequitatem iusti
135 1306 1838 1376 tiae commutatiuae illam recipit, licet per opus iniustitiae quod committit. lste autem accipiens eleemosynam
135 1362 1833 1424 nihil de suo reddit, praeter dolum: qui non debet ei patrocinari. Ad argumentum in oppositum per simile de ac
141 1422 1830 1481 cipiente beneficium per simulationem bonitatis, quod tenetur illud restituere, ergo & iste eleemosynam, Di-
136 1470 1832 1534 co quod non est verum quod acquirens beneficium per simulationem bonitatis teneatur illud restituere, dum tamen
134 1534 1826 1591 non obsit aliud. Ad cuius intellectum sciendum est: quod cum aliquis acquirit beneficium per simulationem, decipit
143 1574 1818 1641 conferentem illud, & facit illum in conferendo errare contra eius intentionem. Et tunc simulatio & er
132 1631 1826 1699 ror hincinde possunt esse, aut quo ad personam simulantis & beneficium recipientis, aut quo ad personae conditi
146 1687 1817 1747 onem. Si quo ad ipsam personam, puta si conferens beneficium intendit illud conferre alicui certae personae, & si
136 1734 1824 1793 mulans simulat se esse illam personam, puto quod non valet collatio, nec recipiens ius habet in beneficio sibi sic col
132 1791 1815 1851 lato, propter errorem conferentis. & hoc adinstar matrimonii quod contrahit aliquis per errorem cum aliqua per
138 1844 1822 1905 sona, & intendit contrahere cum alia. Sicut enim ibi error personae impedit matrimonium, sic & hic impe-
142 1899 1828 1957 dit receptionem iuris in beneficio, & tenetur recipiens per talem simulationem illud restituere conferenti, vt
141 1951 1835 2016 conferat illi quem defraudauit. Et hoc idcirco praecipue: quia in collatione beneficiorum ecclesiasticorum non
143 2007 1837 2073 tam debet esse intentio prouidentis prouidere personae cuiquam de beneficio, quam ecclesiae de seruitore
136 2061 1832 2118 Beneficia enim sunt propter seruitia. Et ideo quia sic recipiens defraudauit ecclesiam de seruitore, de
133 2113 1835 2173 quo conferens intendebat prouidere, & praesumitur quod de idoneo, omnino iste qui sic recipittenetur re-
135 2164 1833 2224 stituere beneficium: non sic autem recipiens dicto modo eleemosynam, quia conferens eam non in-
139 2223 1825 2282 tendebat per eam prouidere nisi personae. Vnde quia ecclesiae cui debet prouideri multum posset dero
136 2276 1828 2336 gari per errorem personae in collatione beneficii: nulli autem in collatione eleemosynae, quia dan
135 2323 1831 2388 ti ad meritum sufficit sua bona intentio: & pauperi defraudato simpliciter sufficit si pauperi re-
140 2376 1830 2442 stituatur: dum defraudans non est indigens, nec pro praesenti, nec prao futuro: aut si indigens est pro futuro,
138 2442 1823 2504 etsi non praesenti, in hoc conferens non debet credere se fuisse deceptum, quia saepe fructuo-
131 2485 1823 2551 sius est tali conferre quam indigenti in praesenti. Si vero sit error quo ad conditionem personae si
139 2540 1827 2600 mulantis & beneficium recipientis: aut ergo conditio ista talis est, quod propter illam factus est in-
134 2591 1828 2654 susceptibilis beneficii, aut talis est quod per illam factus est inidoneus ad exequendum beneficium
143 2647 1831 2713 Si primo modo, puta si sit excommunicatus, & simulat se non esse talem, adhuc non valet collatio
137 2699 1831 2767 sicut non valet matrimonium foeminae cum foemina quae se finxit esse virum. & tenetur restituere
139 2752 1833 2814 beneficium. Si secundo modo, subdistinguo tripliciter. aut ergo est conditio talis, quod per illam est
139 2808 1841 2876 omnino impotens implere seruitium ad quod confertur beneficium, puta si finxit se scire literas
143 2863 1835 2921 & literas omnino ignorat, & beneficium requirit literaturam: aut si beneficiatus in vna ecclesia
142 2915 1838 2981 tacens de beneficio impetrat a papa beneficium aliud in alia ecclesia, cum non possit simul seruire in
138 2967 1840 3030 duabus ecclesiis. Et dico quod non valet collatio, & tenetur restituere beneficium, sicut nec valet ma
134 3020 1843 3090 trimonium cum viro carente membro virili, sed deberet separari. Aut est conditio talis quod per il-
137 3076 1852 3152 lam potest impleri seruitium, licet non ita eminenter vt credebat conferens, & vt ille se simula-
