2427 3717
179 304 1921 416 per vtramque differentiam alio & alio genere potentiae: sicut contingit in corpore corruptibili & incorruptibili:
179 409 1934 460 quia quod est in natura in potentia ad vnam differentiam, non est in potentia ad aliam: & sunt eodem di-
180 457 1941 512 uersi modi potentiarum omnino. Et sicut contingit in corpore elementari mixto, quod est in potentia ad diffe
174 510 1932 574 rentiam rationalis & irrationalis: sed non eodem modo: quia ad differentiam irrationalis tamquam ad illam quae de
172 556 1946 613 se educenda est, vt de potentia materiae: ad differentiam vero rationalis tamquam ad illam quae ab extrinseco in
178 619 1941 681 fundenda est. & sic non est tanta vniuocatio corporis quod est genus, super hominem & alia animata: quan
181 667 1932 733 ta super alia animata secundum se: neque similiter animalis super hominem & bruta, quanta est supe ipsa bru-
170 721 1944 785 ta secundum se. quia sensibile omnino est alterius generis quo ad rem naturae in qua fundatur in homine
175 772 1933 831 & in brutis. In brutis autem est vnius rationis. Vnde & secundum opinionem quae dicit quod anima intellecti
179 834 1939 891 ua est vnica forma in homine: per quam est corpus substantia & caetera omnia: multo maior est aequi-
180 877 1946 943 uocatio corporis supe hominem & super alia corporalia quam secundum nos qui ponimus formam corporeitatis
188 936 1937 1000 vniuoce educi de potentia materiae in homine sicut & in aliis. Sic ergo patet quomodo homo in esse
173 985 1949 1044 naturae constitutus ex corpore & anima, non est vnus in tanta simplicitate essentiae: in quanta sunt alia:
194 1039 1945 1104 uis sit in tanta simplicitate personae &esse actualis existentiae. Quoniam in hoc homine sunt tria re & essentia
183 1091 1948 1160 diuersa: materia. scilicet fora naturalis: & forma supernaturalis. In aliis vero duo trim. scilicet materia & forma na
183 1149 1941 1215 turalis. Similiter homo constitutus in esse rationis ex animali irraonnali tamquam species ex genere, vnus est
186 1200 1948 1262 in tanta vnitate speciei in quanta sunt aliae species rerum naturalium: & tanta est vnitas definitionis eius in
179 1260 1943 1318 esse rationis, inquantum. scilicet id quod praecedit vltimam differentiam in definitione, est ens in potentia, de non est ens in
177 1308 1953 1371 actum, nisi per vltimam differentiam, vt dicit philosophus in. vii metaphysicae. & expressius Commentator ibidem, quauis non
182 1360 1953 1425 sit tanta vniuocatio generis alicuius super speciem hominis, & aliorum, quanta sit super alia secundum se, vt dictum est
190 1415 1948 1476 Bene ergo dicitur in recto quod homo est corpus, sicut diceretur quod est animal, etiam si sensibile in eo esset de
188 1467 1944 1529 potentia materiae eductum. & praedicatur totum de toto esse rationis, non pars de toto, vt dictum est. Nec du
187 1525 1381 1583 bitat aliquis, nisi qui ignorat differentiam inter genus & materiam.
514 1566 1936 1631 Irca Tertium arguitur, quod conversio substantiae panis in corpus Christi fiat subito.
525 1625 1929 1685 Quoniam actio virtutis infinitae sit subito secundum philosopum in fine octaui physicorum: conuersio
510 1679 1932 1745 illa fit actione. ergo &c. CONtra, non est idem instans in quo habet esse vltimo sub
503 1733 1942 1789 stantia panis, & in quo habet primo esse corpus Christi. Sed inter quaelibet duo instantia
503 1786 1943 1852 est tempus medium. In illo ergo tempore necessario habet fieri illa conversio. DIcendum
500 1834 1937 1907 ad hoc: quod secundum philosopum in. v physicorum: cum quaetuor sunt combinationes inter affirmationem
497 1897 1942 1955 & negationem: quae sunt termini mutationum: vna illarum est impossibilis: vt inter terminos
181 1943 1948 2012 eius fiat mutatie scilicet a non subiecto in non subiectum. quoniam termini isti non se habent secundum aliquam opponnem: con
176 2013 1947 2064 trarias. scilicet vel contradictoriam. Non ens enim non enti non opponitur. Tres autem sunt possibile scilicet ex subiecto in
179 2054 1946 2114 subiectum: in qua solummo est motus: vel a subiecto in non subiectum, vel econuerso. in quibus non est motus: sed
187 2124 1945 2179 mutatio tantum, quae dicitur generatio vel corruptio. & hoc ideo: quia subiectum eius est non ens, quod est ens in potentia
187 2163 1954 2221 cui non contingit omnino moueri: sed solum enti, quod est subiectum manens commne ad duo contraria vel priuatiua. Nunc
177 2226 1940 2285 autem ista conversio nullo modo est a subiecto in subiectum. Nihil enim est subiectum cone manens eius a quae sit conuer
183 2274 1943 2338 sio, & eius in quod sit conuersio. quoniam tota substantia panis secundum matiam & formam convertitur in totum corpus Chri
177 2328 1950 2384 sti, &, vt quidam volunt dicere, forma panis in formam corporis Christi materialem, & matia panis in materiam
184 2379 1951 2447 corporis Christi. Accidentia autem panis, licet manent, non sunt subiectum huius trasmutationis: immo substantia
181 2432 1953 2502 panis erat subiectum illorum, & ipsa informabant eam. Corpus autem Christi verum, nec est subiectum illorum, quia non in
178 2493 1952 2550 formant ipsum: neque ipsa subiectum eius, quia ipsum substantia est et in se subsistens, licet sit sacramentaliter sub
179 2538 1946 2604 illis speciebus. Et sic patet, quod ista conversio nec potest dici motus successiue factus: quia non sit circa subiectum
179 2591 1948 2649 coone in actu manens: nec potest proprie dici subita mutatio: quia mutatio vera non est: quia nec subiectum habet
182 2646 1953 2719 ens in potentia manens: sicut habet mutatio generalis generationis vel corruptionis. Sed proprie dicitur conuersio-
183 2708 1946 2771 quia est a termino positiuo in terminum positium. scilicet a substantia panis in substantiam corporis Christi, nullo omnino
179 2748 1955 2819 manente subiecto comoni. In quae quidem conversione duplex trasmutatio contingit, large sumendo trasmutationem
188 2815 1955 2874 vna ab esse substantiam panis in non esse substantiam panis: alia a non esse corpus, ad esse corpus
184 2855 1955 2919 Christi, quae simul contingunt sicut generatio naturalis & corruptio. Duae tamen species trasmutationis sunt secundum
177 2913 1948 2983 philosopum. v physicorum. Et differunt istae transmutationes a transmutationibus naturalibus, quae sunt generatio
173 2969 1955 3035 & corruptio, in hoc quod illae, vt dictum est, subiectum habent commune: istae non. Et etiam in hoc: quod in illis terminus
168 3024 1953 3094 positiuus a quo, non mutatur per se in terminum positiuum ad quem: sed in non esse suum, & adhuc non purum: sed
171 3083 1946 3145 quod est potentia ipsum: & terminus ad quem sit per se in esse, non de puro non esse: sed de eo quod est in potentia
165 3131 1956 3199 ipsum: ita quod subiectum cone commutatur ab vno termino in alterum per transmutationem termini a quo de esse
167 3180 1949 3270 suo in actu in suum esse in potentia: non in purum non esse: et nec in esse termini ad quem: & per
