2484 3744
165 295 1920 382 pungentis,. quia autem pungebat eam ex puta malitia, aninume scilicet inferendi contumeliam Christo quem
167 365 1922 424 Christiani colunt sub speciebus hostiae. & tunc grauissime peccauit: sed solum in legem Christianam: &
169 424 1924 489 non in legem ludaeorum iuxta illorum aestimationenemam. Aut pungebat eam ex dubietate: am scilicet talis sanctifica-
167 472 1918 539 tio esset in illa qualem Christiani credunt illi inesse: anime scilicet experiendi per aliquod signum forte apparens a
174 525 1920 585 deo: an ita esset. & tunc adhuc grauiter peccauit, tentande scilicet deum, & non solum in legen Christianam noui te
172 575 1911 649 stamenti: sed est in legem ludaeorum veteris testamenti. et hoc etiam iuxta aestimationem ludaeorum: quia
167 631 1916 696 in lege veteris testamenti scriptum est: Non tentabis dominum deum tuum. Deutero. vi. Et repetitum
163 687 1920 759 est a Christo in nouo testamento Matth. iii. Sed credo quod minus peccasset si intentione experiendi
170 737 1914 800 illud fecisset: quam si intentione contumeliam inferendi: eo quod nondum conuerso ad fidem Christia-
173 790 1925 848 nam licet experiri efficaciam legis Christianae: & hoc mentis discretione ipsam examinando & aliis
161 841 1925 907 legibus comparando secundum praeeminentiam in congruendo & concordando ludaeo rectae rationis. quem
169 899 1926 960 admodum Augustinus ante suam conversionem examinauit legen Christianam, & illam praeelegit postquam magis
169 950 1928 1014 rationabilem caeteris legibus inuenit. Vt enim dicit in principio libri contra epistolam fundamenti: Ego euangelio
164 1014 1915 1077 non crederem nisi me ecclesiae catholicae conmoueret auctoritas. & postquam paulo prius annumerauit per quae ec
165 1061 1916 1116 clesiae auctoritas mouit ipsum ad credendum: convertens sermonem ad Manicheos dicit sic. Apud vos autem
165 1109 1923 1174 vbi nihil horum est quod me inuiret ac teneat: sed sola personat pollicitatio veritatis: quae si tam manifesta
163 1173 1912 1238 monstratur: vt in dubium venire non possit, praeponenda est illis rebus omnibus quibus in catholica
165 1223 1913 1280 teneor. Si autem tantummodo promittitur & non exhibetur, nemo me mouebit ab ea fide quae animum meum tot &
166 1278 1919 1334 tantis nexibus Christianae religioni astrigit. & vt testatur in principio de vera religione, eadem conmouerent
163 1331 1918 1395 modo ad conuersionem ad fidem Christianam veros philosophos si reuiuiscerent. Mentis ergo discretione
166 1381 1923 1440 licet veritatem legis & fidei christianae experiri: quia sic nuilus experiri quaerit nisi dubius factus de sua
172 1434 1916 1499 perfidia: per quod incipit tendere ad veram fidem. Experiri autem super hoc miraculum a deo expeten-
167 1484 1918 1557 do, illud omnino illicitum est: sicuti forte experiri voluit iste ludaeus: in quo multum peccasset, minus tamen
172 1541 1916 1609 vt aestimo quam si illud ex malitia fecisset: & multo minus puniendus esset pro isto commisso per ecclesiam post
168 1595 1917 1654 eius conuersionem si propter experientiam illud commisisset: quam si propter contumeliam: si tamen super hoc certi
159 1645 1914 1707 ficari potuisset: et si propter illud post baptismum puniendus esset: de quo tamen non est dubium quin punien-
165 1701 1920 1765 dus fuisset si conuerti noluisset: quia non sunt permittendi agere ludaei vel docere aut scribere in con
171 1754 1918 1818 tumeliam Christi: si sup hoc ecclesia instrui posset: licet permittantur historialiter exponere & doce-
170 1803 1912 1877 re vetus testamentum & alia cerimonialia veteris legis exercere. Sed postquam conuerti voluit, aduertem
171 1861 1924 1933 dum est an commotus miraculo dicto ad ecclesiam se diuertit petens baptizari prius quam impingeretur illi
173 1928 1911 1985 tale facinus: & priusquam pro isto ad carcerem traheretur: an non petiuit baptizari nisi postquam calumnia-
163 1968 1916 2025 tus fuerit super dicto crimine, & forte ad carcerem tractus. Si secundo modo, magna praesumptio
174 2022 1918 2094 fuisset quod non nisi propter metum mortis & fugam eiusdem baptizari voluisset: vt per hoc euadere pos-
173 2075 1924 2136 set. et tunc nequaquam ad baptismum assumi debuisset, nisi probabilibus indiciis apparuisset ipsum vere
163 2131 1918 2195 conuersum fuisse: & non timore mortis baptismum petisse. aliter enim fictus reputari debuit: & ad ba-
162 2183 1928 2249 ptismum non recipi: sed potius ad poenas trahi. Si primo modo: aut si forte probabilibus indiciis appa
170 2241 1919 2292 rere potuit ipsum non ficte & metu mortis baptismum petisse: sed tamquam vere poenitentem amore fidei Chri-
163 2286 1916 2352 stianae: omnino recipi debuit ad baptismum. Et tunc restat dubium propositum, An baptizatus puniri deberet
169 2345 1918 2409 pro dicto commisso: & hoc per iustitiam publicam poena corporali, quali puniendus fuisset si conuerti
167 2402 1922 2463 noluisset: puta mortis. quia de poena spiriali a deo infligenda pro dicto commisso certum est quod per baptismum
164 2453 1921 2521 remissa est omnino cum peccato, si tamen non ficte baptismum assumpsit. Et hic distinguendum puto: quia
178 2504 1929 2561 aut constare potest per aliqua certa indicia post receptum baptismum quod fictus accessit ad illum: et tunc
178 2557 1926 2620 dico quod non est reconciliatus in aliquo ecclesiae: et puniendus est acrius quam ante baptismum: quia cum
179 2611 1928 2677 praecedenti peccato additum est praesumptiue peccatum fraudis quo decepit ecclesiam cum ei contulit
178 2662 1925 2723 baptismum. Aut econtrario constat per contraria indicia quod firmiter stat in eo quid assumpsit: et quod vere ad
171 2723 1920 2782 baptismum accessit: et tunc dico quod conmissum istud quatenus pertinet punitio ipsius ad ecclesiam siue ad
177 2774 1925 2836 legem Christianam: quia scelus peccati illius commissum est in totum corpus ecclesiae et in quemlibet exi
170 2831 1920 2890 stentem in illa inquantum est membrum ecclesiae: licet non vt est persona singularis, emenda in punitio-
172 2878 1920 2954 ne illius facienda est toti ecclesiae et cuilibet in ea inquantum est membrum eius. nunc autem postquam suscepit
168 2931 1917 2997 illum ecclesia ad baptismum: et per hoc eum sibi adiunxit vt membrum sanum: et similiter caeteris mem
173 2990 1915 3056 bris suis coniuxit atque astrinxit vinculo charitatis: in hoc eum sibi et membris suis perfecte reconciliauit:
170 3039 1919 3112 non solum sibi remittendo rancorem pro conmisso sed etiam omnem iniuriam quae respicit emendam: et hoc facto
170 3089 1925 3164 huiusmodi iniuriam ei remittendo: licet non verbo. quemadmodum si cui proximus suus iniuriatus fuit, post
186 3149 1919 3228 quam recepit illum ad perfectam amicitiam et familiarem conuersationem in prandiis et aliis in quibus homines
