2444 3724
526 215 2281 318 In contrarium: quod ludaeus noster non credebat hostiam illam fuisse consecratam &c. Dico quod verum est sim
524 313 2270 377 pliciter vt procedit argumentum, quantum tamen tangit ipsum: credebat ipsam fuisse consecratam: pro quan-
531 360 2284 423 to ecclesia ipsam potuit consecrare: & per hoc intendebat facere contumeliam Christo pro quanto Chri-
521 411 2282 479 stiani credebant ipsam sic fuisse consecratam quod in ea continebatur verum corpus Christi. Propter quod secundum
524 469 2281 539 suam intentionem talem, maxime peccauit: & puniendus ab ecclesia fuisset nisi susceptione baptismi ei
534 524 2282 591 reconciliatus fuisset. Non sic autem peccaret Christianus pungendo hostiam quam nullo modo crederet.
537 570 2287 644 consecrata. scilicet nec simpliciter, nec prout ipsam consecrare potuit ecclesia: et ideo illam potuit pungere
530 632 2280 694 alia de causa quam ludaeus eam pungebat: & non peccare in illam pungendo. & sic nequaquam simile est ad
536 682 887 756 ductum pro simili.
864 735 2287 804 Irca Secundum arguitur: quod religiosus grauius peccans non minus puniendus sit
882 790 2288 861 uam saecularis minus peccans, sic. si deus maius peccatum minus puniret, non esset
882 854 2279 917 quus iudex: quia non est aequitas nisi poena respondeat culpae: consequens est falsum:
900 895 2287 966 go &c. IN contrarium est quod dicit Anselmus de similitudinibus, loquens de reli
876 952 2288 1021 gioso & saeculari sic. Licet vterque idem peccatum conmittat, monachus maiorem quam laicus
864 1009 2282 1074 misericordiam consequetur, quod non est vt videtur nisi quia pro peccato suo minus punitur quam
862 1060 2283 1119 laicus: cum tamen grauius peccet religiosus: quia vt dicit ibidem de religioso, tanto ma
537 1119 2283 1183 gis sibi cauere debuerat quanto se magis deo promiserat. ergo &c. ltem mitius agendum est cum filio &
526 1170 2283 1234 seruo familiari quam cum extraneo. dicente domino de filiis & seruis respectu extraneorum. Malach. iii. Parcam
527 1220 2287 1283 eis sicut pater filio suo seruienti ei. Glos. In quo duplex affectus est: & pietatis in filium, & seruitutis in
527 1266 2289 1332 famulum. sed mitius non agit dominus, neque percit nisi minus puniendo: ergo &c. sicut prius. & est ratio
538 1335 2304 1396 Ansel. ibidem. DIco quod cum vt dicit. xxiii. propositio de causis, causa prima quae deus est existit per influen l
531 1389 2290 1456 tiam & effectum regiminis in omnibus rebus, sicut causa in suo effectu secundum vnam dispositionem quantum est
542 1433 2295 1496 de se, vt scilicet non plus nec aliter influat vni quam alteri: sed vniformiter omnibus. secundum quod semper vnius & eiusdem
539 1489 2298 1556 dispositionis est in seipso: sed omnes res recipientes influentiam & effectum regiminis eius, non existunt in ea sicut
532 1541 2289 1607 effectus in causa ad recipiendum effectum influentiae & regiminis illius secundum dispositionem vnam: sed secundum
537 1602 2292 1664 diuersas secundum diuersitatem recipientium: et ideo vt dicit ibidem commenta. diuersitas receptionis non sit
535 1643 2290 1717 ex causa prima. scilicet vt ex illa oriatur ratio & causa istius diuersitatis: sed sit propter recipiens: quod est, quia sus
530 1700 2285 1770 cipiens diuersificatur: quare cum quaestio nostra sit de influentia dei & effectu regiminis eius circa homines in pu
536 1765 2286 1826 niendo delicta: Dico inquam quod si vnus maiorem misericordiam a deo consequitur in hoc quod ei percitur, & mitius cum eo
541 1810 2289 1876 agitur quam cum altero: & hoc in eo quod minus altero puniatur pro maiori vel aequali delicto: puta monachus aut
533 1864 2295 1927 religiosus, quam saecularis: ratio huius diuersitatis seu causa nulla est ex parte dei: quia vt dicitur in Commento
539 1926 2294 1983 dicto, Bonitas quantum est ex parte sua influitur super omnes res aequaliter ex causa prima. Si ergo percat deus per
534 1969 2293 2030 misericordiam in minus puniendo vnum quam alterum, ratio seu causa illius diuersitatis solummo est ex parte il-
529 2024 2286 2085 lorum quibus percitur. Sane cum omnes viae domini quibus graditur per effectus suos in creaturis, sint misericordia & veri-
536 2084 2291 2145 tas: vt proptrea deus semper per misericordiam quemquam puniat citra condignum peccato, & remuneret similiter vltra
533 2146 2297 2196 condignum merito: in puniendo peccata nec est crudelis: in puniende scilicet plus iusto: que scilicet poena aequata
533 2197 2292 2254 delicto esset: nec est rigidus, in puniende scilicet aequale iusto, siue tantum quantum meretur delictum & iustitia requ-
539 2245 2303 2302 rit: sed est mitis, in puniende scilicet minus illi iusto quam requirit rigida iustitia: sic tamen quod illud minus non sit
538 2291 2299 2354 contra iustitiam: quia misericordia quam in hoc facit iusta est: eo quod decet bonitatem diuinam quod mitis sit, in
549 2343 2304 2413 puniende scilicet citra condignum: & similiter bonitatem suam decet quod pius sit, in remunerande. scilicet vltra condignum
548 2408 2301 2465 & nec strictus sit, in remunerande scilicet iustitia aequali secundum meritum: nec parcus, in remunerande scilicet mi-
549 2451 2313 2523 nus iusto. Vnde quia poenas & praemia omnibus partitur deus aequaliter quantum est ex parte sua: & aequaliter re
543 2507 2307 2568 cipiuntur nisi sit aliqua ex parte recipientium diuersitas sicut dictum est: et ex parte dei in sacramentis est tota cau-
549 2558 2294 2626 sa & ratio quare ipsis relaxantur poenae peccatis debitae & conferuntur dona gratiarum indebita:
548 2610 2305 2675 idcirco sacramenta singula aequales creduntur in singulis habere effectus. VLterius autem est ad-
543 2670 2307 2728 uertendum: quod cum illa diuersitas non possit in hominibus recipientibus esse ex parte naturae, cum aequalis sit natu
539 2721 2305 2791 ra hominum sub specie humana, nisi forte in Christo propter articulum epsei: oportet ergo quod sit ex parte il
547 2778 2304 2840 lorum quae habent esse in natura. & hoc non quoruncumque vt accidentium naturalium: sed illorum solummo quae poenas
546 2828 2310 2887 & praemia respiciunt: cuiusmodi non sunt nisi peccata atque demerita & dona gratiarum dei atque merita. vt
544 2879 2301 2950 propterea diuersitas in peccatis & demeritis & in donis & meritis sit causa & ratio plus praemiandi vel
542 2948 2295 3005 puniendi vnum quam alterum. Sed ista diuersitas potest intelligi dupliciter. Vno modo ex parte praecedentis meriti &
544 2997 2294 3057 gratiae donorum dei, atque demeriti. Alio modo ex parte actus praesentis, in quo est ipsum meritum vel demeritum
549 3042 2297 3108 pro quo quis principaliter puniendus est aut remunerandus. Si primo modo, dico quod demerita praecedentia
541 3101 2300 3187 sunt causa & ratio plus puniendi vnum quam alterum: & in hoc minus percendo vni quam alteri per misericordiam
