2493 3746
150 301 1921 400 Et similiter merita & dona sunt causa & ratio plus remunerandi vnum quam alterum per pietatem. Dico etiam quo
156 382 1920 435 ad generalem misericordiam quam exercet etiam circa damnatos, puta si peccata & demerita vnius danmnati
157 431 1926 495 se habeant in poesdere mensura & numero ad peccata & demerita alterius, sicut. c. librae ad vnam, si illi qui
169 486 1913 547 peccata & demerita habet ad mensuram vnius librae percitur in poena ad mensuram & pondus vnius denarii:
153 549 1904 598 alteri percitur ad mensuram centesimae partis vnius denarii: quia misericors iustitia requirit: vt maiori culpae mi-
157 594 1908 655 norrespondeat poena. Etentiam quo ad generalem pietatem quam exercet circa saluatos: puta si dona & me
155 647 1906 714 rita vnius saluandi se habeant in potesdere numero & mensura ad dona & merita alterius saluandi, sicut
161 701 1914 765 centum librae ad vnam, si illi qui dona & merita habet ad mensuram vnius librae augetur gloria in futuro vel gra
156 753 1912 817 tia in praesenti vltra condignum ad mensuram vnius denarii: alteri augetur ad mensuram centum denariorum: quia
163 813 1907 881 pia iustitia exigit vt magis merito maior gratuitas fiat: & hoc non tam in augendo bona gratiae in via
147 868 1905 923 toribus quam in diminuendo debita mala poenae. Vnde si dona & merita vnius praecedentiase habeant in potesde
155 922 1901 974 re, mensura, & numero ad dona & merita alterius sicut. c. librae ad vnam, si illi qui dona & merita habet
150 966 1905 1030 ad mensuram vnius librae percitur in poena ad mensuram & poendus vnius denarii, alti percitur ad mensuram: cidenario
148 1029 1903 1090 rum: & hoc cuiuscumque conditionis sint, siue ambo religiosi, siue ambo saeculares, siue vnus religiosus & alter
144 1070 1897 1142 saecularis: & hoc si abo poeniteant. Si enim vnus poeniteat & alter non, infinite grauius punietur non poeni
148 1132 1910 1185 tens: quia impoenitens punietur poena aeterna, poenitens vero temporali. Si autem neuter eorum poeniteat, grauius
150 1185 1917 1262 semper punietur ille qui plura dona receparat: & plura merita congregauerat. & quia praesumitur quod talis est religio-
143 1240 1909 1300 sus respectu saecularis, proptet hoc dicit Ansel: de monacho. Si poenitere noluerit, maiori quam laicus da-
150 1295 1923 1359 mnationi subiacebit: & hoc quia seruus qui voluntatem domini sui scit & non facit, vapulabit mul-
148 1338 1914 1412 tis, vt dicitur Luc. xii. Si vero ambo poeniteant, & secundo modo proposito aspiciamus ad merita in praesenti
152 1405 1911 1471 quando poenitent: dico quod caeteris eisdem existentibus illi qui plus poenitet & conteritur & ex maiori de-
146 1459 1932 1521 uotione poenitentiam agit, magis percitur secundum mensuram illorum: Potest tamen recompenfatio fieri per votum sub
156 1507 1911 1571 quo vnus poenitet, & non alter, vt illi qui plus poenitet, & ex maiori deuotione siue tantundem & ex
154 1567 1905 1620 aequali, minus percatur. Et secundum hoc potest intelligi quod Anselius imediate ante verbum iam dictum dicit sic. Sic
144 1621 1913 1687 deus inter professum monachum et volentem profiteri iudicat, si eos contra eum peccasse poeniteat. Non
146 1668 1897 1744 solum enim professum mitius iudicat non professo, sed et quolibet laico in hoc saeculo constituto
149 1725 1904 1792 licet enim vterque idem peccatum committat: tamen si toto ex corde monachum deliquisse poeniteat: eumque
147 1784 1912 1846 cui se subdidit ordinem feruenti amore custodiat, maioreni quam laicus misericordiam consequetur, quan-
153 1822 1910 1886 tuncumque iste poeniteat saecularibus adnuc detentus. Sed ponendo quod isto secundo modo praedicto di-
153 1877 1904 1943 uersitas in peccatis et demeritis, sit causa et ratio plus pauniendi vnum quam alterum scilicet ex parte actus
147 1929 1905 1996 in quo est ipsum meritum vel demeritum pro quo principaliter puniendus est: quis aut remune-
152 1989 1901 2062 randus: tunc puto vlterius distinguendum: quod scilicet religiosus aut commisit peccatum suum ante pro
147 2043 1917 2117 fessionem, aut post. Si primo modo, et causa agendi poenitentiam intrauit religionem et profite-
146 2098 1910 2173 tur: Dico quod aliis eisdem retentis ratione voti minus puniendus est quam laicus pro peccato aequa-
155 2149 1906 2212 li aut etiam maiori aliquantulum. Et de tali expresse. loquitur Ansel. xxxii. c. dicens sic: Plerumque con
151 2206 1910 2281 tingit vt aliquis redundet vitiis, et intelligit quod aliter saluari non valeat nisi ferro districtioris poe
141 2244 1901 2322 nitentiae fuerint resecata: vt ergo inde purgari persecte queat alicubi in monasteriosponte sua se allip
156 2313 1900 2382 gat professionii. &c. Si secundo modo, aduertendum quod in hoc est diuersitas ex parte professio-
152 2352 1912 2434 nis: quia aut professio est talis in qua religiosus non profitetur omnem modum perfectionis, nec
154 2421 1909 2487 quicquid boni poterit operari, nec etiam semper quod melius est operari pro posse suo, aut est professio in
156 2474 1913 2544 qua religiosus omnia talia profitetur. Si primo modo: cum iste religionsus indebite peccauit contra do
157 2528 1905 2599 minum cui professus est, opera satisfactionis in poenitendo alias indebit. scilicet si si non peccasset, debet age
155 2582 1908 2650 re. cuiusmodi suntur ista quae non cadunt sub voto suo, ad quae agenda se non obligauit: sed libertati
158 2638 1911 2707 suae reseruauitur. Et quia talis actus poenitendi non cadit sub voto, ratione voti non augaermeritum
161 2688 1903 2754 quia votum non auget meritum operis nisi cadat sub voto. Propter quid dicit Anseius in similitudine
160 2740 1908 2804 de duabus arboribus: quod illius qui offert fructus suae arboris ex voto acceptabilior est: oblatio deo
163 2792 1909 2864 quam illius qui offert eam non ex voto: ita quod si ille qui fructus vnius arboris offert ex voto, haberet
153 2842 1910 2921 aliam arborem, cuius fructus non offerret ex voto, ratione voti quo offerre debet fructus prioris arboris:
149 2901 1904 2961 non esset acceptabilior fructus oblatus de alia arbore. De tali ergo religioso peccante et poenitente
160 2956 1909 3032 post votum: dico quod quanto talis religiosus grauius peccat saeculari, tanto grauius debet a deo pu-
153 3009 1912 3074 niri: et minus ei percetur si discedat, vt dictum est. Sed si redeat ad votum et agat poenitentiam, in quo casu nunc
157 3067 1907 3133 loquimur, opus quod facturus est sub voto iuxta opus poenitentiae valet vt ei plus parcatur, aliis
148 3122 1908 3188 eisdem retentis. Sin autem aliis non retentis eisdem saecularis iuxta opus poenitentiae agat opus
152 3173 1905 3253 maioris meriti, licet sine voto, valebit et hoc vt magis ei parcatur. Et hoc quemadmodum
