2344 3730
421 189 2213 315 motus non est nihil. ergo &c. Confirmatur autem ratio ista per illud quid Dauid propheta loquens in psal.
433 282 2225 355 de Christi ascensione dicit sic. Asummo caelo egressio eius: & occursus eius vsque ad summum eius. oc-
429 327 2220 413 cursus iste ascensio eius fuit. Ascensio ergo Christi fuit vsque ad summum supremi caeli, quid est supe omnes
439 382 2219 461 caelos. ergo &c. In contrarium est illud quod dicit Grego. in praefatione pentecostes de Christi ascen
435 432 2232 515 sione. Ascedens super omnes caelos sedensque ad dexteram &c. quid assumpsit de ad Ephe. iiii. vbi dicit aposto
444 488 2226 569 lus. Qui descendit ipse est qui ascendit super omnes caelos. Dico quod hoc quod Christus super omnes caelos
438 566 2233 631 ascendisse scribitur: sanum requirit intellectum & pium expositorem. Quia enim ascensus motum
437 602 2228 677 dicit ad superius: superius autem semper dicitur respectu inferioris: et superius atque inferius duplici
435 650 2232 731 ter possunt intelligi, vel loco vel dignitate: vtroque modo Christus intelligendus est ascendisse super
439 705 2239 791 omnes caelos. Super illud Ephe. iiii. Ascendens Christus in altum. dicit Gloss. Et loco & dignitate: quod Christus
442 761 2237 838 vna persona deus & homo ascendisse dicitur, secundum humanitatem eius dictum intelligitur. Super illud Ephe. iiii.
448 820 2234 895 Quia autem ascendit quid est nisi quia & descendit. dicit Glossa. Secundum corpus & animam ad caelos ascendit. Ad
452 866 2242 945 caelos spirituales trinitatis diuinarum personarum ascendit quando in sua incarnatione ad aequalitatem
447 923 2242 996 dei patris humanitas eius est assumpta per vnionem naturae humanae cum diuina, secundum quam est aequa-
456 974 2247 1061 lis patri. Vnde super illud psal. xviii. Occursus eius vsque ad summum eius, dicit Augustinum. Occurrit ple
449 1024 2246 1109 nitudini diuinitatis vsque ad aequalitatem patris. vt enim super illud loan iii. Nemo ascendit in caelum
452 1083 2249 1163 nisi qui descendit de caelo. dicit Beda, filius hominis quod in sua natura habere non potuit hoc in dei filio a
454 1144 2247 1213 quo assumptus est habuit. Et per hoc ascendit Christus vna persona existens in duabus naturis in cae
453 1194 2254 1267 lum per eius humanitatem: sicut econuerso descendit de caelo secundum eius diuinam naturam. Vnde supe il-
456 1245 2245 1323 lud psal. xvii. Inclinauit caelos & descendit. dicit Augustinus Descendit ad hominum infirmitatem. De vtroque
458 1297 2255 1382 autem simul dicit Glossa super illud. Quia autem descendit &c. sic. Quomodo humanitas ascendere potuit nisi
460 1359 2252 1436 quia diuinitas primum descendit: descendit quidem diuinitas non localiter: sed per exinanitionem sua. scilicet in
463 1402 2258 1483 assumpta humanitate. Sic etiam econtra isto modo iam dicto ascendit humanitas non localiter: sed per re
465 1469 2251 1540 pletionem sua. scilicet ex assumpta diuinitate quae est ascensio non loco sed dignitate: & per istam ascensionem ad cae
464 1513 2248 1589 los spirituales trinitatis ascendit super omnes caelos spiritales spiritalis creaturae & loco & dignitate.
459 1568 2258 1643 secundum illud psal. xvii. Ascendit super cherubin & volauit super pennas ventorum. Super cherubin dicit Au-
467 1622 2260 1709 gust. exaltatus est super plenitudinem scientiae: & super virtutes animarum: quibus se velut penis a terrenis ti-
469 1675 2260 1753 moribus in auras libertatis attollunt. Hinc dicitur in psal. cxii. Excelsus super omnes gentes dominus & super cae
475 1730 2259 1813 los gloria eius. vbi dicit Augustinus Gentes homines sunt. Sed non solum excelsus super omnes gentes dominus, verum
473 1790 2250 1862 etiam super caelos gloria eius. Sicut autem per gentes intelligit homines: sic per caelos intelligit angelicos spi-
475 1837 2260 1913 ritus: inquantum respectu illorum homines dici possunt terra. Communiter tamen & homines & angeli caeli
472 1886 2256 1969 dicuntur. Super quos Christum ascendisse intellexit Greti, quando dixit. Qui ascendens super omnes caelos. Quid
471 1948 2255 2030 bene declarauit describendo terminum ascensionis vbi ascensus ille stetit, subdens. Sedensque ad dexre
477 1996 2252 2081 ram dei patris, quod est in plenitudine diuinitatis aequalem patri residere. vnde super illud psal. xlvii. Asce
476 2054 2255 2125 dit super caelum caeli. dicit Augu. Ergo super caelum caeli sedet ad dexteram dei patris. & hoc est quod dicit apo-
479 2104 2257 2187 stolus. Ascendit super omnes caelos. Quid amplius exponens loan. Damasce. libro iii. ca. xxxi. dicit sic. Ad dexteram
481 2160 2255 2237 dei patris sedere aimus Christum corporaliter. Dexteram autem dicimus patris gloriam & honorem diuini
481 2213 2267 2291 tatis, in qua corporaliter sedet glorificata eius carne. Et sic loquendo de ascensione dignitate super omnes cae
480 2269 2274 2344 los omnis spiritualis creaturae bene procedit vltima obiectio. De ascensione autem eius loco super omnes caelos si
483 2319 2265 2400 intelligamus super caelos iam dictos creaturae spiritualis, adhuc bene habet veritatem caelos appellando
480 2373 2265 2458 bonos homines qui creduntur post corporum resurrectionem in paradiso caelesti in diuersis sedibus corpo
485 2428 2269 2516 ralibus corporaliter residere dispositi pro qualitate meriti: inter quas sedes Christi sedes erit supre
483 2487 2264 2567 ma, vel situ locali, vel dignitate, vel potius vtroque modo. Vt sicut Christus corporaliter & circunscri
497 2540 2272 2622 pto corpore creditur ascendisse secundum Damalis. libro iii. ca. xxxi. in exponendo illud Actuum primo. Veniet
487 2591 2269 2679 quemadmodum vidistis eum euntem in caelum. dicentem. Ascendere autem ex terra ad caelos, & rursum descem
487 2659 2273 2731 dere actiones sunt circunscripti corporis: Sic in corpore circunscripto a loco determinato creditur in
488 2697 2270 2787 aliqua parte determinata caeli residere quaecumque sit illa. & in quocumque situ. Si vero intelligere conetur
492 2752 2271 2838 aliquis ascendisse Christum supe omnes caelos corporales vltra convexitatem extremi caeli: nescio qua aucto-
484 2804 2275 2889 ritate aut ratione illud firmare poterit. Sed quin sic super omnes caelos corporales ascendisse potuis
491 2865 2284 2946 set, si voluisset, non dubito. Vnde quod arguitur in primo argumento: quod Christus non ascendit super omnes
498 2919 2279 3000 caelos, quasi super omnes caelos corporales dicto modo ascendere non potuisset, eo quod omnis motus est ad
499 2967 2273 3058 terminum, & vltra omnes illos caelos nullus est terminus: Dico quod hoc vltimum verum est de termino qui
496 3022 2280 3107 est aliquod ens positiuum & secundum se: quia vt procedit argumentum & bene: extra caelum nullum tale ens
496 3071 2280 3171 est. De termino autem qui est ens per accidens & priuatiuum, cuiusmodi ens potest esse vacuum secundum
