2465 3721
523 226 2314 306 dentium: quae vt distinguuntur contra substantiam: in vna ratione communi conueniunt: licet non
525 300 2312 361 in vna realitate. Illarum autem duarum rationum vna est esse in se, non in alio: & est propria sub-
523 350 2312 413 stantiae. Alia vero est esse in alio: & est communis. ix. praedicamentis accidentium. Vnde cum hoc quod prae-
528 410 2308 472 dicamentum substantiae veriorem realitatem caeteris importat, etiam habet esse verius. propter quid a Philosopho
535 465 2311 528 vii. Metaphysicae dicitur ens simpliciter. Caetera vero nouem respectu illius dicuntur entia aliquid &
540 520 2313 577 quasi secundum quid & diminute: quia non dicuntur aut sunt entia, nisi quia sunt dispositiones entis
536 562 2302 624 simpliciter quid est substantia. Ratio autem conmunis illis nouem praedicamentis accidentium distinguitur
536 617 2302 683 in duas, quia esse in alio aut conuenit alicui absolute: aut non nisi in ordine ad aliud. Et est prima
533 674 2313 737 istarum duarum rationum communis duobus praedicamentis absolutis scilicet quantitati & qualitati. Se-
538 725 2308 786 cunda vero est communis septem praedicamentis respectiuis, quorum esse, quia dependet ab absolu-
527 777 2307 849 tis, & realitatem trahunt ab illis: puta a substantia, quantitate, & qualitate: idcirco illa absoluta & quid-
536 838 2311 908 libet eorunm scilicet substantia & accidentia quae sunt quantitas & qualitas, verius esse habent, quam quodcumque
529 889 2309 954 illorum septem: quibus non conuenit aliqua realitas communis omnibus: aut aliquae propriae singulis,
532 950 2305 1019 quantum est ex natura sui praedicamenti. Vnde & distinguuntur solummodo penes diuersitatem mo-
536 996 2312 1066 dorum fundandi illa super res praedicamentorum absolutorum & referendi secundum illos aliquid ad
527 1050 2316 1121 aliud, hoc modo. Quia ille respectus qui est ad aliud esse, aut conuenit rei absolutae ex se sola: & sic
540 1104 2314 1171 est respectus praedicamenti relationis proprie dictae: aut conuenit rei absolutae non nisi ex connexione
527 1169 2316 1228 quadam sui cum aliqua re alia: & sic est respectus aliorum sex praedicamentorum. De quibus idcirco
527 1212 2307 1282 dicit Boetius in libro suo de trinit. quod maxime ex aliquo alieno aduentu constare videntur. cuiusmodi
525 1266 2310 1328 alienum est motus aut dispositio acquisita per motum. Motus enim aut dispositio acquisita per mo
527 1322 2310 1389 tum non conuenit mobili nisi coniunctione eius cum mouente & aduentu illius: nec econuerso com
523 1381 2312 1442 uenit mouenti nisi ex coniunctione eius cum mobili & aduentu illius. Et secundum hoc sex praedicamen
529 1429 2313 1498 ta respectiua distinguuntur inter se, prout in quaestionibus nostris ordinariis declarauimus in qua-
526 1479 2308 1546 dam quaestione generali de praedicamentis decem: nec oportet hic iterare: quia non proprie pertinet
523 1535 2310 1593 ad propositum. ET quia in his sex praedicamentis res illa super quam fundantur, inquantum super il-
530 1587 2305 1659 lam fundantur, est ad aliud se habere: vt secundum hoc in his sex praedicamentis res illa super quam
524 1645 2301 1707 fundantur, inquantum super illam fundantur, circa se rationem respectus quodam modo includit quasi
523 1704 2307 1764 materialem ad respectus in quibus consistit ratio illorum sex praedicamentorum: non sic autem res
525 1754 2309 1823 super quam fundatur praedicamentum relationis, circa se talem respectum includit vt super ipsam fun-
522 1805 2311 1875 detur respectus qui est proprius praedicamento relationis: eo quod res super quam fundatur praedicamen
529 1864 2317 1931 tum relationis, inquantum huiusmodi, omnino absoluta est absque ordine ad aliud. Idcirco dico.
526 1918 2306 1985 prout statim declarabitur, quod ex hoc, dicta sex praedicamenta relationis plus realitatis important &
535 1975 2303 2042 verius esse habent quam praedicamentum relationis. Et vlterius: quod praedicamentum relationis inter omnia
530 2037 2297 2097 praedicamenta debilius esse habet. Et secundum hoc., concedenda est secunda ratio ad hoc probandum
534 2083 2298 2136 inducta. Ad primam, quae est in oppositum: quod relatio verius habet esse quam alia sex praedicamenta re
529 2128 2300 2198 spectiua: quia verius habent esse illa in quibus fundatur, quam illa in quibus fundantur alia sex: Dico ad
527 2185 2302 2247 hoc & simul ad declarationem iam suppositi: quod praedicamentum respectiuum non ex hoc dicitur ve-
532 2238 2309 2301 rius esse habere, quod super verius ens fundatur: sed solummodo ex hoc, quod ab illo verius & perfectius
527 2290 2311 2370 esse & realitatem trahit. Quamquam ergo relatio super verius ens fundetur quam alia sex: si tamen verius & perfectius il
534 2345 2303 2412 la sex ab illo super quod fundantur realitatem contrahant, non impedit quin habeant verius esse. Quod reuera ita est,
530 2396 2310 2472 quid & declarandum est ex fundatione respectuum praedicamentorum actionis & passionis per motum. Et paer
534 2457 2311 2514 hoc idem intelligendum est in aliis quatuor: quae sunt quando, quod fundatur in re temporali ex mo-
530 2508 2312 2571 tu & adiacentia temporis, quod est mensura motus, & eius cui tempus adiacet, quid est omne existens in
531 2567 2320 2621 tempore: & vbi, quid fundatur in re locali ex adiacentia loci simpliciter per hoc quod locatum simpliciter
519 2620 2317 2677 habet esse in loco: & de situ, qui fundatur in re locali per hoc quod partes eius diuersimode se habent ad lo
519 2672 2319 2743 cum: & de habitu, qui fundatur in habente aliquid circunstans ipsum corporaliter ex applicatione eius quid
526 2729 2313 2789 habetur ad habentem, prout haec plenius exposita sunt in dicta quaestione generali. De actione igi-
508 2781 2319 2848 tur, & passione, vt etiam declaratum est in eadem: dico quod verius esse habent, quam praedicamentum relationis.
532 2835 2311 2905 quoniam fundamenta relationis, quae sunt praedicamenta absoluta, & absolute, ex eo quod sunt fundamenta
526 2891 2321 2955 illius, & ad hoc quod in eis fundetur relatio, non respiciunt aliquid aliud a se, sed illa solummodo, & prae-
531 2948 2313 3004 cise. & sic ipsa, quantum est ex se, inquantum sunt subiecta relationis, vel fundamentaiomnino aliena
521 2999 2323 3057 sunt a natura relationis, & modicum idcirco subintrant rationem respectus in relatione, quia non nisi
523 3052 2318 3117 quasi characterizando, & quodammodo afficiendo. Fundamentum autem actionis & passionis, cuiusmo
523 3108 2323 3187 di est motus, semper respicit aliquid aliud a se, vt in ipso fundetur respectus actionis & passionis: quia
