2487 3818
186 331 1957 406 respicit passum vt in ipso fundatur respectus actionis: & econuerso respicit agens, vt in ipso funda-
194 386 1952 455 tur respectus passionis: & sic semper plura, inter quae est relatio fundata in motu. Est enim secundum philosopum. v
189 437 1957 512 Physicorum, motus actus huius scilicet agentis, quia est ab ipso, in ho scilicet in passo existens vt in subiecto. Et
185 489 1945 560 per hoc licet motus sit simpliciter absolutum quid, pertinens ad praedicamentum absolutum quantitatis, aut
186 553 1947 617 qualitatis, aut vniuersaliter ad praedicamentum illius rei ad quam est motus: tamen vt fundatur in
189 610 1954 659 alterutro, semper diuersorum est, quae diuersimode respicit. Cum enim est in aliquo, vt in subiecto puta in
191 658 1947 731 passo, necessario cum illo respicit aliquid aliud, vt a quo est, sicut agens: & econuerso cum est alicuius
193 715 1949 779 vt a quo est, necessario cum illo respicit aliquid aliud vt in quo est aliud differens re, vel ratione: sed hoc
178 768 1948 838 mediante alio extremo, vt in praecedenti Quolibet determinaui de motu voluntatis a seipsa. & quod sic mo
181 821 1946 878 tus semper respicit aliquid aliud praeter seipsum, vt in eo fundentur respectus actionis, & passionis, in hoc quasi
190 865 1944 948 omnino subintrat rationem respectus illius qui supe ipsum fundatur. & per hoc vlterius motus potius est de signifi
188 923 1942 986 cato actionis & passionis, quam substantia, quantitas, & qualitas sit de significato relationis fundatae super illam.
184 972 1951 1032 Actio enim est motus, vt est ab agente, & passio est idem motus, vt recipitur in passo. Et propterea in entibus
185 1032 1947 1095 creatis contentis sub praedicamentis verius esse habent actio & passio, quam relatio: & consimili ratione etiam
184 1087 1947 1143 alia quatuor, quia vt dictum est, fundamenta illorum semper aliquid aliud a se respiciunt, vt in illis respe
185 1138 1954 1195 ctus importati per ipsa fundentur. Quid autem arguitur, quod actio & passio fundantur super relationem
183 1199 1948 1266 quia super rationem actiui, & passiui &c. Dico quod non est verum. Non enim fundantur super potentiam
183 1249 1948 1303 actiuam, & passiuam, quae sunt propriae rationes actiui, & passiui, neque etiam supe relationes de primo
181 1298 1953 1369 genere relationis fundatas in illis, immo fundantur fuper motum solummodo, qui per potentiam actiuam
182 1357 1951 1412 ab agente procedit in passum, in quo recipitur per potentiam passiuam. Qui quidem motus, quantum est ex
180 1405 1951 1473 se, simpliciter absolutum est, praeter hoc, quod necessario respicit aliud a se, vt in ipso fundetur respectus
181 1460 1943 1538 actionis, & passionis, vt dictum est. Propter eandem etiam causam illa sex dicuntur esse accidentia extrin-
181 1510 1669 1575 secus aduenientia, cum relatio dicatur esse de accidentibus intrinsecus aduenientibus.
520 1564 1940 1634 Equuntur quaesita pertinentia ad causata absoluta. vbi primo quaerebatur vnum de
523 1624 1939 1695 accidente. Vtrum scilicet sit possibile ponere plures & diuersas formas accidentales
527 1673 1945 1751 differentes solo numero simul in eodem subiecto indiuisibilitur. Deinde quaerebantur plu
531 1729 1927 1799 ra alia de substantia. Circa illud vnicum arguitur quod sic. Primo sic. Diuersa visibilia,
514 1786 1936 1849 puta alba, vel lucida, aequaliter multiplicant species, siue similitudines, siue intentiones suas
501 1828 1943 1912 in eadem parte medii: ita quod intentione vnius corrupta ad eius absentiam manet inten
505 1879 1933 1944 tio alterius in illo. hoc autem non posset esse, nisi a diuersis essent diuersae intentio-
177 1936 1937 2007 nes simul in eadem parte medii. ergo &c. Secundo sic. Si esset eadem species, siue intentio in medio diuer
174 1982 1937 2071 sorum alborum, cum per illud quid ab eis diffunditur in medium, mouent visum: essent duo alba, quorum vnum es-
178 2037 1947 2117 set magis album, & alterum minus, aequaliter ergo mouerent visum: & per hoc iudicarentur a visu fo
182 2103 1945 2177 re aequaliter alba: consequens falsum est. ergo &c. Tertio sic. Philosophous dicit in. v. Physicorum, quod duo
181 2151 1948 2218 accidentia in eodem subiecto, puta duae sanitates: quarum vna corrumpitur in mane: & altera generatur in
180 2201 1942 2270 vespere, non possunt esse eadem sanitas numero, & hoc propter diuersos motus quibus generatae sunt.
177 2263 1939 2323 quare cum diuersis motibus fiat generatio intentionis in medio a diuersis albis. ergo &c. In contrarium
171 2314 1943 2374 est, quia accidens non numeratur nisi per subiectum, quasi subiecto existente vno, & eodem, & acci-
176 2362 1937 2434 dens eiusdem speciei non numeratur: sed est idem secundum numerum. Dico quod cum secundum philosopum. xii. Metaph. & cla
169 2419 1936 2491 rius secundum Conmentatorem suum ibidem, omnes formae, quae sunt in primo motore in actum, sunt in prima ma-
170 2465 1948 2538 teria in potentia: & est sermo suus ibidem de generabilibus formis, & corruptibilibus: correspondentiam ergo
172 2520 1943 2593 habent inter se esse formarum secundum actum, & secundum potentiam in prima materia. Sunt autem
173 2573 1945 2655 formae in primo motore in actu per rationes ideales, quae sunt principia actiua & cognitiua, & productiua
182 2628 1949 2707 illarum. In prima autem materia sunt in potentia per potentias materiae receptiuas, siue passiuas. Quare
180 2689 1941 2765 cum respectu vnius speciei, & omnium indiuiduorum illius non est nisi vnica idea in primo motore, qui
178 2740 1939 2819 est deus, vt in quodam alio Quolibet determinauimus secundum beatum Augustinus similiter ergo & in prima
172 2799 1945 2856 materia respectu vnius speciei, & omnium indiuiduorum illius non est nisi vnica potentia passiua, siue re-
183 2843 1946 2922 ceptiua. Ex vnica autem & eadem potentia passiua in eodem secundum numerum non potest produci, aut esse fi-
178 2907 1939 2978 mul in eodem tempore plus quam vnica forma secundum numerum, quia potentia terminatur per quencumque actum vnum
179 2948 1936 3025 ad quem est. Idcirco igitur mihi videtur, quod plures tales formae differentes numero non possunt simul esse in
173 3019 1932 3084 eodem subiecto. Concedo igitur vltimam rationem. Ad primam in contrarium de intentionibus visibilium in me
178 3061 1936 3125 dio, propter quas, vt puto, mota fuit quaestio, quod diuersa visibilia aequaliter multiplicant suas species
175 3113 1940 3191 in eandem partem medii, sic quod species vnius manet specie alterius corrupta, quod non posset esse, si essent eaedem
166 3164 1946 3251 species numero: Dico quod si illa multiplicatio speciei a diuersis visibilibus esset per migrationem alicu
