2437 3737
468 226 2250 321 ecclesia dispensare, licet non in istis & iuxta illud quid dicit Toletanum concilium, vbi supra, dum horas emitu
468 308 2237 369 mus & peccamus, creatorem quidem offendimus, sed nos tantummodo maculamus: cum vero discrimen, aut
468 357 2239 428 scandalum peruenire permittimus, & dei iussa contenmnimus, & proximis impia crudelitate nocemus, & nos
486 413 2241 472 ipsi crudeli mortis gladio trucidamus. Illic enim duplici telo culparum perimimur, hic triplici iugu
474 468 2243 530 lamur. Quod vt dicit ibi Glos. ideo dicit, quod hic tria offendimus ibi duo: & cum hoc argumentum quod qui plures or
476 518 2238 588 fendit plus peccat. Veruntamen inquam, quia non tantum obligatur quisque ad horas dicendas, quantum obligatur ad prae
487 577 2236 643 ueniendum proximi discrimen, aut scandalum: idcirco dico quod vix posset esse tantillum discrimen, aut scandalum,
480 632 2240 687 nisi forte esset solummodo veniale peccatum illi non occurrere: vt omittere horas dicere, aut peccatum mor-
478 688 2242 757 tale, aut etiam veniale: quia non auertit se a bono incommutabili vt dicitur in secundo argumento, quod bene proce-
486 738 2239 813 dit quo ad hoc in istis duobus casibus: licet non bene probet quod non auertitur a bono incommutabili, per hoc quod
486 797 2239 865 manet in voluntate bona explendi illud quod omittit, vt iam videbatur. Si vero vt dicit secundum membrum
482 850 2244 916 principalis distinctionis non sit tanta necessitas studii: aut lectionum quin absque discrimine aut scanda-
478 906 2244 963 lo saltem mortali superueniente ex tali lectionum aut studii dimissione posset vacare horis dicendis: autem
473 958 2255 1039 si potuit praeuenire dicendo horas: vt dicit primum membrum primae subdistinctionis, & praeuidere rationabi
475 1016 2255 1068 li coniectura quod praeueniendum esset, sed non praeuenit nec praeuidit, vt dicit secundum membrum secundae subdistinctio
476 1071 2245 1139 nis: in his duobus casibus credo quod mortalitur peccaret: si tamen sub poena peccati mortalis obligaret edi
482 1120 2252 1183 ctum seu consuetudo de horis dicendis: quia in vtroque casu negligens est omittendo dicere horas debitas. Nec
482 1190 2246 1256 est hic distinguendum de negligentia simplici & crassa seu supina, quae posset habere locum in dicendo ho-
488 1232 2253 1309 ras tepide aut truncate aut intempestiue: quia omnis negligentia in omittendo id ad quod quis obligatur
489 1291 2253 1346 sub poena peccati mortalis, crassa est & supina, de qua loquitur Hiere. in primo argumento, quod bene proce-
483 1342 2267 1411 dit in istis duobus casibus. Quali modo quilibet obligatur ad custodiam diuinorum mandatorum: licet non teneatur
487 1396 2258 1462 aliquis tantam diligentiam adhibere ad horas dicendas: quantam tenetur adhibere ad explendum diuina mandata:
488 1456 2261 1528 quia vt dictum est: non tantum obligatur ad illas: quantum ad haec: ita quod licet aliquanta diligentia faciens opera mandatorum
498 1513 2260 1581 dei reputaretur facere illa negligenter: & peccaret mortaliter: tanta tamen diligentia dicens horas non reputa
489 1567 2260 1628 retur illas dicere negligenter: & non peccaret omnino: aut si aliquo modo reputaretur illas dicere negligenter: non
489 1623 2260 1689 tamen propter hoc peccaret mortaliter etsi forte venialiter: sicut negligendo dicere horas omnino, & facere
492 1685 2267 1745 diuina mandata ex aequali negligentia, minus peccaret in non dicendo horas, quam in non faciendo diuina
494 1740 2260 1800 mandata. Quia ergo arguitur primo: quod ille qui omittit dicere horas debitas ex proposito & spe recupe
492 1789 2265 1853 randi & dicendi illas die sequenti, facit opus dei negligenter: Dico quod ista quatuor differunt: videlicet
497 1837 2259 1910 facere opus dei, puta horas dicere, prouidenter, prudenter, negligenter, malignanter. Prouidenter enim
500 1898 2267 1966 facit opus dei in dicendo horas qui rationabili coniectura prouidendo occupationem diei futuram in negotiis ne
496 1945 2264 2011 cessariis seu vtilibus, maxime ad publicum aut, proximi profectum pertinentibus, praeueniendo tempropus consuetum
503 1999 2259 2064 & ordinatum dicendi horas, horas dicit infra tamen praecinctum vnius diei naturalis. Hoc enim licitum est prout
504 2059 2255 2123 in alio Quolibet determinaui alias. Prudenter autem facit opus dei in horis dicendis: qui nulla alia ra
505 2107 2252 2175 tionabili occupatione detentus horis debitis diei singulis singulas horas dicit. Negligenter vero di
500 2169 2260 2241 cit horas qui nulla rationabilioccupatione impeditus dicit singulas horas: sed aut tepide aut trun-
508 2212 2260 2275 cate aut praepostere. Et est maius delictum incidente negligentia in his tribus simul, quam si in duobus aut
508 2276 2268 2338 vno tantum: & iterum maius si in duobus ex illis quam si in vnicotantum: & iterum maius delictum est
505 2336 2269 2398 si sic dicantur horae horis indebitis quam si debitis, quid etiam esset per se negligenter dicere: etsi nuilus il-
506 2384 2268 2451 lorum trium modorum negligentiae concurreret: & cum hoc esset maius delictum si dicerentur altero die
516 2434 2271 2503 vt in casu propositae quaestionis: & velt modorum negligentiae in horis dicendis tanto est maius deli-
511 2500 2271 2553 ctum: quanto sit maiori contemptu & maiori libidine circa ea circa quae quis occupatur. & secun-
511 2550 2277 2612 dum hoc aliquando est delictum veniale: & aliquando potest esse delictum mortale. sed hoc tantummo in duobus ca-
508 2591 2272 2671 sibus iam expositis quo ad casum quaestionis propositae. In primis enim duobus casibus omittere dice
513 2642 2277 2713 re horas debitas non est negligentiae sed prudentiae: quia operi meliori insistitur secundum praedicta, etiam si aliquis
514 2708 2285 2777 in illis casibus omittat dicere horas debitas absque omni proposito & spe recuperandi & dicendi illas in die
516 2753 2278 2826 sequenti. Tale enim propositum non est necessarium ad hoc quod fine peccato omittat dicere horas in die debi
516 2814 2278 2880 to, si nulla necessitas occurreret. Si tamen tale propositum adsit, auget meritum: sicut maioris meriti esset pia
518 2867 2278 2931 & discreta deuotione bis dicere singulas horas: quam semel. & sic tale propositum & horarum recuperatio
521 2914 2277 2987 die sequenti meritum addit: & illarum omissio in illis duobus casibus peccatum non apponit. Ad secun
525 2968 2285 3032 dum quod est in contrarium, quod sic omittens horas dicere non auertitur a bono incommutabili: dico quod in-
516 3026 2285 3083 mo in casu propositae quaestionis: & in duobus vltimis casibus dictarum distinctionum: in quibus peccaret
520 3076 2284 3151 mortaliter secundum praedicta: sicut & in casibus in quibus negligendo peccaret venialitur a bono incommutabili se di
513 3143 2286 3225 uertens. In duobus autem primis casibus dictarum distinctionum nec se diuertit omnino nec auertita bo
