2466 3743
471 284 2277 383 tiuitatem eius ex vtero fuisset sanctificata. Quia autem virgo simul in eodem instanti quo concepta est mundo, n
478 352 2246 417 & originali peccato infecta:, concepta sit deo, & in gera sanctificata, hoc omnino est impossibile: quia contraria
480 403 2253 468 sunt originaul clpa, & sctificationis genera, & simil fuissent in eodem subo. contraria autem in eodem instanti simplici secundum
480 462 2250 523 rem non possunt inesse eidem subiecto. Quam tamen originalis culpa, & sanctificationis gera simul sint, seu esse ha
482 514 2256 588 beant quodammo in eodem instanti, etsi non in eodem subiecto pro illo eodem instanti, hoc non est omnino impossibile.
480 567 2254 643 De esse enim formarum contrariarum distinguitur secundum duplicem considerationem quam habet quaelibet talium forma
470 630 2254 693 rum. Vno enim modo consideratur in ordine, siue in comparatione ad agentem, a quo producitur in esse, & a quo ha-
474 684 2255 744 bet suum esse. Alio autem modo consideratur in ordine: seu comparatione ad subiectum recipiens in se eam, & in quo ha
480 734 2250 803 bet suum esse. Considerando autem primo modo formam, & esse eius secundum primam comparationem scilicet in ordie ad agen
479 797 2252 868 tem producentem illam, semper in formis contrariis sibi succedentibus forma posterior habet esse prius natura, quam cor
474 843 2257 916 rumpatur prior. quia prior non corrumpitur, nec a subiecto suo expellitur, nisi per actionem formae alterius introdu
475 905 2254 966 ctae posterius. in idem subiectum. & hoc ratione contrarietat, quam habet ad illam, qua se non compatiuntur in eodem
478 956 2257 1021 subiecto, & etiam ratione maioris virtutis & efficaciae quam illa forma habet in agendo super minorem virtutem
475 1013 2251 1085 & efficaciam, quam forma alia habet in patiendo, & resistendo. dicente philosopho in libro de motibus animalium. Est ali
477 1067 2256 1132 quae multitudo vigoris & virtutl secundum quam manet quod manet: quemadmodum & secundum quam mouet mouens:
479 1130 2247 1199 & est quaedam proportio ex necessitate, quemadmodum & contrariorum motuum, sic & quietum. & aequales quidem impassibi
469 1176 2254 1255 les abinuicem. obtinetur autem secundum excessum. sicut enim pellens pelliti sic pulsum pellitur similiter secundum virtutem.
475 1234 2247 1307 Nihil autem agit nisi habens esse. quia actus secundus, cuiusmodi est agere, necessario praesupponit actum primum qui
475 1295 2256 1365 est esse. Semper ergo forma corrumpens prius habet esse natura, quam per illam forma ei contraria corrumpatur. lpsa
466 1352 2278 1415 autem forma corrumpenda, anquam corrumpatur, habet esse in duratione praecedente suam corruptionem. In illa ergo dura a
478 1404 2257 1476 tione necessario simul habent esse formae illae contrariae, licet diuersimode: puta forma corrumpens in ordie ad agen
475 1462 2258 1520 tem, & producentem illam, & forma corrumpenda in ordie ad subiectum: licet, vt dictum est, nullo modo habeant esse simul in
477 1515 2256 1580 subo, siue in considerando ambas in ordie ad subm. immo oportet vnam prius natura expelli a subo per suam cor
474 1570 2257 1630 ruptionem, quam altere. scilicet corrumpens, & expellens ipsam a subiecto, per suam generationem in eodem subo recipiatur. Semper
483 1630 2257 1695 enim prioris exitus a subiecto dispositiue posterioris operatur ingressum: sicut & expulsio vitii virtutl operatur in
485 1690 2255 1750 gressum. secundum beatum Greg. Et sic secundum diuersa genera causae vno modo corruptio & non esse in subo vnius for
477 1737 2259 1805 mae praecedit esse alterius. Alio modo sequitur illud. Praecedit enim esse illius inquantum habet esse in subiecto, & sequtur esse il
482 1790 2254 1856 lius inquantum est ab efficiente, & hoc quemadmodum vt alias determinaui creatio, quae est vera, & realitur muta
475 1841 2260 1917 tio quaedam in ordie ad creantem & efficientem cauam, natura prior est creato. In ordine vero ad subiectum suum, & causam
482 1899 2254 1967 materialem, posterior est illo. quia vt in subiecto non habet esse nisi in creato. Quia igitur vt expositum est iam, cul
489 1966 2256 2022 pa original, & genera sctificationis sicut nec alia contraria, nullo modo in vno & eodem instanti possunt esse simil in
487 2010 2255 2079 eodem subiecto, neque fuerunt in virgie Maria: necessario ergo generam sctificationis in se recepit vt in subie
479 2070 2249 2135 cto, aut statim in tempore continuato illi instanti indiuisibili quo in culpa originali conce-
489 2111 2259 2189 pta est mundo, aut in alio instanti post fluxum temporis siue longioris siue breuioris inter virginis conce
496 2164 2278 2225 ptum in culpa originali, & eius sanctificationem. Et dico ad quaestionem: quod conceptio virginis ratione conceptionis
483 2222 2248 2297 intelligendo istum conceptionis actum: nequaquam celebranda est: quia actus ille conceptionis sanctus non fuit eo quod in
480 2273 2259 2351 instanti conceptionis ipsa non potuit sanctificari neque esse sancta. Immo fuit vitiosus, per quanto ipsa fuit conce
488 2345 2267 2406 pta in vitio. Intelligendo autem rationem conceptionis quo ad instans conceptionis, & similiter intelligendo actum sctifica
481 2390 2264 2458 tionis & etiam ipsam geram, quam sit sanctificatio, vt habent esse in sanctificato sicut in subiecto: dico quod adhuc
489 2450 2274 2508 virginis conceptio nequaquam est celebranda ratione conceptionis. & hoc quia in instanti conceptionis non
490 2489 2271 2567 fuit sanctificata siue sancta: & ratione conceptionis quo ad instans conceptionis celebranda non
483 2568 2266 2622 esset nisi illud instans esset & conceptionis, & sanctificationis simul: quia vt iam dictum est supra,
486 2600 2261 2659 cam primaria celebrationis conceptionis, natiuitatis, aut alicuius talium, non est nisi sanctitas, aut sancti-
487 2648 2271 2729 ficatio personae conceptae, aut nascentis: a cuius sanctitate aut sanctificatione ipse conceptus sanctus diceretur,
491 2721 2267 2784 aut natiuitas, aut instans conceptus, vel natiuitatis. Intelligendo vero rationem conceptionis quo ad conceptio
489 2772 2274 2834 nis instans & actum atque geram sanctificationis, vt habent esse a sanctificante: dico quod si virgo Maria statim
497 2825 2267 2885 in continuo tempore post instans suae conceptionis in culpa originali fuit sanctificata, bene celebranda est conceptio
497 2881 2270 2943 virginis ratione ipsius conceptionis, & hoc quia vt dictum est in instanti conceptionis in culpa originali, vt
490 2929 2269 2999 ab agente, & in ordine ad ipsum habebant esse genra & actus sanctificationis recipiendi in virgine vt in subie
497 2979 2269 3047 cto statim post illud instans. Vnde etiam celebranda est in die in quo fuit instans illud ipsius conceptionis, aut
495 3035 2269 3100 alio die pro illo instanti aut die illo in quo facta fuit. Sed hoc non per se ratione quam erat instans conceptionis: quia conce
490 3083 2275 3161 ptio virgis non erat miraculosa, sed pure natural virtute seminum maris & foeminae. Immo ratione quaerat
491 3149 2274 3210 instans sanctificationis vt facta est in illo in ordie ad agentem: licet non in ordine ad subiectum sicut dictum
489 3197 2277 3257 est. Vnde conceptio Christi bene celebranda est ratione conceptionis, quo ad instans conceptionis
484 3239 2272 3315 ratione qua erat instans conceptionis: non solum quia idem erat etiam instans suae sanctificationis secundum
485 3303 2268 3381 hominem, sed etiam quia sua conceptio fuit miraculosa virtute spititus sancti: Si vero tempus
