<?xml version="1.0" encoding="UTF-8" standalone="yes"?>
<PcGts xmlns="http://schema.primaresearch.org/PAGE/gts/pagecontent/2013-07-15" xmlns:xsi="http://www.w3.org/2001/XMLSchema-instance" xsi:schemaLocation="http://schema.primaresearch.org/PAGE/gts/pagecontent/2013-07-15 http://schema.primaresearch.org/PAGE/gts/pagecontent/2013-07-15/pagecontent.xsd">
    <Metadata>
        <Creator>prov=University of Rostock/Institute of Mathematics/CITlab|PLANET AI GmbH/Gundram Leifert/gundram.leifert@planet-ai.de:name=Badius1518-m5(htr_id=23184)::::v=2.6.6
prov=University of Rostock/Institute of Mathematics/CITlab|PLANET AI GmbH/Tobias Gruening/tobias.gruening@planet-ai.de:name=de.uros.citlab.module.baseline2polygon.B2PSeamMultiOriented:v=2.6.6
prov=University of Rostock/Institute of Mathematics/CITlab|PLANET AI GmbH/Tobias Gruening/tobias.gruening@planet-ai.de:name=/net_tf/LA73_249_0mod360.pb:de.uros.citlab.segmentation.CITlab_LA_ML:v=2.6.0
Transkribus</Creator>
        <Created>2019-12-09T23:50:01.568+01:00</Created>
        <LastChange>2020-04-23T01:07:09.950+02:00</LastChange>
        <TranskribusMetadata docId="291873" pageId="11636137" pageNr="1215" tsid="28172566" status="IN_PROGRESS" userId="25065" imgUrl="https://files.transkribus.eu/Get?id=NGZJOCVJNARGVTLGERVMSGAP&amp;fileType=view" xmlUrl="https://files.transkribus.eu/Get?id=ZWJJYILHCCZPEPQNXDMQCUDG" imageId="8015176"/>
    </Metadata>
    <Page imageFilename="1214.jpg" imageWidth="2692" imageHeight="3735">
        <ReadingOrder>
            <OrderedGroup id="ro_1587600747153" caption="Regions reading order">
                <RegionRefIndexed index="0" regionRef="TextRegion_1586801750954_5717"/>
            </OrderedGroup>
        </ReadingOrder>
        <TextRegion orientation="0.0" id="TextRegion_1586801750954_5717" custom="readingOrder {index:0;}">
            <Coords points="192,239 1993,239 1966,3171 190,3173"/>
            <TextLine id="r2l2" custom="readingOrder {index:0;}">
                <Coords points="188,323 1991,327 2005,248 188,261"/>
                <Baseline points="199,300 288,297 378,294 468,292 558,291 647,290 737,289 827,289 917,289 1006,289 1096,289 1186,290 1276,290 1365,291 1455,292 1545,293 1635,294 1724,294 1814,295 1904,295 1994,296"/>
                <TextEquiv>
                    <Unicode>vere super eam spiritus domini requiesceret, ipsamque voluntati domini castissime, ac simplici corde obedientem</Unicode>
                </TextEquiv>
            </TextLine>
            <TextLine id="r2l3" custom="readingOrder {index:1;}">
                <Coords points="193,359 1996,372 1975,318 1749,302 193,326"/>
                <Baseline points="203,352 292,350 381,348 470,347 559,345 648,344 737,344 826,343 915,343 1004,343 1093,343 1182,343 1271,344 1360,344 1449,345 1538,346 1627,347 1716,348 1805,349 1894,350 1984,351"/>
                <TextEquiv>
                    <Unicode>omni holocausto suauius acceptaret, virtuteque altissimi obumbratam filium dei ex illa incorporaret.</Unicode>
                </TextEquiv>
            </TextLine>
            <TextLine id="r2l4" custom="readingOrder {index:2;}">
                <Coords points="191,436 1989,418 1967,357 191,359"/>
                <Baseline points="203,406 291,404 380,402 469,400 558,399 646,398 735,397 824,397 913,397 1001,397 1090,397 1179,397 1268,398 1356,398 1445,399 1534,400 1623,400 1711,401 1800,402 1889,402 1978,403"/>
                <TextEquiv>
                    <Unicode>Nec exponat aliquis illud quod dicit Augustinus. Mox &amp; subito, sic. id est post breue tempus in quo fuit in </Unicode>
                </TextEquiv>
            </TextLine>
            <TextLine id="r2l5" custom="readingOrder {index:3;}">
                <Coords points="191,471 1989,473 1929,410 191,415"/>
                <Baseline points="202,462 290,459 379,456 468,455 557,453 645,452 734,451 823,450 912,450 1000,450 1089,450 1178,451 1267,451 1355,452 1444,453 1533,453 1622,454 1710,455 1799,456 1888,457 1977,457"/>
                <TextEquiv>
                    <Unicode>originali peccato. Hoc enim non videtur mihi pium sentire de virgine, sed natura potuit sustinere, quod solum</Unicode>
                </TextEquiv>
            </TextLine>
            <TextLine id="r2l6" custom="readingOrder {index:4;}">
                <Coords points="200,539 1980,537 1980,479 200,483"/>
                <Baseline points="211,515 298,512 386,510 474,508 562,506 650,505 738,504 825,504 913,504 1001,504 1089,504 1177,504 1265,505 1353,506 1440,506 1528,507 1616,508 1704,509 1792,510 1880,511 1968,512"/>
                <TextEquiv>
                    <Unicode>per momentum in originali fuerit. Ego autem in praemissis de virgine, nisi quid pium, ac dignum visum est, sentire</Unicode>
                </TextEquiv>
            </TextLine>
            <TextLine id="r2l7" custom="readingOrder {index:5;}">
                <Coords points="198,584 1982,572 1870,523 198,539"/>
                <Baseline points="209,570 297,566 385,564 473,562 561,560 649,559 737,558 826,557 914,556 1002,556 1090,556 1178,556 1266,557 1354,558 1443,559 1531,560 1619,561 1707,562 1795,564 1883,565 1972,567"/>
                <TextEquiv>
                    <Unicode>non potui, &amp; saluo priuilegio Christi, qui solus ex semine mundo sine originali conceptus est homo</Unicode>
                </TextEquiv>
            </TextLine>
            <TextLine id="r2l8" custom="readingOrder {index:6;}">
                <Coords points="202,647 1951,647 1976,584 202,586"/>
                <Baseline points="213,623 300,620 388,618 475,616 563,615 651,613 738,612 826,611 913,611 1001,611 1089,611 1176,611 1264,611 1351,612 1439,613 1527,614 1614,615 1702,616 1789,618 1877,620 1965,622"/>
                <TextEquiv>
                    <Unicode>taliter in vtero priuilegium virginis super caeteros omnes homines esse sentio, quod licet in peccato originali: con</Unicode>
                </TextEquiv>
            </TextLine>
            <TextLine id="r2l9" custom="readingOrder {index:7;}">
                <Coords points="195,703 1982,705 1982,645 1717,624 195,647"/>
                <Baseline points="207,678 295,675 383,672 471,670 560,668 648,666 736,665 824,664 913,664 1001,664 1089,664 1177,664 1266,665 1354,666 1442,667 1530,668 1619,669 1707,671 1795,672 1883,673 1972,675"/>
                <TextEquiv>
                    <Unicode>cepta sit homo ex semine immundo, in illo tamen non nisi per momentum permansit, &amp; ita licet in peccato</Unicode>
                </TextEquiv>
            </TextLine>
            <TextLine id="r2l10" custom="readingOrder {index:8;}">
                <Coords points="196,754 1970,733 1761,680 196,702"/>
                <Baseline points="207,731 294,729 382,727 469,726 557,724 645,723 732,722 820,721 907,720 995,720 1083,719 1170,719 1258,720 1345,720 1433,721 1521,721 1608,722 1696,724 1783,725 1871,727 1959,729"/>
                <TextEquiv>
                    <Unicode>concepta: non tamen alita in peccato in vtero matris fuit. Caeteri autem omnes etiam sanctificati in vte-</Unicode>
                </TextEquiv>
            </TextLine>
            <TextLine id="r2l11" custom="readingOrder {index:9;}">
                <Coords points="193,808 1980,801 1980,754 1883,736 193,743"/>
                <Baseline points="203,784 291,783 379,781 467,780 556,779 644,778 732,777 820,776 909,775 997,774 1085,773 1173,773 1262,773 1350,773 1438,774 1526,774 1615,775 1703,777 1791,778 1879,781 1968,783"/>
                <TextEquiv>
                    <Unicode>ro non solum in peccato concepti, sed etiam aliti in vtero per aliquod spatium temporis fuerunt. Pro-</Unicode>
                </TextEquiv>
            </TextLine>
            <TextLine id="r2l12" custom="readingOrder {index:10;}">
                <Coords points="203,844 1970,860 1932,788 203,803"/>
                <Baseline points="215,837 302,836 389,834 476,833 563,832 651,831 738,830 825,829 912,829 999,828 1087,828 1174,828 1261,828 1348,828 1435,828 1523,829 1610,830 1697,831 1784,833 1871,835 1959,838"/>
                <TextEquiv>
                    <Unicode>ut Innocentius. iii. de loanne Baptista in sermone quodam de virginis annunciatione exponendo il-</Unicode>
                </TextEquiv>
            </TextLine>
            <TextLine id="r2l13" custom="readingOrder {index:11;}">
                <Coords points="197,900 1887,916 1972,913 1972,859 196,842"/>
                <Baseline points="207,891 294,890 382,889 470,888 558,887 645,886 733,885 821,884 909,883 996,883 1084,882 1172,882 1260,882 1347,882 1435,882 1523,883 1611,884 1698,886 1786,887 1874,890 1962,892"/>
                <TextEquiv>
                    <Unicode>lud quod dixit Elizabeth Lucae primo. Exultauit in gaudio infans in vtero meo, dicit sic. Ostendit Eliza</Unicode>
                </TextEquiv>
            </TextLine>
            <TextLine id="r2l14" custom="readingOrder {index:12;}">
                <Coords points="203,963 1972,963 1939,898 203,900"/>
                <Baseline points="215,946 302,944 389,942 476,941 564,940 651,939 738,939 825,939 913,938 1000,939 1087,939 1174,939 1262,940 1349,940 1436,941 1523,942 1611,942 1698,943 1785,944 1872,944 1960,945"/>
                <TextEquiv>
                    <Unicode>beth se matrem prophetae: qui antequam nascatur, &amp; ab originali peccato soluatur, laetatur visitare domini matrem.</Unicode>
                </TextEquiv>
            </TextLine>
            <TextLine id="r2l15" custom="readingOrder {index:13;}">
                <Coords points="205,1017 1967,1021 1942,958 205,961"/>
                <Baseline points="215,1000 302,998 389,996 476,994 563,993 650,993 737,992 824,992 911,992 998,993 1085,993 1172,994 1259,994 1346,995 1433,996 1520,997 1607,997 1694,998 1781,998 1868,998 1955,998"/>
                <TextEquiv>
                    <Unicode>&amp; hoc pro aduentu eius per quem a vinculo originalis peccati. sperabat iam absolui. sequitur enim conti-</Unicode>
                </TextEquiv>
            </TextLine>
            <TextLine id="r2l16" custom="readingOrder {index:14;}">
                <Coords points="196,1064 1974,1073 1902,1006 196,1022"/>
                <Baseline points="207,1053 294,1051 382,1049 470,1048 558,1047 646,1047 733,1046 821,1046 909,1046 997,1047 1085,1047 1172,1047 1260,1048 1348,1049 1436,1049 1524,1050 1611,1050 1699,1050 1787,1051 1875,1051 1963,1050"/>
                <TextEquiv>
                    <Unicode>nuo. Gaudet enim illam venisse, &amp; secum portasse, per quem salus poterat esse. Et cum hoc factum fuit</Unicode>
                </TextEquiv>
            </TextLine>
            <TextLine id="r2l17" custom="readingOrder {index:15;}">
                <Coords points="196,1130 1976,1125 1918,1062 196,1064"/>
                <Baseline points="207,1107 294,1105 382,1104 470,1102 558,1101 646,1101 734,1100 821,1100 909,1101 997,1101 1085,1101 1173,1102 1261,1102 1349,1103 1436,1104 1524,1104 1612,1105 1700,1105 1788,1105 1876,1105 1964,1104"/>
                <TextEquiv>
                    <Unicode>mense sexto post conceptum loannis in semie, vt legitur Lu. primo: vsque ad mensem ergo sextum Ioannes Ba</Unicode>
                </TextEquiv>
            </TextLine>
            <TextLine id="r2l18" custom="readingOrder {index:16;}">
                <Coords points="202,1186 1897,1185 1975,1181 1975,1125 202,1130"/>
                <Baseline points="213,1161 300,1159 388,1157 475,1156 563,1155 651,1154 738,1153 826,1153 913,1154 1001,1154 1089,1154 1176,1155 1264,1156 1351,1157 1439,1157 1527,1158 1614,1159 1702,1159 1789,1160 1877,1160 1965,1160"/>
                <TextEquiv>
                    <Unicode>ptista ab hora conceptus eius secundum humanam formam ex semine, quando originale contraxit, in ori</Unicode>
                </TextEquiv>
            </TextLine>
            <TextLine id="r2l19" custom="readingOrder {index:17;}">
                <Coords points="207,1237 1947,1236 1967,1180 207,1183"/>
                <Baseline points="219,1214 305,1212 392,1210 479,1209 566,1208 653,1208 739,1207 826,1207 913,1208 1000,1208 1087,1209 1173,1209 1260,1210 1347,1211 1434,1211 1521,1212 1607,1212 1694,1212 1781,1212 1868,1212 1955,1211"/>
                <TextEquiv>
                    <Unicode>ginali permansit. Et sic virgo Maria sicut caeteros vt contemplatrix praecellit in gloria vltimae remune-</Unicode>
                </TextEquiv>
            </TextLine>
            <TextLine id="r2l20" custom="readingOrder {index:18;}">
                <Coords points="197,1291 1979,1290 1979,1234 197,1237"/>
                <Baseline points="208,1269 296,1267 384,1265 472,1264 560,1263 648,1262 736,1262 824,1262 912,1262 1000,1262 1088,1262 1176,1263 1264,1263 1352,1264 1440,1264 1528,1265 1616,1265 1704,1266 1792,1266 1880,1266 1968,1266"/>
                <TextEquiv>
                    <Unicode>rationis, dicente Innocentio de eadem in sermone alio super Missus est angelus, &amp; alloquente Ma-</Unicode>
                </TextEquiv>
            </TextLine>
            <TextLine id="r2l21" custom="readingOrder {index:19;}">
                <Coords points="198,1332 1965,1343 1934,1273 198,1291"/>
                <Baseline points="209,1323 296,1321 383,1319 470,1318 558,1317 645,1316 732,1316 819,1315 907,1315 994,1316 1081,1316 1168,1316 1256,1317 1343,1317 1430,1318 1517,1319 1605,1319 1692,1320 1779,1321 1866,1321 1954,1322"/>
                <TextEquiv>
                    <Unicode>riam. Super omnem creaturam es remuneranda super omnes collocanda, solo illo minor, qui est etiam deus, </Unicode>
                </TextEquiv>
            </TextLine>
            <TextLine id="r2l22" custom="readingOrder {index:20;}">
                <Coords points="191,1385 1967,1388 1895,1331 191,1334"/>
                <Baseline points="203,1375 290,1374 378,1372 465,1371 553,1370 641,1370 728,1369 816,1369 904,1369 991,1369 1079,1370 1167,1370 1254,1370 1342,1371 1430,1371 1517,1372 1605,1373 1693,1373 1780,1374 1868,1374 1956,1374"/>
                <TextEquiv>
                    <Unicode>sic sacrata es a domino, vt peruenias in sedem prius traditam lucifero, &amp; siquid vltra est, quod non est re</Unicode>
                </TextEquiv>
            </TextLine>
            <TextLine id="r2l23" custom="readingOrder {index:21;}">
                <Coords points="195,1439 1957,1451 1957,1393 1854,1383 195,1385"/>
                <Baseline points="205,1427 292,1426 379,1426 466,1425 553,1425 640,1425 727,1424 814,1424 901,1424 988,1424 1075,1424 1162,1425 1249,1425 1336,1425 1423,1425 1510,1425 1597,1426 1684,1426 1771,1426 1858,1426 1946,1426"/>
                <TextEquiv>
                    <Unicode>seruatum homini deo. sic caeteros omnes vt viatrix praecellat in gratia primae sanctificationis. Sed</Unicode>
                </TextEquiv>
            </TextLine>
            <TextLine id="r2l24" custom="readingOrder {index:22;}">
                <Coords points="191,1500 1964,1498 1892,1439 191,1439"/>
                <Baseline points="203,1483 290,1482 378,1481 465,1480 553,1480 640,1479 728,1479 815,1478 903,1478 990,1478 1078,1478 1165,1478 1253,1478 1340,1479 1428,1479 1515,1479 1603,1480 1690,1480 1778,1481 1865,1482 1953,1483"/>
                <TextEquiv>
                    <Unicode>forsan aliquis contra praedicta, quod virgo non nisi in instanti &amp; in transitu fuit in originali, arguet. Primo</Unicode>
                </TextEquiv>
            </TextLine>
            <TextLine id="r2l25" custom="readingOrder {index:23;}">
                <Coords points="200,1543 1974,1562 1974,1504 1839,1490 201,1493"/>
                <Baseline points="211,1539 298,1537 386,1535 473,1534 561,1533 648,1532 736,1532 823,1532 911,1532 998,1532 1086,1532 1174,1532 1261,1533 1349,1533 1436,1534 1524,1535 1611,1535 1699,1536 1786,1537 1874,1537 1962,1537"/>
                <TextEquiv>
                    <Unicode>contra esse in originali non nisi in instanti, quia tunc macula originalis in virgine non fuisset nisi</Unicode>
                </TextEquiv>
            </TextLine>
            <TextLine id="r2l26" custom="readingOrder {index:24;}">
                <Coords points="196,1613 1957,1615 1973,1559 197,1543"/>
                <Baseline points="207,1590 294,1589 382,1587 470,1586 558,1586 645,1586 733,1586 821,1586 909,1586 996,1587 1084,1587 1172,1588 1260,1589 1347,1590 1435,1591 1523,1592 1611,1593 1698,1593 1786,1594 1874,1594 1962,1595"/>
                <TextEquiv>
                    <Unicode>in potentia, quia si aliquid mouetur ad albedinem, si statim cum esset in albedine moueretur ab albedi-</Unicode>
                </TextEquiv>
            </TextLine>
            <TextLine id="r2l27" custom="readingOrder {index:25;}">
                <Coords points="194,1662 1972,1662 1896,1599 194,1613"/>
                <Baseline points="205,1643 292,1642 380,1641 468,1641 556,1640 643,1640 731,1641 819,1641 907,1641 994,1642 1082,1643 1170,1643 1258,1644 1345,1645 1433,1646 1521,1646 1609,1647 1696,1648 1784,1648 1872,1648 1960,1648"/>
                <TextEquiv>
                    <Unicode>ne, albedo esset in eo in potentia tantum, sicut dicit Commentator. viii. physico. vbi probat: philosophous</Unicode>
                </TextEquiv>
            </TextLine>
            <TextLine id="r2l28" custom="readingOrder {index:26;}">
                <Coords points="201,1720 1770,1728 1974,1717 1975,1668 201,1666"/>
                <Baseline points="213,1701 300,1699 388,1698 475,1697 563,1696 650,1696 738,1696 825,1696 913,1696 1000,1696 1088,1696 1176,1697 1263,1698 1351,1698 1438,1699 1526,1700 1613,1701 1701,1702 1788,1702 1876,1703 1964,1704"/>
                <TextEquiv>
                    <Unicode>quod inter motus contrarios necesse sit ponere quietem mediam. &amp; sic non esset simpliciter verum dicere, quod </Unicode>
                </TextEquiv>
            </TextLine>
            <TextLine id="r2l29" custom="readingOrder {index:27;}">
                <Coords points="200,1776 1809,1783 1966,1770 1967,1716 200,1709"/>
                <Baseline points="211,1754 298,1753 385,1752 472,1751 560,1750 647,1750 734,1750 821,1750 909,1750 996,1750 1083,1751 1170,1751 1258,1752 1345,1752 1432,1753 1519,1754 1607,1754 1694,1755 1781,1755 1868,1756 1956,1756"/>
                <TextEquiv>
                    <Unicode>virgo vnquam fuit in peccato originali, quia quid non est nisi in potentia, non est. Vnde ad hoc quod aliqua </Unicode>
                </TextEquiv>
            </TextLine>
            <TextLine id="r2l30" custom="readingOrder {index:28;}">
                <Coords points="201,1815 1968,1836 1923,1768 201,1777"/>
                <Baseline points="213,1806 300,1804 387,1804 474,1803 561,1803 648,1803 735,1803 823,1803 910,1804 997,1804 1084,1805 1171,1805 1258,1806 1345,1807 1433,1808 1520,1808 1607,1809 1694,1809 1781,1809 1868,1809 1956,1809"/>
                <TextEquiv>
                    <Unicode>dispositio sit in aliquo subiecto in actum, oportet quod sit in illo per tempsohus aliquid, &amp; sic peccatum origiale aut numquam </Unicode>
                </TextEquiv>
            </TextLine>
            <TextLine id="r2l31" custom="readingOrder {index:29;}">
                <Coords points="194,1886 1974,1881 1900,1820 194,1821"/>
                <Baseline points="205,1860 292,1859 380,1858 468,1857 556,1857 644,1857 732,1857 819,1857 907,1858 995,1858 1083,1859 1171,1859 1259,1860 1347,1861 1434,1861 1522,1862 1610,1862 1698,1862 1786,1862 1874,1862 1962,1861"/>
                <TextEquiv>
                    <Unicode>fuit simpliciter in virgine, aut fuit in illa per moram temporis. Sicut etiam de faba praedicta sciendum.</Unicode>
                </TextEquiv>
            </TextLine>
            <TextLine id="r2l32" custom="readingOrder {index:30;}">
                <Coords points="191,1936 1928,1938 1967,1877 191,1882"/>
                <Baseline points="203,1914 290,1913 378,1912 465,1912 553,1912 641,1911 728,1911 816,1911 904,1912 991,1912 1079,1912 1167,1913 1254,1913 1342,1914 1430,1914 1517,1915 1605,1915 1693,1915 1780,1915 1868,1916 1956,1915"/>
                <TextEquiv>
                    <Unicode>est, qud scilicet in illo situ spatii sibi aequali, vbi obuiat lapidi: non est nisi in potentia, sicut &amp; fuit in </Unicode>
                </TextEquiv>
            </TextLine>
            <TextLine id="r2l33" custom="readingOrder {index:31;}">
                <Coords points="201,1990 1901,1996 1975,1985 1975,1931 201,1936"/>
                <Baseline points="212,1967 299,1967 387,1966 474,1965 562,1965 650,1965 737,1965 825,1965 912,1965 1000,1965 1088,1966 1175,1966 1263,1967 1350,1967 1438,1968 1526,1968 1613,1969 1701,1969 1788,1969 1876,1970 1964,1970"/>
                <TextEquiv>
                    <Unicode>quolibet sibi aequali in toto medio, ascendendo, sine descendendo. quoniam sicut non obuians lapidi ascendendo vl</Unicode>
                </TextEquiv>
            </TextLine>
            <TextLine id="r2l34" custom="readingOrder {index:32;}">
                <Coords points="201,2032 1973,2037 1944,1980 202,1990"/>
                <Baseline points="213,2021 300,2020 387,2019 475,2019 562,2018 650,2018 737,2018 825,2018 912,2019 1000,2019 1087,2020 1174,2020 1262,2021 1349,2021 1437,2022 1524,2023 1612,2023 1699,2024 1787,2024 1874,2024 1962,2024"/>
                <TextEquiv>
                    <Unicode>terius non esset in illo situ, nisi solum in potentia, sic obuians lapidi &amp; continuo descendens solum est</Unicode>
                </TextEquiv>
            </TextLine>
            <TextLine id="r2l35" custom="readingOrder {index:33;}">
                <Coords points="194,2088 1956,2091 1902,2033 194,2032"/>
                <Baseline points="205,2075 292,2074 379,2074 466,2073 553,2073 640,2073 727,2073 814,2073 901,2073 988,2074 1075,2074 1162,2075 1249,2075 1336,2076 1423,2076 1510,2077 1597,2077 1684,2077 1771,2077 1858,2078 1946,2077"/>
                <TextEquiv>
                    <Unicode>in potentia in illo situ. Secundo forte arguet contra esse in peccato originali non nisi in transitu, quod hoc solum</Unicode>
                </TextEquiv>
            </TextLine>
            <TextLine id="r2l36" custom="readingOrder {index:34;}">
                <Coords points="201,2153 1963,2148 1941,2087 201,2086"/>
                <Baseline points="211,2131 298,2130 385,2130 472,2129 559,2129 646,2128 733,2127 820,2127 907,2127 994,2127 1082,2126 1169,2126 1256,2127 1343,2127 1430,2127 1517,2127 1604,2128 1691,2128 1778,2129 1865,2130 1953,2131"/>
                <TextEquiv>
                    <Unicode>dicitur de motu, qui non est nisi in transitu: eo quod non est forma permanens, aut priuatio manens. ltem si illa</Unicode>
                </TextEquiv>
            </TextLine>
            <TextLine id="r2l37" custom="readingOrder {index:35;}">
                <Coords points="194,2205 1931,2206 1965,2146 194,2153"/>
                <Baseline points="204,2186 291,2185 378,2183 466,2182 553,2181 641,2180 728,2180 816,2179 903,2179 991,2178 1078,2178 1165,2178 1253,2179 1340,2179 1428,2179 1515,2180 1603,2181 1690,2182 1778,2183 1865,2184 1953,2185"/>
                <TextEquiv>
                    <Unicode>macula fuit in virgine in aliquo instanti, si corrumpatur, vel desinat esse, oportet quod in alio instanti cor</Unicode>
                </TextEquiv>
            </TextLine>
            <TextLine id="r2l38" custom="readingOrder {index:36;}">
                <Coords points="189,2245 1976,2261 1976,2209 1827,2193 189,2200"/>
                <Baseline points="199,2237 287,2236 375,2235 463,2234 552,2233 640,2232 728,2232 816,2231 905,2231 993,2230 1081,2230 1169,2230 1258,2231 1346,2231 1434,2231 1522,2232 1611,2233 1699,2234 1787,2235 1875,2236 1964,2238"/>
                <TextEquiv>
                    <Unicode>rumpatur: ita quod instans, in quo primo fuit, &amp; instans in quo corrumpitur, sint duo instantia diuersa: inter quae </Unicode>
                </TextEquiv>
            </TextLine>
            <TextLine id="r2l39" custom="readingOrder {index:37;}">
                <Coords points="181,2297 1966,2310 1944,2250 181,2254"/>
                <Baseline points="193,2289 281,2289 369,2288 457,2287 545,2287 633,2286 721,2285 809,2285 897,2285 985,2284 1073,2284 1161,2284 1249,2284 1337,2285 1425,2285 1513,2286 1601,2287 1689,2288 1777,2290 1865,2292 1954,2294"/>
                <TextEquiv>
                    <Unicode>necessario sit tempus medium, in quo ipsa macula habeat esse permanens. Ad primum cum dicitur,</Unicode>
                </TextEquiv>
            </TextLine>
            <TextLine id="r2l40" custom="readingOrder {index:38;}">
                <Coords points="192,2364 1954,2367 1954,2309 1808,2299 192,2295"/>
                <Baseline points="203,2344 294,2343 386,2342 477,2341 569,2340 660,2339 752,2339 843,2338 935,2338 1026,2338 1118,2337 1209,2338 1301,2338 1392,2339 1484,2340 1575,2341 1667,2342 1758,2344 1850,2346 1942,2349"/>
                <TextEquiv>
                    <Unicode>si macula originalis non fuisset in virgine nisi in instanti, tunc non fuisset in ea nisi in potentia, dico quod </Unicode>
                </TextEquiv>
            </TextLine>
            <TextLine id="r2l41" custom="readingOrder {index:39;}">
                <Coords points="190,2409 1957,2420 1957,2366 1858,2355 190,2362"/>
                <Baseline points="202,2396 289,2395 376,2394 463,2394 550,2393 638,2393 725,2392 812,2392 899,2392 986,2393 1074,2393 1161,2393 1248,2394 1335,2394 1422,2395 1510,2395 1597,2396 1684,2397 1771,2397 1858,2398 1946,2398"/>
                <TextEquiv>
                    <Unicode>verum est secundum aliquem modum potentiae, &amp; secundum aliquem non. Quia assumitur: si non fuisset in </Unicode>
                </TextEquiv>
            </TextLine>
            <TextLine id="r2l42" custom="readingOrder {index:40;}">
                <Coords points="197,2474 1977,2472 1977,2411 197,2409"/>
                <Baseline points="207,2451 294,2450 382,2450 470,2449 558,2448 646,2448 734,2448 822,2447 910,2447 998,2447 1086,2447 1173,2447 1261,2447 1349,2448 1437,2448 1525,2449 1613,2449 1701,2450 1789,2451 1877,2453 1965,2454"/>
                <TextEquiv>
                    <Unicode>ipsa nisi in potentia, non esset verum dicere simpliciter, quod vnquam fuerit in peccato originali, quia quid non </Unicode>
                </TextEquiv>
            </TextLine>
            <TextLine id="r2l43" custom="readingOrder {index:41;}">
                <Coords points="196,2512 1967,2526 1967,2468 1862,2463 196,2474"/>
                <Baseline points="207,2505 294,2504 381,2504 469,2504 556,2503 644,2503 731,2502 819,2502 906,2501 994,2501 1081,2501 1168,2501 1256,2501 1343,2501 1431,2502 1518,2503 1606,2504 1693,2505 1781,2506 1868,2508 1956,2510"/>
                <TextEquiv>
                    <Unicode>est nisi in potentia, non est: Dico distinguendo de potentia, &amp; de non esse, &amp; de actum: quia cum potentia non dica</Unicode>
                </TextEquiv>
            </TextLine>
            <TextLine id="r2l44" custom="readingOrder {index:42;}">
                <Coords points="196,2569 1965,2589 1916,2519 196,2512"/>
                <Baseline points="207,2559 294,2558 381,2557 468,2557 556,2556 643,2556 730,2555 818,2555 905,2554 992,2554 1080,2554 1167,2554 1254,2554 1341,2555 1429,2555 1516,2556 1603,2557 1691,2558 1778,2560 1865,2561 1953,2563"/>
                <TextEquiv>
                    <Unicode>tur nisi respectu actus, &amp; actus inquantum actus ponat esse, sicut potentia inquantum potentia po</Unicode>
                </TextEquiv>
            </TextLine>
            <TextLine id="r2l45" custom="readingOrder {index:43;}">
                <Coords points="195,2627 1964,2640 1964,2589 1843,2571 195,2568"/>
                <Baseline points="206,2613 293,2613 380,2612 468,2612 555,2611 643,2611 730,2610 817,2610 905,2609 992,2609 1080,2609 1167,2608 1254,2608 1342,2609 1429,2609 1517,2609 1604,2610 1691,2611 1779,2613 1866,2614 1954,2617"/>
                <TextEquiv>
                    <Unicode>nit esse, aut ergo est potentia dicta respectu esse simpliciter, aut respectu esse determiati. Si primo mo</Unicode>
                </TextEquiv>
            </TextLine>
            <TextLine id="r2l46" custom="readingOrder {index:44;}">
                <Coords points="195,2685 1964,2670 1901,2625 195,2627"/>
                <Baseline points="205,2667 292,2666 379,2666 467,2665 554,2664 641,2664 729,2663 816,2663 903,2663 991,2663 1078,2663 1165,2663 1253,2663 1340,2663 1427,2663 1515,2664 1602,2664 1689,2665 1777,2666 1864,2667 1952,2667"/>
                <TextEquiv>
                    <Unicode>do, sic in potentia est illud quod est solum in potentia efficientis, qualiter fuit mundus ante eius crea-</Unicode>
                </TextEquiv>
            </TextLine>
            <TextLine id="r2l47" custom="readingOrder {index:45;}">
                <Coords points="187,2743 1951,2743 1967,2676 187,2683"/>
                <Baseline points="197,2722 289,2721 382,2720 474,2719 567,2719 659,2718 752,2718 845,2717 937,2717 1030,2717 1122,2716 1215,2716 1307,2717 1400,2717 1493,2717 1585,2718 1678,2719 1770,2720 1863,2721 1956,2723"/>
                <TextEquiv>
                    <Unicode>tionem, aut quod cum hoc in sola potentia materiae, vel propinqua, sicut est forma vituli in semine, vel</Unicode>
                </TextEquiv>
            </TextLine>
            <TextLine id="r2l48" custom="readingOrder {index:46;}">
                <Coords points="191,2799 1969,2793 1909,2734 191,2741"/>
                <Baseline points="202,2774 289,2774 377,2773 465,2773 553,2772 641,2772 729,2771 816,2771 904,2770 992,2770 1080,2770 1168,2770 1256,2769 1344,2770 1431,2770 1519,2770 1607,2771 1695,2772 1783,2773 1871,2775 1959,2777"/>
                <TextEquiv>
                    <Unicode>remota, sicut est forma vituli in ligno: &amp; de eo quod isto modo non est nisi in potentia, verum est quod </Unicode>
                </TextEquiv>
            </TextLine>
            <TextLine id="r2l49" custom="readingOrder {index:47;}">
                <Coords points="192,2840 1966,2848 1966,2792 1885,2783 192,2788"/>
                <Baseline points="203,2828 290,2828 378,2827 465,2826 553,2825 640,2825 728,2824 815,2824 903,2824 990,2824 1078,2824 1166,2824 1253,2824 1341,2824 1428,2825 1516,2825 1603,2825 1691,2826 1778,2826 1866,2826 1954,2827"/>
                <TextEquiv>
                    <Unicode>non est omnino: sicut mundus non fuit, priusquam crearetur: aut quod non est simpliciter, sicut non est il-</Unicode>
                </TextEquiv>
            </TextLine>
            <TextLine id="r2l50" custom="readingOrder {index:48;}">
                <Coords points="186,2898 1968,2899 1901,2838 186,2840"/>
                <Baseline points="197,2883 289,2882 382,2881 474,2880 567,2879 659,2879 752,2878 845,2878 937,2878 1030,2877 1122,2877 1215,2877 1307,2878 1400,2878 1493,2879 1585,2879 1678,2880 1770,2881 1863,2883 1956,2884"/>
                <TextEquiv>
                    <Unicode>lud, quod non est in actu alicuius formae, etsi sit in potentia materiae. Et de isto modo potentiae, &amp; eius</Unicode>
                </TextEquiv>
            </TextLine>
            <TextLine id="r2l51" custom="readingOrder {index:49;}">
                <Coords points="188,2945 1964,2959 1964,2898 1704,2889 188,2907"/>
                <Baseline points="200,2934 287,2934 375,2934 462,2934 550,2933 638,2933 725,2932 813,2932 900,2931 988,2931 1076,2931 1163,2930 1251,2930 1338,2930 1426,2931 1514,2931 1601,2932 1689,2933 1776,2934 1864,2936 1952,2938"/>
                <TextEquiv>
                    <Unicode>quod est non esse, non est verum, quod illud quod non est nisi in instanti, non sit nisi in potentia, &amp;e ita non est.</Unicode>
                </TextEquiv>
            </TextLine>
            <TextLine id="r2l52" custom="readingOrder {index:50;}">
                <Coords points="196,3004 1968,3008 1968,2952 1871,2946 196,2950"/>
                <Baseline points="207,2988 294,2988 382,2988 469,2987 557,2987 644,2987 732,2986 819,2986 907,2986 994,2985 1082,2985 1169,2985 1257,2985 1344,2985 1432,2985 1519,2985 1607,2985 1694,2986 1782,2986 1869,2987 1957,2988"/>
                <TextEquiv>
                    <Unicode>Quia quod sic est in potentia, &amp;e quod ita non est, nec habet esse omnino, nec simpliciter, siue in tempore</Unicode>
                </TextEquiv>
            </TextLine>
            <TextLine id="r2l53" custom="readingOrder {index:51;}">
                <Coords points="187,3060 1965,3072 1934,3003 187,3006"/>
                <Baseline points="198,3042 285,3042 373,3042 461,3042 549,3041 637,3041 724,3041 812,3040 900,3040 988,3040 1076,3040 1163,3040 1251,3040 1339,3040 1427,3040 1515,3040 1602,3041 1690,3042 1778,3043 1866,3044 1954,3045"/>
                <TextEquiv>
                    <Unicode>siue in instanti. Vnde etsi macula originalis non fuit in virgine nisi in instanti, non sequitur quod sit. </Unicode>
                </TextEquiv>
            </TextLine>
            <TextLine id="r2l54" custom="readingOrder {index:52;}">
                <Coords points="193,3114 1969,3113 1924,3057 193,3058"/>
                <Baseline points="204,3096 291,3096 379,3096 467,3095 554,3095 642,3095 730,3094 817,3094 905,3094 993,3094 1081,3094 1168,3094 1256,3094 1344,3094 1431,3094 1519,3095 1607,3095 1694,3096 1782,3097 1870,3098 1958,3099"/>
                <TextEquiv>
                    <Unicode>simpliciter verum dicere, quod virgo non fuerit in macula originali aliquando etiam in facto esse perfecto,</Unicode>
                </TextEquiv>
            </TextLine>
            <TextLine id="r2l55" custom="readingOrder {index:53;}">
                <Coords points="189,3181 1927,3192 1976,3116 189,3118"/>
                <Baseline points="200,3155 288,3154 376,3153 464,3153 552,3152 641,3152 729,3152 817,3151 905,3151 993,3151 1082,3151 1170,3151 1258,3152 1346,3152 1434,3152 1523,3152 1611,3152 1699,3153 1787,3153 1875,3153 1964,3153"/>
                <TextEquiv>
                    <Unicode>&amp; quod albedo non sit in albo in perfecto facto esse, etiam si aliquid statim postquam esset in albedine, amoueretur</Unicode>
                </TextEquiv>
            </TextLine>
            <TextEquiv>
                <Unicode>vere super eam spiritus domini requiesceret, ipsamque voluntati domini castissime, ac simplici corde obedientem
omni holocausto suauius acceptaret, virtuteque altissimi obumbratam filium dei ex illa incorporaret.
Nec exponat aliquis illud quod dicit Augustinus. Mox &amp; subito, sic. id est post breue tempus in quo fuit in 
originali peccato. Hoc enim non videtur mihi pium sentire de virgine, sed natura potuit sustinere, quod solum
per momentum in originali fuerit. Ego autem in praemissis de virgine, nisi quid pium, ac dignum visum est, sentire
non potui, &amp; saluo priuilegio Christi, qui solus ex semine mundo sine originali conceptus est homo
taliter in vtero priuilegium virginis super caeteros omnes homines esse sentio, quod licet in peccato originali: con
cepta sit homo ex semine immundo, in illo tamen non nisi per momentum permansit, &amp; ita licet in peccato
concepta: non tamen alita in peccato in vtero matris fuit. Caeteri autem omnes etiam sanctificati in vte-
ro non solum in peccato concepti, sed etiam aliti in vtero per aliquod spatium temporis fuerunt. Pro-
ut Innocentius. iii. de loanne Baptista in sermone quodam de virginis annunciatione exponendo il-
lud quod dixit Elizabeth Lucae primo. Exultauit in gaudio infans in vtero meo, dicit sic. Ostendit Eliza
beth se matrem prophetae: qui antequam nascatur, &amp; ab originali peccato soluatur, laetatur visitare domini matrem.
&amp; hoc pro aduentu eius per quem a vinculo originalis peccati. sperabat iam absolui. sequitur enim conti-
nuo. Gaudet enim illam venisse, &amp; secum portasse, per quem salus poterat esse. Et cum hoc factum fuit
mense sexto post conceptum loannis in semie, vt legitur Lu. primo: vsque ad mensem ergo sextum Ioannes Ba
ptista ab hora conceptus eius secundum humanam formam ex semine, quando originale contraxit, in ori
ginali permansit. Et sic virgo Maria sicut caeteros vt contemplatrix praecellit in gloria vltimae remune-
rationis, dicente Innocentio de eadem in sermone alio super Missus est angelus, &amp; alloquente Ma-
riam. Super omnem creaturam es remuneranda super omnes collocanda, solo illo minor, qui est etiam deus, 
sic sacrata es a domino, vt peruenias in sedem prius traditam lucifero, &amp; siquid vltra est, quod non est re
seruatum homini deo. sic caeteros omnes vt viatrix praecellat in gratia primae sanctificationis. Sed
forsan aliquis contra praedicta, quod virgo non nisi in instanti &amp; in transitu fuit in originali, arguet. Primo
contra esse in originali non nisi in instanti, quia tunc macula originalis in virgine non fuisset nisi
in potentia, quia si aliquid mouetur ad albedinem, si statim cum esset in albedine moueretur ab albedi-
ne, albedo esset in eo in potentia tantum, sicut dicit Commentator. viii. physico. vbi probat: philosophous
quod inter motus contrarios necesse sit ponere quietem mediam. &amp; sic non esset simpliciter verum dicere, quod 
virgo vnquam fuit in peccato originali, quia quid non est nisi in potentia, non est. Vnde ad hoc quod aliqua 
dispositio sit in aliquo subiecto in actum, oportet quod sit in illo per tempsohus aliquid, &amp; sic peccatum origiale aut numquam 
fuit simpliciter in virgine, aut fuit in illa per moram temporis. Sicut etiam de faba praedicta sciendum.
est, qud scilicet in illo situ spatii sibi aequali, vbi obuiat lapidi: non est nisi in potentia, sicut &amp; fuit in 
quolibet sibi aequali in toto medio, ascendendo, sine descendendo. quoniam sicut non obuians lapidi ascendendo vl
terius non esset in illo situ, nisi solum in potentia, sic obuians lapidi &amp; continuo descendens solum est
in potentia in illo situ. Secundo forte arguet contra esse in peccato originali non nisi in transitu, quod hoc solum
dicitur de motu, qui non est nisi in transitu: eo quod non est forma permanens, aut priuatio manens. ltem si illa
macula fuit in virgine in aliquo instanti, si corrumpatur, vel desinat esse, oportet quod in alio instanti cor
rumpatur: ita quod instans, in quo primo fuit, &amp; instans in quo corrumpitur, sint duo instantia diuersa: inter quae 
necessario sit tempus medium, in quo ipsa macula habeat esse permanens. Ad primum cum dicitur,
si macula originalis non fuisset in virgine nisi in instanti, tunc non fuisset in ea nisi in potentia, dico quod 
verum est secundum aliquem modum potentiae, &amp; secundum aliquem non. Quia assumitur: si non fuisset in 
ipsa nisi in potentia, non esset verum dicere simpliciter, quod vnquam fuerit in peccato originali, quia quid non 
est nisi in potentia, non est: Dico distinguendo de potentia, &amp; de non esse, &amp; de actum: quia cum potentia non dica
tur nisi respectu actus, &amp; actus inquantum actus ponat esse, sicut potentia inquantum potentia po
nit esse, aut ergo est potentia dicta respectu esse simpliciter, aut respectu esse determiati. Si primo mo
do, sic in potentia est illud quod est solum in potentia efficientis, qualiter fuit mundus ante eius crea-
tionem, aut quod cum hoc in sola potentia materiae, vel propinqua, sicut est forma vituli in semine, vel
remota, sicut est forma vituli in ligno: &amp; de eo quod isto modo non est nisi in potentia, verum est quod 
non est omnino: sicut mundus non fuit, priusquam crearetur: aut quod non est simpliciter, sicut non est il-
lud, quod non est in actu alicuius formae, etsi sit in potentia materiae. Et de isto modo potentiae, &amp; eius
quod est non esse, non est verum, quod illud quod non est nisi in instanti, non sit nisi in potentia, &amp;e ita non est.
Quia quod sic est in potentia, &amp;e quod ita non est, nec habet esse omnino, nec simpliciter, siue in tempore
siue in instanti. Vnde etsi macula originalis non fuit in virgine nisi in instanti, non sequitur quod sit. 
simpliciter verum dicere, quod virgo non fuerit in macula originali aliquando etiam in facto esse perfecto,
&amp; quod albedo non sit in albo in perfecto facto esse, etiam si aliquid statim postquam esset in albedine, amoueretur</Unicode>
            </TextEquiv>
        </TextRegion>
    </Page>
</PcGts>
