3152 3806
1191 159 2963 279 tatis, cum magnanimitas virtus sit. et secundum Augustinum, virtutibus non contingit male vti, neque
1187 253 2971 325 ad agendum malum opus. ergo &c. CONtra est: quod scribitur Canti. vltimo. Fortis est vt mors
1186 296 2963 376 dilectio. & hoc ideo, quia zelanter diligens pro dilecto in necessitatis articulo mortem contemnit, &
1178 349 2968 433 illi se exponit, quod est opus magnanimitatis. talis est ille miles praeuolans operatus ponendo animam suam
1191 407 2973 490 pro amicis suis in fide & charitate, quod est opus maximae charitatis: & ita maximae virtutis in agibili
1196 458 2973 543 gus, quae consistit in magnanimitate. ergo &c. I Quia ista quaestio tangit, & in exemplum proponit captionem
1192 514 2971 587 subuersionem, atque destructionem ciuitatis Acconenm atque Christianorum, & incolarum eiusdem: de qui-
1205 562 2969 645 bus mentionem facit dominus papa in litera exhortatoria, de qua mentio habita est supra in quaestio-
1207 623 2958 695 ne de indulgentiis, sic inquiens. Ciuitas Acconensis quadragintaquatuor diebus arctissima Baby
1205 684 2973 744 lonicae potentiae obsidione circundata, terribilibus machinis die noctuque vexata, impetita crebris &
1201 724 2980 805 duris insultibus: mcenibus puiis & per cuniculos occultos excisis. xliiii. die obsidentium viribus dei permis-
1204 783 2970 853 sione mirabili & stupenda succubuit: capta per eos & igni exposita: christicolis inibi existentibus
1213 849 2970 902 caesis innumeris, & caeteris, qui habere nequiuerunt ad maritima vasa succursum, in captiuitatem abdu-
1218 895 2970 961 ctis. Quae quidem facta narrantur anno domini. M. cc. nonagesimo primo. x. die mensis maii. In qua ciuitate, vt
1217 953 2974 1009 aestimo, congregati erant non tantum populares, & simplices: sed est praelati & principes. Idcirco quaestionem pau
1221 998 2966 1067 lo altius subleuando, bellorum celebritatem paulo altius, quam quaestio proponat, exequamur: dicendo in primis cum
1223 1049 2971 1119 Tullio in libro primo de offi. sic dicente. In republica maxime conseruanda sunt iura belli. Nam cum sint duo
1214 1110 2969 1177 genera decertandi: vnum per disceptationem: alterum per vim, cumque illud proprium sit hominium, hoc beluarum. confu-
1215 1151 2967 1237 giendum ad posterius si vti non licet superiori. Et sic illi quipotest ius suum iam habitum retinere, aut amissum si
1225 1209 2973 1269 ue nondum hintum recuparare, non licet pro illo bellum constituere. Quare vt idem prosequitur continuo, suscipienda quidem
1229 1263 2979 1332 sunt bella ob eam causam, vt sine iniuria in pace viuatur. & vt dicit Augustinus in epistola ab Bonifacium comitem, Bellum
1226 1310 2983 1391 debet esse necessitatis, vt liberet deus de necessitate, & conseruet in pace. Non enim quaeritur pax, vt bellum
1221 1372 2975 1443 exerceatur: sed bellum geritur vt pax acquiratur. Esto ergo bellando pacificus, vt eos quos expugnas, ad pacis vti
1224 1427 2983 1494 litatem vicendo perducas. ita quod hostem pugnantem necessitas deprimat, non voluntas. Sicut bellanti & resistenti
1223 1482 2975 1550 violentia redditur, ita capto misericordia iam debetur: maxime in quo pacis prturbatio non timetur. Quod Tul-
1225 1532 2978 1600 lius per alia verba continuo dicit vbi supra. Parta autem victoria conseruandi sunt ii, qui non crudeles in bello
1222 1587 2976 1652 nec immanes fuerunt. Mea quidem sententia paci, quae nihil habitura sit insidiarum, semper est consulendum, tum ii qui ar
1232 1645 2979 1710 mis positis ad imparatorum fidem confugient, quamuis murum aries percusserit, recipiendi sunt. Ex quo(ut dicit
1239 1695 2967 1761 Tullius paucis interpositis intelligi potest nullum bellum esse iustum, nisi quid aut rebus repetitis geratur, aut de
1227 1748 2970 1816 nunciatum ante sit, & indictum. De quo dicit lsido. in etymo. lustum est bellum, quid ex edicto de rebus repetendis
1233 1807 2976 1872 geritur aut propulsandorum hostium cam. Et Augustinus in libro quaestionum. lusta bella solent definiri quae vlciscuntur iniurias
1233 1858 2967 1929 sic gens vel ciuitas petenda est, quae vel vindicare neglexerit quid a suis improbe factum est, vel reddere, quid per
1235 1912 2970 1972 iniurias ablatum est. Sed vt dicit Augustinus contra Manicheos, nocendi cupiditas, vlciscendi crudelitas, impla-
1236 1972 2966 2036 catus, atque implacabilis animus, feritas debellandi, libido dominandi: & siqua similia, haec sunt quae in bellis iure
1234 2017 2966 2079 culpantur. Et vt sequitur ibidem post pauca, ordo ille naturaliter mortalium paci accommodatus hoc poscit
1238 2080 2968 2141 vt suscipiendi belli auctoritas, atque consilium penes principes sit. Sed, vt ait Tullius vbi supra incap. de for
1231 2124 2970 2186 titudine. Ea animi elatio, quae cernitur in pariculis & laboribus: si iustitia vacat, pugnatque non pro salute communi,
1233 2174 2965 2234 sed propriis commodis, in vitio est. Non enim modo id virtutis non est, sed potius immanitatis omnem humanita
1232 2231 2971 2293 tem repellentis. Vt autem descendamus ad propositum, de bello iusto est distinguendum, quia aut est ad recuperandum
1232 2287 2973 2346 bona iniuste ablata: de quo nihil ad praesens, aut est. ad repellendum iniuriam qua nituntur hostes bello bona
1230 2339 2976 2399 auferre, puta, vitam, patriam, libertatem, leges, & caetera bona, siue spiritalia, quale bellum instruxerunt Sarrace
1224 2394 2972 2455 ni contra Acconen: in quo mortuus est miles de quo quaestio nia proposita est, vtrum irruendo praeuolanter in Sar
1221 2447 2980 2504 racenos fecit opus magnanimitatis. Et dico quod magnanimitas est pars fortitudinis, & virtus quae versatur
1229 2499 2984 2563 circa opera magna & ardua. dicente philosopho in iiii. Ethi. Magnanimitas circa magna ex nomine videtur esse: sed
1219 2555 2976 2629 tamen non omne opus magnum pertinens de genere suo ad fortitudinem est opus magnanimitatis: nisi sit ex
1223 2605 2980 2683 habitu virtutis non ex praesumptione aliqua, aut cupiditate, vt cum magnanimitas fortitudo quaedam sit, &
1221 2664 2980 2721 alias fortitudo non sit virtus, vt pater ex iam dictis. Vnde & Tullius post dicta, proxime praecedentia continuo
1227 2717 2975 2776 addit, dicens. ltaque probe definitur a stoicis Fortitudo, cum eam virtutem esse dicunt, pugnantem pro aequi-
1221 2772 2984 2829 tate. Quocirca nemo qui fortitudinis gloriam consequutus est, infidiis & malitia laudem est adeptus. Ni
1228 2822 2985 2895 hil. enim honestum potest esse quod iustitia vacat. Praeclarum igitur Platonis illud. Non solum (inquit) scientia.
1222 2882 2990 2947 quae est remota a iustitia, calliditas potius quam sapientia est appellanda: verunetiam animus paratus ad peri-
1219 2945 2987 3016 culum si sua cupiditate non vtilitate commni impellitur, audaciae potius, quam fortitudinis nomen habet. ltaque viros
1223 2981 2991 3047 fortes & magnaimos, eosdem bonos, & simplicis virtutis amicos, minimeque fallaces esse volumus, qui sunt
1223 3034 2984 3107 ex media laude, iustitiae. & infra. Omnino fortis animus & magnus duabus rebus maxime cernitur,
