2707 3775
175 298 1966 372 nique sanctus Dauid ne committeret se pariculis praeliorum, & fortassis extingueretur (sicut illi dictum est ) lucer-
177 368 1968 432 na lsrael, a suis hoc perentibus sumpsit, non ipse praesumpsit. alioquin multos imitatores fecisset ignauiae
180 424 1969 487 qui eum crederent hoc fecisse non consideratione vtilitatis aliorum, sed suae perturbatione formi-
178 470 1960 543 dinis. Si tertio modo, tunc si omnes praeset fugere, & si maior & sanior pars desperat, & indicat fugiendum illis qui
180 525 1969 589 sperant, licet possint fugere cum aliis, sic licitum est simel omnes fugere. sed illi qui sperant non tenentur cum aliis
172 584 1958 646 fugere. immo si velint persistere, & hostibus se opponere, hoc licitum est eis, & tunc alii tenentur cum eis con
179 632 1955 688 tra hostes stare, & esse parati, aut cum aliis hostes deuincere aut simul mori cum illis, aut si sint aliqui inter
176 688 1956 746 illos qui tenentur eis ministare spiritualia, fugere non possunt, dicente Augustinus in epistola eadem ad
175 742 1962 804 Honoratum paulo post principium. Cum omnium ci. i. episcoporum, & clericorum & laicorum) ne commune periculum ii qui
178 795 1962 864 aliis indigent non deserantur ab iis quibus indigent. Aut igitur ad loca munita omnes transeant, aut qui manendi ha
187 850 1958 914 bent necessitatem non relinquantur ab eis, per quos illorum est ecclesiastica supplenda necessitas, vt aut pariter
190 905 1964 968 viuant, aut pariter sufferant, quid eos paterfamilias volet perpeti. Aliis autem indigent in necessitate tempo
182 956 1964 1023 rali pugnandi illi qui sperant de victoria, & volunt se opponere hostibus, cum possent cum aliis fugere, sed
188 1011 1961 1075 nolunt, & ideo validi potentes pugnare non debent istos relinquere, sed simul cum eis pugnare. Qui
182 1067 1962 1126 autem habent necessitatem manendi, quia non praesent fugere propter aliquas causas: aliis indigent in necessitate ecclesia
186 1115 1964 1186 stica, quos non debent relinquere ecclesiastici viri, per quos illa necessitas est in eis supplenda. vt infra
182 1185 1964 1243 plenius declarabitur. Et sic aut pariter viuant, aut pariter moriantur: et hoc relinquente istud superna cha
179 1235 1964 1291 ritate in eis qui alias fugere possent, & vellent. Et in hoc casu locum habet illud in canonica Ioan, prima
180 1289 1971 1338 cap. iii. Si pro nobis Christus animam suam posuit, & nos debemus animas niras, pro fratribus ponere. Hoc enim l
185 1329 1965 1398 primo dictat ius naturae, dicente Tullio libro primo de officiis. Vt praeclare scriptum est a Platone, non nobis
182 1386 1964 1452 solum nati sumus, ortusque nostri partem pria vendicat partem amici, atque vt placet Stoicis, quae in terris gi
183 1437 1966 1505 gnuntur ad vsum hominium omnia creari: homines autem hominium cauam esse generatos, vt ipsi inter se alius alii prodesse possint.
179 1497 1963 1555 In hoc naturam debemus sequi ducem. Hoc etiam secundo expresse testatur Augustinus in epistola dicta sic inquiens.
176 1551 1967 1612 Siue alii magis, alii minus, siue omnes aequaliter patiantur, qui eorum sint qui pro aliis patiantur apparetid isli scilicet
181 1599 1957 1662 qui cum se possent talibus malis eripere fugiendo, ne aliorum necessitatem deserant, manere maluerunt.
178 1660 1954 1717 Hinc maxime probatur illa charitas quam loannes apostolus commendat dicens. Sicut pro nobis Christus animam
184 1707 1953 1779 suam posuit: sic & nos debemus animas nias pro fratribus ponere. Nam qui fugiunt, vel suis necessitatibus deui
183 1771 1954 1830 cti fugere non possunt, si comphensi patiantur, pro seipsis non pro fratribus vtique patiuntur. Qui vero propterea
187 1807 1965 1885 patiuntur, quia fratres qui eis ad Christianam salutem indigent deserere nolunt, sine dubio animas suas pro
177 1868 1952 1936 fratribus ponunt. Si autem bellum sit iam instans & populum comphenderit, atque hostes impetum faciant, ma
175 1924 1957 1986 xime intra moenia ciuitatis, vt in casu niae quaestionis: Dico quod tunc nulli licet fugere, sed omnes validi ad
179 1975 1955 2046 fugam ad bellum debent properare, & hostes variis modis pro posse suo impugnare potius quam se incer
174 2038 1961 2097 tae committere fugae, quali se multi commiserunt instante de populatione Acconen. ciuitatis: qui submer-
179 2087 1955 2149 si fuerunt in portu vt dicitur. In tali enim bello periculo maiori pugnant hostes quam ciues: dicente Vegetio
182 2138 1953 2199 vbi supra libro quarto. cap. xiii. Violenta impugnatio quando castellis vel ciuitatibus praeparatur mutuo vtro-
171 2188 1960 2250 rumque periculo, sed maiore expugnantium exercentur luctuosa ibi certamina. Et quaere hoc, exponit declarando
177 2243 1959 2306 modum quo oppressi in ciuitate se debent defendere cap. xv. dicens. Innumerabilibus declaratur exemplis
169 2304 1955 2364 saepe caesos ad internecionem hostes qui peruaserunt ciuitatem. Et fine dubio euenit, si oppidani mu
179 2358 1954 2413 ros & turres retinuerint, vel altiora occupauerint loca. Tunc enim de fenestris ac tectis omnis aetas ac se-
178 2405 1954 2470 xus irrumpentes obruit saxis, aliisque generibus telorum. Vnum oppidanis auxilium, siue per diem siue
178 2457 1956 2534 per noctem hostis intrauit, vt muros turresque teneant, ac loca superiora conscendant, hostesque per vi
182 2523 1944 2578 cos & plateas vndique obruant dimicantes. Per hunc modum Aeneas cum ad debellandum gentes externas
178 2566 1952 2627 recederet docuit ciuitatem intus a Teucris muniri contra Turnum. Vnde clamorem ciuium & defensionem
182 2619 1947 2686 eorum veniente Turno cum exercitu describit Virgilius. ix. libo aeneid. dicens sic. Ferte citi ferrum, date tela
184 2678 1940 2740 & scandite muros, hostis adest. Eia ingenti clamore per omnes Condunt se Teucri portas, & moenia con
181 2733 1943 2802 plent. Namque itaque discedens praeceperat optimus armis Aeneas: siqua interea fortuna fuisset. Neu stru
174 2781 1952 2846 ere auderent acies: neu credere campo: Castra modo & tutos seruarent aggere muros. Ergo etsi confer
173 2845 1947 2901 re manum pudor iraque modostrat: Obiiciunt portas tamen & praecepta facessunt. Armatique cauis expectant tur
178 2888 1938 2958 ribus hostem. Turnus vt ante volans tardum praecesserat agmen Vigintilectis equitum communitatus, & vrbi
178 2944 1927 3014 Improuisus adest &c. Et debet omnibus in tali oppressione animositas ad se defendendum crescere ciuibus.
179 2991 1937 3067 vnde vbi iam supra dicit Vege. Necessitas quaedam virtutis est desperatio in hoc casu. & vt dicit libro tertio
179 3052 1948 3121 cap. x. desperantibus crescit audacia. & cap. xxiii. Clausis ex desperatione crescit audacia, & cum spei ni
176 3102 1952 3181 hil est sumit arma fortitudo, libentercupit commori qui fine dubio scit se esse moriturum. Caeterum clausi li
182 3168 1946 3240 cet exiguo numero & infirmi viribus, hoc ipso sunt hostibus pares, quia desperantes sciunt aliud sibi
