2478 3737
480 223 2253 320 licere non posse, sed vna salus victis nullam sperare salutem. Vnde si sic sese mutuo iuuassent Acconen.
490 296 2256 372 non solum viri, sed est mulieres viros, puto (vt praedixi) quod victoriam obtinuissent. qualiter iuuerunt matro
490 348 2261 428 nae Romanae in obsidione ciuitatis: quae per auxilium earum liberata est. dicente Vege. vbi supra libro quar
487 404 2262 487 to cap. x. Ballistae caeteraque tormenta nisi funibus & neruis intenta nihil prosunt, equorum tamen se
494 458 2262 530 tae de caudis ac iubis ad ballistas vtiles assetuntur. Indubitanter vero & crines foeminarum in eiusmodi
489 513 2261 583 tormentis non minorem habere virtutem ratione necessitatis expartum est, nam in obsidione Capitolii corruptis
495 574 2261 640 iugi aclonga fatigatione tormentis cum neruorum copia defecisset, matronae abscissos crines viris suis
491 621 2268 693 obtulere pugnantibus: reparatisque machinis aduersariorum impetum repulerunt. Maluerunt enim pudicissimae
495 680 2266 746 foeminae deformato ad tempus capite libere viuere cum maritis, quam hostibus integro decore seruire.
498 733 2264 804 Si vero bellum defecerit, & hostes victores sint, & ciues se defendere desistunt, dico quod tunc omnibus
489 785 2264 867 licet fugere praeter praelatos: qui in ecclesiasticis seruire tenentur illis, qui fugere non possunt. Secundum Augus in epi
490 847 2267 919 stola ad Quoduultdeum. de quae dictum suum in illa repetit in epistola ad Honoratum praedicta dicens. Dixinec
494 893 2263 965 eos esse prohibendos qui ad loca si possint munita migrare desiderant, & ministerii nostri vincula, quibus
489 959 2264 1027 nos charitas Christi alligauit ne deseramus ecclesias quibus seruire debemus, non esse rumpenda. Dico ergo
491 1004 2277 1087 quod in tali casu nemini licitum est fugere nisi duci, cum praeuidet periculum, sed non per se, sed cum exercitu suo
494 1059 2272 1131 & non nisi caute ne percipiat exercitus suus, aut aduersarii illius. sm quod super hoc Vege. li. xcap. xxiiii.
495 1123 2272 1186 instruit ducem exercitus dicens. Superest edocere quemadmodum recedatur ab hostibus. Nam disciplinae bellicae
497 1178 2272 1248 & exemplorum exparti nonnumquam pariculum imminere testantur. Verum quia hoc saepe necesse est euenire, quibus modis tu
491 1223 2278 1301 te fieri possit, declarandum est. Primum vt tui nesciant te recedere, quia declinas inire conflictum, sed credant arte
489 1280 2279 1358 aliqua se ideo reuocari vt insequentibus aduersariis secretiores collocentur insidiae: nam ad fugam parati sunt
502 1328 2277 1413 qui ducem suum sentiunt desperare. Illud quoque vitandum est, ne hostes te recedere sentiant, & statim irruant. Vnde in
491 1385 2281 1462 isto casu post igressum belli lie isto modo fugere omnes simul praeter praelatos sicut an belli ingressum in primo membro di
493 1440 2277 1521 stinctionis circa illum, vt iam dictum est. & hoc quia illo tempone non valentibus fugere maxime necessarium est mi
498 1496 2282 1574 nisterium ecclesiasticum praelatorum in spiritalibus, vt inferius declarabitur. Nequaquam autem est eis necessarium mi
504 1552 2279 1629 nisterium caeterorum, quia consistit in solis temporalibus. In hoc tamen casu perfectius esset bellatoribus resistendo ad
498 1599 2287 1689 uersariis, & pugnando mori cum fratribus, quid frequenter contingit inexpartis & ignorantibus pericula belli, &
499 1661 2276 1751 vere fortibus, quam timore vitae amittendae fugae incertae se conmittere, quod saepius faciunt exparti cognoscentes pri
506 1716 2281 1795 cula belli, & maxime timidi, & non vere fortes. dicente philosopho. iii. Ethi. Milites timidi sunt quando superextenditur
511 1773 2281 1866 praelium, & deficiunt. Primi ei fugiunt: cuncta autem permanentia moriuntur. His quidem est turpe fugere, & mors tali
509 1827 2273 1904 salute eligibilior. Hi autem ex principio priclitantur, vt meliores existentes, cognoscentes autem fugiunt, mortem
509 1880 2273 1959 magis quam turpe timentes: fortis autem non talis. Milites. n.m (ut tangit alia translatio ibidem. in principio belli viri
510 1935 2274 2019 liter agunt confidentes de peritia & expgrientia bellorum quam habent: & maximis pariculis se exponunt: cognoscem
509 1997 2275 2071 tes autem mortis instantiam fugiunt magis timentes mortem, quam turpe: talis autem non est fortis. Fortis enim
511 2058 2263 2126 aduertit decorem non rem extrisecam nec, propriam vitam. & per hoc saepius milites, qui fugituri essent, cognoscentes
509 2098 2255 2176 mortis instantiam victoriam obtinent plus quam timentes. dicente Vege. vbi supra libro i. ca. ii. Nulla alia re videmus
508 2149 2263 2241 populum Romanum orbem subiugasse terrarum nisi armorum exercitio, disciplina castrorum, atque milite. Scien-
496 2213 2269 2290 tia enim rei bellicae dimicandi vult audaciam. Nemo enim facere rmetuit, quid se bene didicisse confidit. Et
503 2267 2269 2339 enim in certamine bellorum exercitata paucitas ad victoriam proptior est, ruralis & indocta multitudo expo
503 2318 2278 2396 sita est ad caedem. & vt dicit libro ii. ibidem cap. xxi. inexercitatus miles seu tyro, vt quotidiani laboris vlus
497 2382 2270 2454 difficilis non videretur in bello, exercebatur assidue. Nam quemadmodum bene exercitatus miles praelium cupit, ita for
503 2426 2280 2509 midat indoctus. Postremo sciendum est in pugna vsum amplius prodesse quam vires. nam si doctrina cesset
504 2498 2268 2560 armorum, nil villanus distat a milite. Et libro iii. cai.d i. Igitur qui victoriam cupit milites imbuat diligenter: qui secun-
503 2543 2269 2618 dos optat euentus, dimicet arte non casu. Sed in casu posito distinguendum est de fuga praelatorum, quia aut communitas
505 2595 2273 2684 quaeritur ad mortem, aut solus praelatus. Si primo modo, subdistinguo. quia aut per fugam praelati omnino a subditlsubtrahiturmi
498 2645 2269 2724 nisterium illi incumbens, aut non subtrahitur, sed per alios manentes potest suppleri. Si primo modo, dicoque non licet prae
502 2702 2273 2786 latum fugere, dicente Augustinus in epistola praedicta ad Honoratum post verba eius recitata in illa de epistolaad Quoduulu
505 2777 2278 2842 deum praedicta. Restat ergo vt nos quorum ministerium quantuncunque est plebi dei vbi sumus manenti ita
505 2815 2271 2893 necessarium est vt sine hoc eam non oporteat remanere, dicamus domino. Esso nobis in deum protectorem & inlocum
507 2886 2277 2944 munitum. Neque quaeramus aliquae munimentum fugiendo & pphisloum dimittendo. Si secundo modo, tunc distinguo, quia aut
508 2921 2274 2998 fuga est solo timore mortis, aut est vt fugiens se praeseruet maiori vtilitati ecclesiae. Si secundo modo, adhuc subdi-
507 2980 2268 3053 stiguo, quia aut fugiendo magl obest exemplo quam viuendi proficeret officio, aut econverso magis proficeret offi
505 3043 2262 3113 cio quam obesset exemplo. Si primo modo tam istius quam praecedentis subdistinctionis, Dico adhuc quod non est praelato licitum fuge
502 3092 2264 3166 re. dicente Augustinus in eadem epistola post medium. Quando est comone periculum, magisque timendum est ne quisquam id facer credatur non
500 3159 2272 3238 consulendi voluntate, sed timore moriendi: magisque fugiendi obsit exemplo quam viuendi prosit officio, nullaron-
