2424 3691
158 278 1963 354 pliciter acceptum non possit probari: existentia tamen eius actualis non abstrahit ab hic & nunc. & ideo potest bene
169 334 1955 406 probari hic & nunc esse. Vnde licet quidquid est creaturae & esse vt sequitur essentiam eius, non possit proba-
166 392 1954 461 ri: esse tamen actualis existentiae, bene potest de ipsa probari nouum fuisse, inquantum esse in effectum ostenditur ipsa
165 447 1957 509 creatura mundi non posse habere, nisi post non esse praecedens duratione: quid est probare creaturam mundi
174 497 1950 564 incepisse esse. DICENdum igitur absolute: quod mundus non solum incepit esse ex tempore: sed etiam quod non potu-
171 551 1959 611 it fuisse ab aeterno: & quod repugnat naturae eius dicente beato Ambrosio in principio Hexameron. Quid tam in
177 609 1954 669 conueniens: vt aeternitas operis cum dei omnipotentis iungeretur aeternitate: Vnde Augustinus in libro contra Felicianum defini
174 664 1946 726 ens creaturam, dicit quod creatura est ex eo quid adhuc non est, aut aliquando non fuit, rei cuiuslibet corruptibilis quan
169 719 1954 772 tum in se est omnipotentis dei voluntate facta substantia. Vnde Auicenna bene videns quod id quid de sua essentia est non
166 762 1954 833 ens: non intellectu solo: sed & in re esse non recipiat ab alio: nisi ex tempore: dicit in fine quinti Metaphysicae sua
172 817 1950 876 Postquam autem res ex se ipsa habet non esse, sequitur tunc vt esse eius sit post non esse: & fiat postquam non fuerat. vnde &
164 869 1960 936 de hoc modo inceptionis dicit in principio sexti. Si autem laxauerit aliquis nomen inceptionis circa omne quid habet
164 925 1949 989 esse post non esse, quamuis non sit haec posteritas tempore: tunc omne creatum erit incipiens, si autem non laxauerit: sed
168 982 1942 1049 fuerit conditio incipientis: vt habeat esse quo tempore sit: sic omne creatum est incipiens cuius essee praecedit. tempus est mo
171 1032 1949 1087 tus siue mutatio. Reuera laxatur modus inceptionis cum tempore & sua duratione: vt eius esse non sit post non
171 1082 1949 1150 esse tempore praecedenti: sed infinita aeternitate, in quo non esse eius praecessit ante tempora, proprius autem est modus in-
168 1146 1947 1204 ceptionis rei temporalis quoniam incipit esse in tempore, & non esse eius praecessit in tempore. ET quod creatura habens esse
170 1196 1949 1261 post non esse: quid non esse habet ex natura sua in re non intellectum solo: necessario incipiat post non esse dura
164 1252 1944 1314 tione, manifeste probat Auicenna in fine quinti Metaphysicae suae duobus vltimis capitulis. & quod ita sit de ne-
167 1301 1943 1360 cessitate potest sic patere. Creatura enim quam quantum ex se est non ens: vt nec formaliter nec effectiue habe
172 1352 1944 1411 at esse ex natura suae essentiae: non solum habet esse ab alio, sicut habet esse in diuinis filius a patre: vel sicut
173 1410 1945 1471 radius a sole: si vterque sit aeternus, & non habet radius de se non esse, nisi in intellectum: vt dictum est: sed
169 1470 1939 1526 oportet quod ipsi creaturae acquiratur esse suum: vt deus non solum det causam ei: vt sit in facto esse: sed vt faciat ips
176 1512 1945 1579 sam esse de non esse: quid appellatur creatio. Si enim deus creaturae daret esse in solo facto esse: nec praeter hoc eam alio modo
179 1567 1938 1633 faceret: in nullo differenti modo pater in diuinis daret filio esse: & deus creaturae: praeter hoc quod ibi filio da
178 1619 1948 1679 tur esse in substantia patris: hic autem in aliena substantia: vt supra dictum est. quia cum omnis transitus factionis de non
175 1673 1954 1735 esse in esse sit transmutatio, & haec trasmutatio naturalis quando est circa subiectum praeexistens actus creationis: et
172 1727 1955 1794 si non sit vera transmutatio: vt est illa quae est naturalis: quia tamen est de non esse in esse: modum mutationis habet
174 1779 1948 1834 non motus ad modum actionis qua rei acquiritur esse per generationem naturalem. Et non est differentia: nisi quod generatio
170 1834 1950 1899 est ex materia: creatio autem est ex nihilo. Propter quid dicit Auicena. vi. Metaphysica suae. Inuenimus quiddam esse
166 1889 1949 1953 quid est ex causa semper fine materia: & quiddam quid est ex aliquo mediante. Convenit autem vt omne quid non est ex
167 1944 1959 2008 materia praeiacente vocemus non generatum sed creatum. Nunc autem omnis trasmutatio quae est subita actio, est indiuisi
167 1994 1946 2057 bilis durationis non successiua: sed carens successione & duratione, & ex parte ante, & ex parte post. Cre-
163 2050 1948 2104 atio ergo qua cuicumque rei acquiritur esse, non potest esse ab aeterno. Actio etiam qua rei esse acquiritur, necessario prae
172 2101 1946 2155 terit eius actionem qua sit conseruatio quae continuat esse in posterum. Quamquam ergo res in posterius possit conseruari
176 2155 1942 2221 in esse: vt non desinat esse propter continuationem actus conseruandi: non tamen in ante posset esse, nisi incipiat post non
172 2205 1947 2266 esse: propter simplicitatem creationis qua ei acquiritur esse. Vnde patet quod valde insipienter dicunt aliqui quod eadem actione
165 2260 1950 2320 deus res creat & conseruat: sicut sol eadem actione creat & conseruat lumen in medio. Si enim sol haberet esse ex
165 2313 1946 2374 se: nec aliquo modo ex natura sua conveniret ei non eem, & lucis natura procedens ab ipso de natura sua habe-
161 2369 1942 2422 ret esse post non esse, quamquam eius conseruatio sit in continuo fieri: tamen necesse esset praecedere aliquid fieri in quo primo
164 2424 1940 2486 esse reciperet. Et ideo ponendo solem ab aeterno, & non habere de se non esse: necesse est ponere similiter radium eius
161 2471 1944 2545 ab aeterno non habentem esse post non esse nisi in intellectu, vel forte nec in intellectu: vel solem nulla necessitate na-
168 2531 1947 2593 turae: sed libera voluntate radium producere. Magnum etiam videtur esse inconueniens quod esse creaturae cum sit esse sub
164 2582 1941 2651 stantiale permanens, semper sit in continuo fieri: licet non possit nisi ad praesentiam suae causae permanere. vnde sicut vi
172 2634 1946 2706 demus in generatione rerum naturalium quod agens particulare: quia est solum causa fieri rei: eo quod non habet in se ratio
170 2685 1942 2748 nem totius speciei, per suam speciem causat sibi simile in materia: quo generato cessat eius actio & non conseruat illud
159 2744 1947 2802 in esse: sed agens vniuersale quid habet in se rationem totius speciei: vt corpus caeleste & eius motor: vt sit alia actio
162 2793 1940 2866 generationis & conseruationis. Consimiliter si agens vniuersale primo rem ipsam per se, & immediate generaret: & ge
158 2847 1944 2910 neratam postmodum conseruaret: actio eius esset alia generandi & conseruandi: & sicut esset circa generatum: ita &
164 2901 1942 2966 in proposito circa creatum. Vnde vtriusque actionis distinctionem tangit Augustinus cum dicit libro de immortalitate animae
163 2951 1951 3013 cap iiii. Vis & natura in corpore effectrix corporis vniuersi praesente potentia tenet vniuersum. non enim
166 3004 1952 3071 fecit atque discessit, effectumque deseruit. illa effectiua vis vacare non potest: quin illud quid ab ea factum est tue
155 3069 1956 3129 atur: & ea specie carere non sinat qua est quantacumque est, quid enim per se non est, si destituatur ab eo per quod est profe
161 3116 1951 3198 cto non erit. Et non possumus dicere id accepisse corpus cum factum est: vt seipso iam contentum esse posset: etsi a
