2443 3749
454 262 2237 343 tet quod maneat aequiuoce id cuius erat accidens. Nec accidens potest facere aliquid esse animal. ex
452 334 2233 393 substantia enim & accidente non fit nisi ens, & vnum per accidens: non per se: quale habet esse ani
460 390 2237 461 mal. Sed dico quod visus ille esset anima oculi: qui est ipsa substantia animae sub ratione potentiae visi
467 454 2237 514 uae tantum quam solum habet in oculo, sicut sensus simpliciter qui est ipsa substantia animae sub ratione
460 508 2237 574 potentiae sensitiuae simpliciter: & in communi acceptione ad omnes potentias sensitiuas est anima to
462 557 2240 625 tius corporis animati quod est animal inquantum organicum est. Vnde siquis philosophi intentio-
457 618 2238 685 nem perspicaciter inspiciat, inueniet quod potius definiat animam, & determinet de ea inquantum est totum
457 668 2233 738 potentiale dans esse, & viuere corpori potius vt organicum est, quam vt corpus simpliciter est. Et secun
457 728 2238 799 dum hoc definitio animae quam inuestigat in principio secundi, proprie non est animae nisi ratione
465 776 2226 844 potentiae sensitiuae, & non ratione potentiae intellectiuae nisi aequiuoce, vt dicit Comment. Et patet quod
465 840 2237 908 haec est eius intentio ad literam. quoniam per illud dictum suum de visu oculi: quod est anima: tanquam per id quod
464 891 2231 956 apparet in aliqua parte organica, intendit probare quod dixit de toto corpore organico simpliciter, se-
468 946 2236 1016 cundum quod anima est forma, & actus eius. Oportet enim accipere, vt dicit, in toto corpore viuente, quod
466 1002 2236 1069 videmus in parte. Similiter nanque se habet pars sensus. i. substantia animae sensitiuae inquantum habet rationem
472 1060 2228 1130 vnius sensus tantum, ad partem aliquam organicm. scilicet corporis: sicut totus sensus. i. tota substantia animae sensitiuae, inquan
472 1113 2207 1182 tum habet rationem cuiuslibet sensus ad totum corpus quid sensitiuum est inquantum huiusmodi. Sicut ergo si oculus qui
468 1169 2234 1240 est aliqua pars corporis organica, esset animal, visus. secundum quod iam expositum est, esset eius anima, sic to
469 1227 2226 1282 tius corporis organici ex pluribus organis constituti, sensus scilicet simpliciterid est anima sensitiua sime
474 1285 2222 1349 pliciter ad omnes sensus est eius anima. i. substantia eius, secundum rationem, vt expositum est. Et hoc est
477 1348 2227 1405 quid philosophus post modicum concludit dicens. Quare visus & potentia organi anima est: corpus autem quod po
467 1390 2230 1459 tentia est: & sicut oculus, pupilla, & visus: ita anima & corpus animal est. Dicit ergo manifeste: quod ipsa
464 1448 2232 1509 anima quae est actus, cuius potentia est corpus, est ipse visus & potentia organi. & per hunc modum sicut
462 1509 2232 1573 oculus est pupilla. i. visus: & substantia animae in ratione potentiae visiuae tantum, sic anima vt est causa
465 1554 2230 1625 sensus, & potentiae sensitiuae: & corpus, vt continet omnia organica, est ipsum animal. Quia autem anima ipsa
462 1614 2225 1676 hominis considerata sub ratione sic animandi: non tantum scilicet vt est substantia & actus corporis vt cor
467 1664 2230 1743 pus est: sed vt ipsa est potentia organica, & actus quarundam partium corporis, scilicet organicarum
458 1734 2228 1792 quibus cum exuitur nullo modo habet rationem potentiae sensitiuae in actu, sed solum sicut in ra
470 1777 2231 1853 dice in sua substantia: quia specierum sensibilium, vt sensibiles sunt, non est receptiua sine organo
458 1835 2224 1901 vt dictum est: sub ratione vero animandi vt est simpliciter substantia, & de actus corporis, vt corpus est
455 1900 2236 1967 & non potentia alicuius organi: non actus quarundam partium corporis: ratione scilicet qua partes
453 1943 2223 2016 organicae sunt: sed solum inquantum sunt sub forma totius: quibus exutis retinet rationem potentiae
454 2009 2226 2071 intellectiuae in actum: quia secundum se est contentiua specierum intelligibilium: etiam sine organo & cor-
458 2066 2232 2130 pore: idcirco continue concludit philosophus: quod manifestum est ex dictis, quod anima humana, aut omnino
455 2120 2227 2179 non est nata separari a corpore: aut solummodo secundum quandam partem ipsius non est nata
454 2174 2230 2238 separari: & verum est quod secundum partem intellectiuae nata est separari: non autem secundum ali-
462 2212 2221 2285 quam aliam partem. Sic igitur patet, quomodo si oculus esset animal, visus esset eius anima. Et simili
463 2282 2229 2344 ter de auditu. Et quod concluditur: quod ergo essent diuersa animalia specie: & non nisi per diuersa re: quae sunt
460 2325 2230 2405 potentia visiua & auditiua: Dicendum quod visus & auditus animalia diuersa esse non possunt intelli
465 2397 2228 2456 gi nisi aut vt per se subsistentia & diuersa a corpore & ab inuicem, aut vt in suo corpore existentia,
462 2449 2229 2511 & aliis partibus corporis continuata. Primo modo non possent esse diuersa animalia nisi habendo
455 2494 2229 2560 diuersas animas secundum substantiam determinantes sibi diuersas potentias in oculo & aure: quia
461 2548 2222 2613 sola potentia accidentalis animal non facit, vt dictum est, ita quod non potentiae, sed substantiae ips-
460 2609 2225 2677 sae diuersae facerent per se quod essent diuersa animalia, e non potentiae nisi per accidens: quae non differ
461 2665 2236 2729 rent re ab ipsis animabus, vt dictum est prius. Secundo autem modo, etiam diuersa animalia esse non possent
459 2722 2231 2788 nisi in eodem essent diuersae animae in diuersis partibus: quod negatum est supra. Si enim in eodem vna
462 2762 2229 2835 est anima quae est actus totius & partium: & eadem in toto & in singulis partibus, vt dictum est prius
459 2811 2222 2891 oculus & auris nullo modo diuersa animalia in eodem corpore esse possunt quo ad esse substantia
465 2870 2229 2940 le: sed solum quo ad esse potentiale diuersum hincinde: quod non diuersificatur nisi secundum accidens
463 2921 2228 2998 propter dispositionem materiae, vt dictum est prius, non propter essentiam formae: ita quod si alibi quam in capi-
467 2989 2232 3055 te esset oculus sub illa dispositione qua est media ratio colorum, vt in pede, & substantialiter substantia animae
468 3037 2225 3103 informatus, sicut alia pars pedis, per ipsum videret anima in pede, sicut in capite. Et sic plane patet quod il
472 3084 2233 3154 lud dictum philosophi, Si oculus esset animal &c. aut non potest concludere quod ex sola potentia accidentali vi
462 3140 2228 3208 sus esset animal: & ita etiam plane patet quod non propter illud dictum oportet ponere quod potentia est ac-
458 3191 2237 3279 cidens animae: aut proponit illud quasi per impossibile: quia eadem anima substantialiter existens in diuersis partibus per di
