2361 3627
128 321 1931 406 auditus, & odoratus. Secundum hunc ergo modum quia intellectus est quasi media ratio omnium specierum intelligi
138 395 1928 454 bilium per hoc quod omnino immunis est a materia: & nulli aliquid habet commne, vt habetur. iii. de anima, omnium
133 448 1927 506 specierum est susceptiuus in sua nuda substantia, &e per ipsas determinabilis ad diuersas operatio-
139 504 1922 568 nes. Et sic potest per specierum determinationem diuersarum in ratione intelligibilis, sicut sunt species veri sub
150 557 1929 613 ratione veri, vel sub ratione boni, aut huiusmodi: assumere in se rationem diuersarum potentiarum
149 609 1919 676 quarum nullam sibi determinat. & sic omnes accidunt essentiae eius: non quia sunt re aliquae ab ea: sed
151 658 1923 724 quia est respectus ei additus extra intentionem essentiae suae, sicut primae materiae accidunt poten
156 714 1928 783 tiae ad formas. Magis autem determinat sibi suum passiuum sensibile quam intelligibile: vt scilicet illud
153 765 1916 830 non immutet animam nisi in organo determinato, sicut facit intelligibile, vt dictum est. & hoc con
152 817 1915 877 tingit propter maiorem materialitatem, secundum quam immutat species sensibilis, quam faciat spe
146 874 1914 939 cies intelligibilis. Et sic patet quod alio modo determinantur in anima potentiae sensitiuae: alio ve-
145 926 1919 984 ro modo potentiae intellectiuae. Illae enim determinantur in anima ex dispositione organi ante in
141 978 1915 1042 formationem specierum per quas actu sentit: immo potius determinantur in composito: quia pro
148 1034 1911 1107 prie, vt dictum est, sunt potentiae compositi, & non animae: nec sunt in anima nisi sicut in radice: ex qua
147 1091 1910 1157 causantur dispositiones organi, & determinantur rationes potentiarum animae in ipsa. secundum quod supra di
147 1140 1902 1202 ctum est. Istae vero determinantur in ipsa substantia animae immediate ex specierum informatione quibus
140 1191 1901 1255 actu intelligit: vt similiter patet ex praedictis. Sed tunc restat de potentiis intellectus actiuis quae non perficiuntur
149 1253 1903 1314 per alicuius receptionem: quomodo possit in anima determinari vt non sint accidentia super essentiam
149 1310 1903 1364 animae, quemadmodum voluntas & intellectus agens. Et est hic reducendum ad memoriam ex iam supra de
141 1354 1889 1407 terminatis, quod licet aliqua creatura agat aliquid per suam essentiam: in hoc tamen nullo modo attingit simplicitatem
147 1409 1890 1476 potentiae primi agentis. quoniam ex sua essentia secundum se non habet quod potest agere, sed dependet eius actio ex ad
152 1465 1878 1530 miniculo alterius, vel vt informantis ipsum, vel quid praesupponitur ab ipso vt subiectum & materia suae
152 1511 1891 1583 operationis, circa quam naturaliter cum appropinquat illi, operatur. DIcendum igitur: quod licet po i
151 1568 1876 1639 tentiae actiuae non sunt in anima per determinationem alicuius informantis eas: sunt tamen in anima per
149 1619 1878 1679 naturalem determinationem ad subiectum & materiam, circa quam habent operari. sicut caliditas se-
155 1672 1874 1744 parata si esset calefactiua in se, non esset nisi qualitas per essentiam, & non esset potentia quaedam nisi ex na-
159 1727 1873 1789 turali determinatione & respectu ad actum calidi: ita quod iret in actum quandocumque approximaretur
158 1781 1863 1850 calefactibili: & cessaret ab actu absente calefactibili. Similiter in proposito dicendum quod voluntas est potem
153 1832 1854 1897 tia naturalis in anima: & non est nisi substantia animae: sed ex naturali determinatione & respectu
156 1888 1859 1946 ad actum volendi bonum vt bonum, siue simpliciter, siue apparens: quod necesse habet velle naturaliter: cum ei praesen
156 1941 1851 2007 tetur in cognitione, licet non de necessitate velit hoc bonum, vel illud: & cum bonum vt obiectum
167 1995 1839 2064 & materia ei non praesentetur: velle secundum actum omnino non potest. Similiter intellectus agens potentia naturalis
167 2050 1834 2115 est in animae: & non est nisi substantia animae: sed ex naturali determinatione & respectu ad actum abstra-
170 2100 1826 2164 hendi species intelligibiles a phantasmate, cum ei proponuntur: ita quod non potest illas non abstrahere: sicut
169 2153 1819 2218 lux non potest non abstrahere species colorum a pariete super quem lucet. Est autem agens in anima quodammodo
166 2207 1815 2273 sicut lux in diaphano, vt vult philosophus. Cum autem species phantasmatum ei non proponuntur, absque actio
164 2260 1818 2320 ne necesse est eum manere. & sic in anima determinantur alitur potentiae actiuae: aliter vero passiuae. Actiuae
165 2313 1808 2370 naturaliter, & naturali respectu, quia sunt ad vnum tantum, & ad vnam rationem agendi specie circa bonum. Pas
169 2367 1809 2425 siuae vero non nisi per alicuius determinationem: quia sunt ad plura per indeterminationem. Sed aliter intelle
165 2422 1792 2489 ctiuae: aliter vero sensitiuae, quia illae sunt in anima secundum se per indeterminationem specierum intelligibilium
167 2475 1793 2536 ad intelligendum verum secundum diuersos modos intelligendi differentes specie. Istae vero sunt in composito
167 2526 1788 2595 per indeterminationem dispositionis organorum ad sentiendum diuersa sensibilia differentia genere
163 2583 1637 2659 secundum diuersas operationes sentiendi genere differentes, secundum quod expositum est.
469 2674 1774 2744 Irca secundum arguebatur, quod per se subsistens potest esse vnibile alteri. quoniam
469 2732 1756 2793 anima rationalis est per se subsistens: quia habet actum separatum. & habens actum separatum in
476 2789 1752 2846 substantia potest esse separatum. Per hoc enim ostendit philosophus intellectum separabilem a
474 2841 1748 2903 corpore, in secundo de anima. & ipsa est vnibilis corpori, vt forma & actus: quia ali-
461 2887 1741 2966 ter homo non esset homo per intellectum: quia res non habet esse id quod est nisi
460 2939 1749 3015 per suam formam substantialem. ergo &c. CONtra est. quoniam per se subsistere l
448 2994 1733 3061 ll& alteri vniri siue inhaerere sunt contraria. quoniam penes hoc diuiduntur substantiae ab acci-
174 3037 1724 3119 dentibus. sed cum vnum contrariorum inest alicui a natura, reliquum non potest iesse eidem naturaliter. Quia autem sm se habet
173 3092 1719 3179 subsistere, hoc naturalitur haebet: & quod het alteri inhaerere, vel vniri vt fora, hoc similiter naturaliter hent. Cui ergo
171 3143 1724 3248 conuenit vnum eorum, illi nullo modo potest conuenire alterum. AD difficultatem huius quaestionisi
