2460 3755
472 323 2261 414 explicandam intelligendum: quod non fuit proposita nisi propter animam intellectiuam quam ponimus formam & actum cor
480 409 2254 484 poris & separabilem a corpore: & per seipsam posse subsistere. Vt igitur explicetur difficultas eius circa animam
474 468 2254 537 intellectiuam: sciendum quod non debemus ponere eam esse harmoniam quandam & contemperantiam humorum,
480 518 2258 582 vt esse eius stet infra gradum formae mixti, sicut aliqui dixerunt. Hoc enim posito non posset poni per se sub-
473 578 2253 644 sistere: sicut neque contemperantia, aut harmonia. Sed illud ponere est impossibile in aliquo genere animae. quoniam
482 641 2255 701 vt dicit Comment. super. vii. metaphysicae etiam de animabus eductis de potentia materiae. Manifestum est inquit
479 688 2257 757 animam esse additam formis complexionalibus. Sed hoc secundum rem in homine. In aliis autem ad minus secundum gradum
474 743 2256 803 intentionis, vt dictum est supra. vt dicit Auicenna in. viii metaphycae. Elementum per se solum non est aptum recipere
474 799 2258 865 formam vegetationis & animalitatis. Sed acquiritur sibi aptitudo illa propter qualitatem quo venit in illud
467 846 2254 930 ex commixtione. & conuenit commixtioni sine dubio aliqua conversio in aliud sibi naturale: quae cum acqui
474 911 2254 974 sita fuerit in complexionem: tunc receptio formae animationis erit perfectio illius acquisiti in conmixtione.
475 967 2247 1030 Sic enim oportet semper ponere ordinem naturalem in gradibus formarum naturalium, scilicet quod forma quan
481 1021 2254 1088 to est prior & propior materiae, tanto est imperfectior: & habet essentiam & operationem, propriam imperfectio
478 1077 2250 1143 rem & magis immersam materiae: & quanto est posterior & remotior a nuditate materiae, tanto est
489 1135 2256 1193 perfectior: & habet essentiam & operationem, propriam perfectiorem, & minus immersam materiae: sed in virtute
487 1186 2252 1253 sua magis eleuatam. verbi genra formae simplices elementares: quia summe sunt materiales, virtutem moti
484 1241 2245 1311 uam omnino non habent nisi per naturam qualitatum materialium: forma vero mixti virtutem habet super
489 1298 2232 1371 omnem virtutem elementi, veluti magnes quod attrahit ferrum: vel alius lapis quod stringit sanguinem. Et super
484 1352 2246 1421 omnem formam mixti virtutem viuificam habet forma vegetabilis: qua per se ab intra habet sese
483 1407 2246 1473 transmutare secundum aliquos modos motus, vt nutritionis vel augmenti: quod nuiium mixtum inanima
487 1470 2246 1534 tum potest facere. Et ideo in vegetabilibus inuenitur primum principium vitae: licet occulte. Vl-
487 1525 2250 1585 tra autem omnem operationem vegetabilis se extendit forma sensibilis: vt non materialiter moueatur
485 1575 2241 1638 a veritate naturae & substantiae rerum obiectarum sicut mouentur vegetabilia, sed spiritualiter sentien
477 1637 2251 1701 do scilicet res materiales, & apprehendendo eas: & per species earum immateriales recipiendo eas in
484 1684 2250 1750 se fine materia, & agendo per hoc actiones perfectas animalis quae sunt post apprehensionem, vt sunt motus
483 1740 2243 1806 localis, & huiusmodi. & hic stat finis formarum materialium quas natura educere potest substantialiter
482 1796 2247 1855 de potentia materiae. ET tunc restat difficultas quaestionis: vtrum scilicet sit aliquod genus formarum ma
474 1850 2250 1915 terialium substantialium perficientium materiam non eductarum de potentia materiae, & non
472 1908 2253 1971 redigibilium per corruptionem naturalem in potentiam materiae: sed sine omni materia per se potem
474 1962 2243 2033 tium subsistere. Si enim sit aliqua talis: ipsa vltima est formarum naturalium & nobilissima: & ha
476 2015 2250 2082 bet operationem caeteris magis separatam: in qua non communicat cum materiali corpore organico inquam
473 2072 2255 2145 tum organicum est, vt infra videbitur. Imaginari enim formam naturalem supe istam magis separatam
480 2131 2250 2197 quae scilicet omnino sit separata secundum substantiam, & non est actus, aut forma materiae: quae tamen habet
477 2179 2255 2255 operationem coniunctam & communem cum corpore, hoc est omnino impossibile. Nihil enim communicat actio
479 2234 2255 2304 alicuius formae quod ab ea non informatur, vt ab eo quod est actus eius & perfectio. In quo reprehendendus est
480 2290 2258 2364 Auerrois: qui animam intellectualem separatam ponit a corpore humano sensibili secundum substantiam, & conm-
483 2344 2255 2408 iunctam per communionem operationis, per phantasmata scilicet existentia in virtute sensitiua, quae sunt ibi in potentia in
483 2400 2252 2476 tellectiua & in intellectu possibili actu intelligibilia, vt sit modo quodam non intelligibili species ea
477 2457 2255 2526 dem intelligibilis conueniens intellectui, & corpori humano: & per eam actum intelligendi ha-
477 2508 2253 2577 beat homo, & non intellectus separatus ab eo secundum substantiam, quod stare non potest. quoniam
476 2569 2258 2636 non aliter se habent phantasmata ad actum intelligendi quam sensibilia in rebus sensatis ad actum sen
475 2620 2259 2687 tiendi: quae non dicuntur vllo modo communicare cum sentiente in actu sentiendi ad hoc quod ab il-
470 2676 2255 2743 lis abstrahat species sensibiles. Nullo ergo modo secundum modum Auerrois homo posset com-
476 2721 2250 2800 municare cum intellectu separato in actu intelligendi, ex hoc scilicet quod abstrahit ab eo species intelli
481 2776 2255 2853 gibiles. Et per hunc modum quantumcumque ponatur intellectus coniungi homini, vt motor: si tamen
485 2832 2257 2903 non communicat in apprehendendo & recipiendo in se per id quod est forma & actus eius, species actu intelligibi
486 2887 2255 2951 les, nullo modo propter intellectum mouentem dicetur communicare in eius operatione: & sic aut homo in nullo conmu
482 2944 2246 3015 nicat actionem intelligendi, aut intellectus est forma eius naturalis, aut homo erit ipse intellectus, non
487 2999 2256 3070 corpus: sed aliquid vtens corpore, vt Plato dicitur posuisse. Quod etiam stare non potest quoniam homo quicunque
477 3043 2253 3121 ratione vtens perfectissime experitur in se operationes sensitiuas: quae non possunt fieri nisi per organum
487 3098 2263 3174 quas cerrum est nullo modo posse communicare intellectui separato: quia ipse caret quantum in se est
487 3159 2254 3230 omni organo corporali. & per eandem viam cum nos post actum sentiendi & ex adminiculo actus
474 3206 2263 3271 sentiendi experimur in nobis qui homines sumus, & vt homines sumus, actum intelligendi, & hoc vt
466 3268 2264 3350 per se intelligentes, & non per accidens, sicut lignum disgregat, quia albedo existens in eo disgregat: & secundum nos
