2480 3724
484 332 2274 418 custodiam poena statuitur propter eius transgressores citra talem casum necessitatis iam dictum
497 399 2274 470 vt non sit nisi vnum statutum. verbi gratia: in aliqua religione forte statuitur aliquid sub hac forma. Qui
497 450 2274 523 cunque loquatur post completorium dicet septem psalmos. In quo modo statuendi est duo conside
493 515 2278 573 rare: & formam & modum statuendi: & intentionem statuentis. Si quidem consideremus huiusmo
491 559 2276 627 di statutum primo modo, scilicet quantum ad formam & modum statuendi, patet quod in eo poena
495 626 2283 682 principaliter statuitur & obseruantia propter quam statuitur: scilicet ne aliquis post completorium
497 665 2279 729 loquatur, nullo modo ex forma statuti instituitur: sed solum tanquam factum materiale, quo con-
497 734 2289 793 tingente poena reddenda est quae in statuto implicatur. Et ideo dicendum: quod huiusmoddi praece-
500 777 2266 846 ptum poenale, quantum ad formam & modum statuendi, obligat solummodo ad poenam illam sol
495 834 2278 897 uendam & nullo modo ad culpam, nisi per accidens propter contemptum, si debita & statuta poena eo
500 889 2284 952 modo quo statuta est non soluatur. Si vero huiusmodi praeceptum consideretur referendo ipsum
496 938 2275 1005 ad intentionem statuentis, tunc intelligendum quod in huiusmodi vel consimili statuto intentio in-
504 990 2274 1057 stituentis potest esse per poenam statutam astringere, & timore poenae ex obliquo inducere, ne omni
503 1054 2273 1112 no fiat illud factum circa cuius transgressionem poena illa instituitur: vel potest esse eius intentio
507 1103 2277 1158 astringere & inducere timore poenae non ne omnino fiat, sed solum ne fiat passim & fine rationabi-
507 1148 2284 1216 li aut ex leui causa. Secundum primum modum fit statutum poenale super illo quid simpliciter est
506 1200 2279 1269 illicitum, & de natura sua malum, nec in toto potest extirpari a populo propter stragem multorum:
517 1270 2276 1327 puta siquis commiserit simplicem fornicationem super qua fuerit accusatus a synodo, soluet epi-
503 1312 2282 1376 scopo nouem libras, quemadmodum hoc obseruatur de consuetudine in multis locis. Tale statutum
506 1369 2278 1435 poenale cum hoc quod solum obligat ad poenam determinatam ex forma & qualitate statuti, tamen ex
516 1417 2282 1480 intentione statuentis & natura rei quia est de simpliciter malis, obligat ad culpam: quae ex solutione
506 1473 2280 1542 huiusmodi poenae non statim expiatur. Secundum alium modum fit statutum poenale super illo quod
516 1529 2283 1593 de se est indifferens: vt in proposito est loqui post completorium: super quo statuitur in poenam quod
509 1584 2286 1650 loquens dicat septem psalmos. In tali enim statuto poenali, eo quod est super indifferenti, intentio statuen
515 1632 2283 1702 tis si rationabilis sit, debet esse non vt non loquatur aliquis omnino post completorium: quia hoc in casu ali
514 1689 2276 1761 quo posset vergere in magnum damnum aut incommodum. Et etiam debet esse intentio eius non
514 1740 2280 1810 solum vt non loquatur in casu magnae necessitatis de quo iam dictum est: sed quod non loquatur in
508 1802 2278 1862 multis casibus inferioribus: scilicet ne passim & temerarie aut ex leui causa loquatur tunc. Sed si ra
512 1857 2284 1915 tionabilis causa loquendi occurrat etiam citra dictam magnam necessitatem, quod tunc si loquatur hoc
519 1900 2282 1967 sit sub poena apposita, quae apponitur in talicasu, vt cogat eum ponderare an causa propter quam ei
529 1954 2290 2016 videtur loquendum sit rationabilis. Hoc enim conuincitur ex qualitate & quantitate poenae: per hoc
523 2008 2280 2080 quod iuxta regulam rationis rectam ponderantis mauult huiusmodi poenam subire quam loqui ex tali
524 2069 2288 2129 causa postponere. Dico ergo quod si loquamur de huiusmodi statuto poenali referendo ipsum ad inten-
525 2117 2286 2178 tionem statuentis: quod obligat transgressorem ex rationabili & probabili causa solummodo ad poe-
520 2170 2279 2237 nam: & nullo modo ad culpam: immo cum talis causa occurrit: potius meretur quam demeretur si lo
524 2224 2278 2279 quatur & poenam legitime persoluat: quam etsi in hoc casu sustinet sine culpa, non tamen sine causa.
526 2275 2283 2335 Transgressorem vero passim & temerarie sine causa rationabili, aestimo quod non solum obligat ad poe
524 2332 2288 2397 nam sed ad culpam. Quia statutum ex intentione statuentis rationabiliter implicat ne temerarie
520 2387 2281 2451 quis loquatur omnino & sub hac poena: sed tunc solummodo cum rationabilis causa occurrit, vt
526 2434 2287 2505 dictum est. Et sic transgressor temerarius talis statuti poenalis non potest ipsum transgredi absque
520 2490 2277 2550 omni culpa soluendo poenam. Et simile est de statutis principum & praelatorum in consimili ma-
527 2551 1326 2625 teria. Ex quo patent obiecta vtriusque partis.
858 2624 2287 2715 Equuntur pertinentia ad statum culpae siue peccati. Et erat vnicum de reuela-
862 2707 2282 2763 tione peccati alieni. Et quaedam alia de commissione peccati proprii. Primum erat.
877 2760 2282 2824 Vtrum liceat dicere in confessione peccata aliena. ET arguitur quod sic. Quia li
859 2817 2286 2874 citum est peccata aliena deflere: ergo & consilium super eorum expiatione pe-
860 2871 2291 2937 tere. Quod non posset esse nisi alterius confessionem reuelando. ergo &c. CON-
858 2916 2291 2986 tra. Super illud, Dixi confitebor aduersum me iniustitiam meam domino. dicit
861 2980 2279 3037 glossa. Peccata propria confiteri debemus non aliena. ergo &c. DIcendum ad
525 3029 2291 3094 hoc: quod peccatum alienum potest homo reuelare in confessione dupliciter. Et secundum hoc diuersi
529 3084 2290 3141 mode diuersos modos confitendi tetigerunt duo obiecta. Vnum eorum processit secundum vnum
531 3137 2296 3217 modum: aliud vero secundum alium. Est enim confessio qua homo se ostendit sacerdoti ad confitendum sua peccata
