2471 3730
497 351 2289 456 atur: & per consequens nec in aliquo quod agit in ebrietate tali. Vnde si forte filiae Loth talem haerbam ha
502 441 2291 508 buerunt de cuius succo gutta vna vino commixta continuo de necessitate hominem violenter inebriat: &
502 494 2283 560 super tali facto non debuit Loth suspitionem aliquam habuisse contra filias suas: ex actu inebriationis
493 556 2289 619 non peccasset, neque ex concubitu cum filiabus subsequente ex inebriatione. Quia huiusmodi commissa
506 609 2289 665 nullo modo erant voluntaria: sicut nec facta furiosorum. de quibus dicit Ambrosius in Hexameron.
504 658 2292 725 Voluntarios reos non necessitate compulsos culpa constringit: poena condennat. Neque enim si per furo
501 717 2286 777 rem aliquis innocentem perimat, obnoxius morti est. Similiter si tale malum contingat fieri ab ebrio
512 762 2288 825 super quo non debuit sibi prouidere cum erat sobrius: non imputatur ei omnino. Et quod aliqua talium inue
510 820 2284 887 niantur, patet: quia non de omnibus malis quae per ipsum praesent contingere, etiam cum manet in sobrietate
507 872 2287 943 debet sibi homo intantum prouidere quin ab ipso in casu possint fieri sine omni peccato. secundum quod Phi
509 926 2283 984 losophus in quinto Ethicorum distinguit ea quae fiunt in ignorantia, dicens: quod quando aliquid
503 986 2292 1049 sit talium paralogice, infortunium dicitur: quando autem non paralogice, peccatum. Vbi dicit Commenta
512 1032 2290 1093 tor. quod paralogice facta sunt illa quae raro fiunt & inexparta: de quibus non debet homo opinari quod debeant fieri. &
509 1088 2283 1152 exemplum ponit supradictum de emissione sagittae: licet non sit competens ex toto: quia sagittam emit
512 1143 2288 1211 tere in incerto homo nusquam debet. sed exemplum est bonum si alicui supponatur in lecto suo mulier
514 1196 2281 1256 aliena loco suae: sicut lacob supposita fuit Lia loco Rachel. Genesis. xxix. secundum quod hoc dicitur
511 1259 2283 1321 xv. quaestid est in. S. Ex praemissis. vbi reprobatur dictum exemplum de sagitta. Caecitas ignorantiae similis
516 1308 2281 1372 est. ex vtraque enim quae dam fiunt quae imputantur: quaedam vero minime. Caecus vero si debitum vxo-
519 1362 2284 1421 ri suae credens se reddere alienam polluit: non est reus adulterii. Si autem ludo vel exercitatione vel ve-
513 1409 2280 1478 natione iaculum mittens alium perimat, quia ab eo hoc penitus debet esse alienum, homicidii reus
521 1462 2291 1519 habetur. Dicendum ergo quod ebrius inebriando se commirtit peccatum omissionis circa omnia de qui-
518 1512 2280 1579 bus debet esse cautus ne sibi contingant: de quibus debet timere ne in ebrietate ei eueniant: circa alia
527 1569 2290 1624 autem nequaquam. Sed hoc secundum magis & minus: secundum quod de vno maior debet adhiberi caute
518 1624 2288 1690 la quam de altero & magis ab vno quam ab altero: lta quod si alicuius nunquam sequatur actus, bene potest tamen esse
518 1675 2292 1737 de eo peccatum omissionis in prima voluntate inebriationis: sicut potest esse in illo qui manet in so-
517 1732 2276 1796 brietate. sed cum in ebrio actus sequitur: sit peccatum commissionis secundum dictum modum pom
522 1787 2293 1851 derandum in culpa iuxta peccatum omissionis in prima voluntate secundum maiorem vel mino
516 1843 2292 1903 rem contemptum. Semper tamen in eodem genere peccati culpa minor est super facto ab ebrio quam a sobrio: & sem
517 1890 2293 1960 per danmnatur magis omissio in eo quod quis incaute & leuiter permittit se inebriari, quam ipsum factum con-
517 1943 2286 2014 missum. Vnde Ambrosius de Priarchis & habetur. xv. quod i. Sane diximus ebrietatem vitandam: per quan
525 2006 2294 2064 crimina cauere non possumus. Nam quae cauemus sobrii, per ebrietatem ignorantes committimus. Ne-
526 2051 2284 2112 sciunt quid loquantur qui nimio vino indulgent: iacent sepulti. ldeoque siqua per vina deliquerunt
521 2104 2298 2171 apud sapientes iudices, venia quidem facta donantur. i. minori poena quam si ex certa scientia fecissent: sed
526 2157 2289 2216 leuitatis danmnantur auctores. i. redarguunt eos quia fuerunt nimis faciles ad inebriandum. Alii vero
525 2212 2292 2281 intelligunt quod homo non punitur pro eo quod fecit ebrius: sed tantum pro eo quod leuis erat ad inebri
531 2265 2294 2334 andum se. Sed hoc vltimum non est verum vt dictum est: nisi quia principaliter ratio peccati quid
522 2318 2292 2380 committitur in ebrietate consistit in illa leuitate omittendi qua sibi debuit prouidere ne exponeretur dis-
523 2371 2290 2442 crimini: & in tali statu in quo non potest cauere ebrius crimina illa quae caueret sobrius. lta forte quod
522 2425 2287 2492 etsi nuilum huiusmodi criminum in ebrietate committatur: omissio tamen cautelae per quam exponit se dis-
522 2489 2289 2553 crimini, vt defacili possit ea conmittere, peccatum est. Propter quod Pittacus vnus septem sapientum
523 2541 2295 2599 graecorum secundum quod recitat Philosophus in tertio Ethicorum, dixit quod ebriis debentur duplices incre
526 2590 2293 2655 pationes siue maledictiones. & hoc non, sicut quidam dicunt, vna pro peccato inebriationis: altera
528 2645 2293 2708 pro peccato commisso in ebrietate: puta homicidii vel adulterii: sed altera pro peccato omissionis cau
517 2694 2289 2763 telae contra illud peccatum quod posset committere in ebrietate: etsi forte propter bonam custodiam
527 2746 2286 2801 nuiium permitteretur committere. lta quod in omni actu inebriandi cuius principium est in ipso
525 2799 2288 2861 inebriante se, de quo loquitur ad literam, necesse sit incidere statim & simul duplex genus peccati
520 2855 2285 2922 vnum commissionis: alterum vero omissionis. Quid etiam potest esse multiplex vt patet ex iam determina
528 2906 2280 2965 tis. AD quartum dicendum: quod forte bene simile est de furioso ex sua culpa quamdiu manet in actu & ve-
521 2959 2288 3026 luntate siue consensu illius culpae: quod scilicet semper peccat in actu qnolibet malo quem agit ex furia: sicut
518 3017 2290 3081 ebrius ex sua culpa in omni actu malo quem agit ex ebrietate: & similiter de furioso non ex sua cul-
529 3067 2292 3136 pa, & similiter de ebrio non ex sua culpa: quod scilicet neuter eorum peccat in actu malo facto in furia
529 3129 2289 3192 vel ebrietate: sicut dictum est. Sed de furioso ex sua culpa post poenitentiam perfectam, & ebrioso, non
515 3190 2282 3256 est simile. Quia enim ebrius ex sua culpa nemo potest esse nisi per totam illam ebrietatem sit in
