2436 3704
170 308 1973 396 accidens ipsum esse vt dictum est, & aliud re: sed tanquam effectus diuinus in effectu diuina similitudine informa-
177 386 1971 455 tus per creationem, quod est forma essendi intrans ipsam essentiam rei vt dictum est. Vnde ad expositionem huius pri-
166 429 1976 510 mae hebdomadis subdit statim secundam dicens. Quod est vt essentia creaturae participare aliquo potest scilicet ipso esse
172 485 1966 550 actuali recepto a deo vt dictum est, sed ipsum esse scilicet purum & increatum: nullo modo aliquo participat: quia esse
170 534 1964 602 suum in quo habet omnia habet a se. Et tunc sequitur in eadem hebdomade: vnde sumptum est sextum argumentum. Fit enim
172 592 1971 670 participatio esse scilicet cum aliquid iam est scilicet ex eo quod per creationem recipit participationem esse vt dictum est. Et hoc est quod
176 659 1963 711 dicit illud quod assumptum fuit de quinta hebdomade: Omne quod est participat eo quod est esse vt sit. Non autem
169 701 1961 772 est intelligenda illa prima regula. fit enim participatio cum aliquid iam est: vt scilicet prius existat in actu ipsum quod
170 757 1962 815 est: & tunc adueniat ei participatio esse: vt aeri illuminatio a sole: sicut procedit argumentum: sed vt participando
169 808 1950 885 habeat quod existat. vnde sequitur. Est autem aliquid cum iam esse susceperit: non autem prius vel post id fit enim participa-
171 861 1965 925 tio &c. Exponitur de participatione accidentium in substantia praeexistenti quibus potest participare substantia crea
172 918 1959 983 ta suscepto prius esse: vt corpus albo aut nigro. & tunc habet argumentum locum: quia tale non potest partici
168 969 1954 1043 pare substantia increata. sed de hoc est sermo in sequenti tertia hebdomade: quia enim in istis duabus hebdo
165 1030 1954 1090 madibus assignauit differentiam dei & creaturae penes participare ipso esse & non participare, ne credatur
168 1076 1955 1145 quod non sit vlterior eorum differentia penes participare & non participare addit differentiam eorum in tertia he
170 1130 1953 1200 bdomade: dicens id quod est: vt creata substantia, habere aliquid: vt accidens in se praeterquam ipsum quod est: vt cor
168 1188 1944 1245 pus colorem praeter suam corporeitatem. lpsum vero esse vt substantia increata nihil praeter se habet admixtum si-
164 1240 1958 1313 bi tanquam accidens eius. Et ne credat aliquis quod nulla est differentia in participando esse a creatura: & habere ali
157 1297 1953 1357 quid praeter id quod ipsa est, subiungit quarta hebdomade: in qua assignat illorum differentiam dicens. Diuersum tamen
164 1354 1954 1407 q.d. ita dictum est quod id quod est potest participare aliquo vt esse: vt dictum est in secunda hebdomade, & habere
165 1407 1953 1479 aliquid praeterquam id quod est: vt in tertia hebdomade. Et licet vtrumque sic conuenit ei: tamen diuersum est esse aliquid
160 1458 1948 1535 scilicet habendo aliquid praeterquam quod ipsum est: vt in tertia hebdomade. & esse aliquid in eo quod est: hoc est in partici
169 1508 1946 1586 pante ipso esse: vt in secunda hebdomade. & in quo est diuersum, subiungit. lllic enim scilicet in primo membro: acci
161 1574 1946 1634 dens: hic scilicet in secundo membro substantia significatur. quod multum notandum est ad propositum nostrum: quod esse non sit acci-
165 1621 1944 1695 dens: sed idem re cum essentia rei. & hoc est quod magis exprimit hebdomas sequens: omne quod est subsistens participat
159 1666 1949 1749 eo quod est esse: non quidem vt per hoc sit aliquid album nigrum aut huiusmodi: sed solummo vt eo sit: alio vero vt accidente
165 1726 1946 1801 participat vt eo aliquid sit: vt ens album vel nigrum. at per hoc quod illa participatio qua est simpliciter, prior est
155 1784 1942 1841 naturaliter quam illa qua est aliquid: id quod est participat eo quod est esse vt sit. Est vero prius naturaliter vt deinde
166 1824 1944 1899 per accidens participet mediante esse aliquo quolibet quo sit aliquid: vt accidente. in quo apte declarat quod esse non
155 1889 1940 1965 sit accidens. SEquitur sexta hebdomas propter solutionem vltimae rationis fundatae super septima hebdo. dicit
151 1945 1945 2015 ergo. Omne simplex cuiusmodi est solus deus, & diuinae personae secundum conmentatorem, esse suum, & id quod est vnum
156 1985 1948 2070 habet: quia in deo idem sunt omnino ee & essentia & re & intentione: vt in aliis quaestionibus expositum est. omni autem
146 2048 1940 2128 composito: vt omni creaturae, aliud est esse quod est non re sed intentione, inquantum quod est, ad esse, non esse
154 2093 1941 2170 indifferens est. quae diuersitas in deo non cadit vt dictum est: quia vt dicit commentator de creatura: quoniam alio
150 2155 1942 2233 est, alio aliquid est: & si non ex diuersis subsistentibus constat: ipsum concretum atque compositum est. & haec
154 2195 999 2271 est illa compositio quae est ex esse, & ex essentia.
487 2259 1937 2349 Equuntur quaestiones de creatura in speciali: & proponebatur vna quaestio de primo principio
483 2312 1943 2402 materiali scilicet de Hyle primordiali materia, plures vero de vltimo principio formali scilicet
471 2365 1937 2454 de anima rationali: & plurimae de composito ex vtroque scilicet de homine. De materia erat quaestio
489 2422 1924 2509 Vrum posset existere per se sine forma. Ex arguebatur quod sic: quia magis remotum est acci-
480 2471 1931 2553 dens a per se subsistente cuiusmodi est substantia quam materia: quia materia substantia est
478 2544 1937 2614 & pars substantiae compositae: non sic accidens. ergo magis potest materia per se subsistere quam ac
471 2573 1939 2670 cidens: sed accidens potest per se subsistere: vt in sacramento altaris. multo fortius ergo & ma
165 2639 1934 2730 teria potest per se subsistere. CONtra. Materia id quod est in potentia est nullum habens actum nisi a forma: sed
157 2693 1938 2778 quod subsistit in actu est. materiam ergo per se subsistere est non habens actum vel existens solum in potentia habere
149 2753 1932 2828 actum vel in actu existere: quae sunt incompossibilia. ergo & primum. HIC primo oportet excludere
151 2793 1932 2888 falsam imaginationem quam habent quidam de materia: videlicet quod nihil sit nisi potentia quaedam. & ita
151 2856 1934 2941 quantum est de se non est: quia quod solum est in potentia inquantum huiusmodi non est: ita quod in sua natura
150 2907 1931 2989 tantum appropinquat non enti, quod si careat forma: statim cadat in non ens. Vnde Plato tangens debilitatem esse
153 2952 1930 3049 materiae in secundo Timaei, dicit quod mira quadam & incomprehensibili ratione inter nullam & aliquam
152 3014 1932 3091 substantiam posita videtur. & secundum Augustinum libro duodecimo confessionum. capitulo vi. Prope nihil erat quod infor
148 3063 1934 3154 me erat, iam tanem quod informari poterat: fecisti de nulla re poene nullam rem. vnde & Augustinus dicit se
153 3121 1932 3209 quandoque putasse nihil eam esse posse nisi sub forma: cum dicit libro duodecimo confessionum. capitulo
148 3168 1932 3280 iiii. Suadebat enim vera ratio: vt omnis formae qualescumque reliquias omnino detrahere si vellem prorsus
