2431 3701
473 276 2262 391 omnino informe cogitatem: & non potui. Citius enim non esse censebam quod omnino forma priuatur, quam cogita
472 378 2258 441 rem quiddam inter formam & nihil, nec formatum nec nihil: informe prope nihil. Si dici potest nihil aliquid &
477 423 2266 495 est quod non est: hoc eam dicerem. Vnde & propter praedicta dicit Auicenna in v Metaphysica suae. Materia est quiddam
477 484 2268 555 quod non habet esse per se vllo mon: nec est in effectum, nisi per formam. ET quamquam materia ita sit prope nihil quod sit me
478 529 2260 598 dia inter ens actu perfectum sub forma, non ens, ipsa tamen in sua natura aliquid est. secundum quod dicit Augustinus li
479 583 2252 655 bro, xii. confessionum. Non est corpus, non forma, non color, neque species: non tamen omino nihil. Et id quod est, a
481 640 2263 708 deo factum atque creatum est: secundum quod dicit Augustinus libro i super Genesim, capitulo xix. Nec dubitandum est
476 700 2265 761 ita esse vtcunque istam informem materiam prope nihil: vt non sit facta nisi a deo. & hoc ita: quod licet fecit eam
477 744 2252 814 sub forma, vt simul tempore fuerint semper materia & forma: origine tamen & natura prius est esse,
477 801 2275 879 & creatio materiae quam formae in ipsa: vt non tam creata sit in materia quam genita de materia. secundum quod dicit
474 852 2270 927 Augustinus libro xiii. confessionum, capitulo xxxiii. loquens de forma. Non de nihilo a te facta sunt: sed de con-
480 912 2261 976 creata id est simul a te creata materia: quia eius informitatem sine vlla interpositione temporis forma-
483 959 2269 1034 sti. Nam cum aliud sit caeli & terrae materies, & species: materiam autem de omnino nihilo: mundi autem
476 1016 2267 1089 speciem de informi materia simul vtrumque fecisti: vt materiam forma nulla morae intercapedine sequeretur. &
478 1069 2267 1149 Augustinus i libro de Genese contra Manich. Etsi omnia de ista materia formata sunt, haec ipsa tamen materia
482 1123 2271 1193 de nihilo facta est. Vnde licet materia habet esse suum in composito: non tamen habet id quod est a for-
483 1177 2269 1247 ma: sed tantum esse eius tale, quod scilicet sit pars compositi. & hoc ideo quia forma est formae materia, non au-
486 1230 2270 1302 tem causa formalis materiae: sed solius compositi. secundum quod dicit Auicenna. vi. Metaphysica suae. For-
485 1284 2274 1353 ma non est nisi formalis causa compositi ex materia & forma. ergo forma non est nisi forma materiae &
487 1341 2262 1409 non est causa formalis materiae. Nec solum materia aliquid est praeter id quod est forma: sed etiam inquan
490 1389 2270 1462 tum est aliquid boni est indifferens a bono quod est forma. & hoc a deo est: secundum quod dicit Augusti
487 1454 2273 1521 nus libro de natura boni. Hylen dico quandam penitus informem & sine qualitate materiam: vnde istae
488 1502 2267 1581 quas sentimus qualitates formantur, quae non per aliquam speciem sentiri, sed omnimodam speciei
489 1551 2266 1635 priuationem cogitare vix potest, habet enim & ipsa capacitatem formarum. Nam si capere ab artifice formam
480 1605 2266 1674 non posset, nec materies vtique diceretur. Porro si bonum aliquod est forma, proculdubio etiam aliquod
484 1671 2266 1731 bonum est capacitas formae: & Augustinus libro de vera religione, Bonum est formatum. Nonullum
487 1712 2269 1784 ergo bonum est capacitas formae. & ideo bonorum auctor omnium qui praestitit formam fecit & pos-
483 1754 2331 1843 se formari. QVlA igitur materia non ita est prope nihil: nec ita in potentia: quin sit aliqua natu-
478 1822 2272 1904 ra & substantia quae est capax formarum differens per essentiam a forma: nec habet esse suum quo est
483 1886 2276 1955 quid capax formarum a forma, sed a deo, & immediatius quam ipsa forma, ita quod ipsarum formarum produ
489 1929 2273 2001 ctio quodammodo magis, proprie poterit dici formatio quaedam de ipsa materia quam creatio: non est dicendum
490 1981 2272 2067 propter debile esse, & potentiale materiae, quod omnino possibilitas esse eius simpliciter dependeat a forma, sed
481 2043 2276 2112 magis econuerso: immo ipsa est susceptibilis esse per se, tanquam per se creabile & propriam habens ideam in
492 2089 2273 2172 mente creatoris. Et licet secundum communem cursum institutionis naturae sic sit facta materia: vt ali
495 2149 2272 2224 qua actione naturae non possit omnino spoliari forma: quia actione pura naturae non est vnius corru-
499 2194 2280 2283 ptio sine alterius generatione: tamen actione creatoris spoliari potest ab onimi forma, vt illud quod formae est
490 2251 2274 2322 dimittat suae naturae ne conseruetur ab ipso: & ideo cadit in nihilum: id autem quod materiae est, in esse conseruet
507 2303 2277 2384 per se cuius ipsa est susceptibilis. Non enim minus potens est deus materiae esse conseruare quam ipsam creare: immo
495 2355 2279 2436 si non conseruaret nec in composito staret, nec minus potens est eam per se creare quam esse formae in composito concrea
493 2408 2273 2488 re: cum natura & origine eius esse in actum creationis compositi praecedat esse formae & compositi, licet non tem-
498 2465 2277 2552 pore vt dictum est. SlMpliciter ergo dicendum quod actione diuina supernaturali materia potest per se subsistere nu
498 2527 2279 2602 da ab omni forma, & hoc multo magis quam accidentia: vt dicit ratio ad hoc inducta. vnde qui modo negant mate-
494 2566 2283 2654 riam dei actione posse stare sine forma, nisi esset clarum quod fide tenendum est quod accidentia subsistunt sine subie
499 2627 2279 2716 cto in sacramento altaris, multo magis negarent dei actione accidens posse stare sine subiecto. AD argu
487 2679 2282 2769 mentum physicum quo vane sustentati sunt, quod materia de se est in potentia nullum habens actum fine forma: & esse
500 2734 2282 2816 subsistens est in aliquo actu: quia esse est actus entis &c. vt argumentum istud intelligatur procedere ex defe-
500 2789 2273 2869 ctum philosophiae non determinantis omnem modum essendi: non autem ex contrarietate eius ad Theologicam veritatem
494 2845 2281 2930 sciendum secundum quod dicit conmentator super secundam Hebdomadem Boetii: quod in philosophia & in theologia esse simpliciter
496 2897 2274 2982 & esse aliquid circa quamcumque rem multipliciter dicuntur. Nam in Theologia quod aliquid dicitur esse hoc intelligunt the
500 2951 2268 3035 ologi quadam extriseca denominatione ab esse primi principii: qua scilicet participant diuino esse inquantum sunt si
494 3005 2278 3088 militudo quaedam diuini eem vt dictum est supra. Quod autem aliquid dicitur esse: vt homo vel corpus, vel aliquid huiusmodi: hoc di
498 3071 2280 3141 cunt ei conuenire quadam denominatione intrinseca a natura suae essentiae. Verbi gratia. Non dicunt theologi quod cor
506 3116 2279 3197 pus habet esse corporeitate: sed esse aliquid: nec homo habet esse humanitate: sed esse aliquid. & eodem modo
504 3162 2279 3264 vnumquodque aliorum participatione quadam esse primi principii dicitur esse simpliciter: ex natura autem quadam sui generis dicitur
