2446 3701
209 264 1985 357 gratia, humanitas dicitur esse hominis natura. secundum quam dicitur quod homo est homo. Homo vero dicitur
208 347 1984 413 esse suppositum, siue res naturae. Similiter (si liceat fingere nomen) angelitas dicitur esse natura. Ange
201 398 1982 465 lus vero dicitur esse res naturae. vt ponamus esse naturam & rem naturae & compositionem ex eis in omni crea
200 455 1976 521 tura tam corporali quam spirituali, vt alibi declarauimus, quamuis differenter. Quid primo inspiciendum est in rebus
200 515 1976 575 corporalibus & materialibus: deinde in rebus spiritualibus & immaterialibus. EST igitur sciendum, quod in rebus ma
202 547 1979 625 terialibus, vt sunt homo, & asinus, & huiusmodi. secundum considerationem & modum intelligendi aliud est quiditas: aliquae quid
211 614 1968 681 quid est: aliud illud cuius vtrumque illorum est. verbi genera, quiditas est ipsa essentia dicta nomine absoluto, vt hu
206 670 1970 732 manitas, asininitas. Id vero cuius est, est res ipsa, vt homo iste homo, asinus iste asinus. Quidquid est autem, est eius defi
203 718 1975 779 nitiua ratio continens principia rei essentialia expressa per definitionem. Quae dupliciter habent assignari secundum
206 777 1976 840 duplicem considerationem rei in se subsistentis: intellectu scilicet physico & metaphysico. Physicus enim
207 826 1981 890 intellectus considerat principia ex quibus res habet componi in esse naturae. scilicet materiam, vt est subiectum transmu
204 891 1974 950 tationis & generationis naturalis: & formam, vt est altera pars compositi inducta per generationem natura
206 937 1976 992 lem in composito. Metaphysicus vero considerat principia ex quibus res habet componi in esse intentionali
202 985 1976 1045 & cognoscitiue scilicet materiam, vt est quiddam potentiale impefectum perfectibile per formam secundum esse incompletum, quod signi
204 1035 1985 1100 ficatur nomine generis, & completum quod significatur nomine speciei: quae complectitur secundum hoc sub ratione formae totum
206 1096 1976 1164 compositum ex materia & forma, vt iam patebit. Vnde cum homo differenter cadit & in consideratione physica
209 1149 1974 1215 vt est compositum quoddam naturae, & in consideratione metaphysica, vt est compositum rationis ex intentionibus: se-
207 1205 1972 1264 cundum hoc etiam differenter hominem definiunt physicus & metaphysicus. Physicus enim definit hominem
207 1255 1977 1320 dicens: quod est compositum ex anima & corpore: Metaphysicus autem definiens hominem dicit quod est animal rationale. Et sicut
207 1308 1971 1374 physicus incipit suam considerationem a singularibus, quorum est per se generatio, vt ab hoc homine, considerando in ipso
207 1364 1976 1428 compositionem ex hac anima singulari & ex hoc corpore, & ab illo alio abstrahit hominem simpliciter, quem con
203 1418 1973 1484 siderat esse compositum ex anima simpliciter, & corpore simpliciter: & ibi stat & sistit: sic metaphysicus incipit
202 1464 1970 1542 suam considerationem a maxime vniuersali: considerando materiam omnium corporalium vt vnam & simplicem
211 1524 1983 1586 quantum est de se, & vt potentiale quid sub esse formae incompletissimae & conissimae ad omnia corruptibilia
214 1580 1975 1637 verbi gratia corporeitatis commnis ad corpus simpliciter elementare & ad mixtum: & illam considerat sub ratione for
210 1635 1980 1688 mae generis, vt includentis in se materiam omnium corporalium sub ratione incompletissima formae: & ita vt compo
210 1681 1975 1741 situm formale incompletissimum continens in potentia differentias omnes quibus determinari potest & compleri. est
218 1739 1975 1807 enim forma cuiuslibet differentiae tanquam complementum formae generis, vt ex ambabus sicut ex incompleto
214 1792 1979 1847 & complemento fiat vnum completum. scilicet forma speciei, & maximae vltimae scilicet specificae. Si enim inter
215 1843 1983 1911 primum genus & speciem specialissimam sunt plures differentiae constitutiuae specierum subalternarum
214 1899 1977 1957 omnes illae vnam faciunt constitutiuam vltimae speciei, vel cadunt in formam generis, cum per diuisionem fuerint
219 1953 1967 2008 venatae & appositae generi, secundum artem venandi definitionem, traditam in libro Posteriorum Aristotelis
211 1999 1975 2078 & diuisionum Boetii, quousque deueniatur ad vltimam differentiam in qua statur: appositione cuius
214 2061 1979 2122 ad genus constituitur species atoma: quae non recipit additionem differentiae: neque diuisibilis est se
217 2111 1978 2171 cundum formas specificas: sed per formas singulares secundum diuersas partes materiae. Mate-
218 2169 1975 2220 ria enim naturalis ad omnia communicantia eam ex se vna & simplex nata est esse, & in continuo
217 2220 1983 2274 sub prima forma corporali vnica, totam materiam corporeitate vnica informante. Quae primo di
211 2270 1979 2333 uiditur & multiplicatur secundum diuersa continua per formas differentes secundum speciem.
213 2321 1980 2390 Actus enim diuidit, secundum philosophum in septimo metaphysicae. Forma vero naturalis vlti-
215 2378 1981 2441 ma specifica singularum rerum, quae ex se vnica, & per se tota nata existere in vno supposito, & in
221 2437 1973 2495 vna materia, vltimo diuiditur & multiplicatur secundum diuersa supposita conuenientia in spe
215 2491 1978 2553 cie: sed differentia in numero: & hoc per diuersas materias, vt diuisionis materiae primae sint pri-
214 2545 1970 2594 mo diuersae formae specificae: diuisionis vero formae vltimae sint diuersae materiae. Generans au-
221 2598 1980 2646 tem non generat aliud nisi per materiam, secundum philosophum ibidem. Et sic consideratio
223 2650 1973 2712 metaphysica incipit a materia & forma sub ratione vniuersalis sine composito ex eis: & terminatur
219 2701 1978 2767 ad eandem sub ratione singularis. Consideratio vero physica procedit econtrario a singulari incho
215 2770 1976 2825 ando, & in vniuersali terminando. Et ideo dicit physicus partes compositi esse materiam ex vna
221 2809 1982 2873 parte, et formam perfectam ex altera: verbi gratia, in homine corpus et animam: vt intelligamus
216 2864 1979 2926 corpus ad modum materiae purae, et animam pro tota ratione formali: si anima comprehendat
214 2910 1982 2978 quicquid est formale in homine. Metaphysicus vero dicit partes compositi esse formam generis
215 2961 1976 3030 sub qua comprehendit materiam et differentiam, quae est complementum additum ad for-
222 3023 1976 3089 mam generis in specie, vt ita sit omnino idem re compositum, & definitiones eius diuersae, secun-
224 3076 1978 3133 dum metaphysici et physici considerationem. Idem enim re quod intelligit physicus, cum di-
217 3124 1981 3210 cit hominem esse corpus et animam: intelligit metaphysicus, cum dicit quod est animal rationale. Materiam
