<?xml version="1.0" encoding="UTF-8" standalone="yes"?>
<PcGts xmlns="http://schema.primaresearch.org/PAGE/gts/pagecontent/2013-07-15" xmlns:xsi="http://www.w3.org/2001/XMLSchema-instance" xsi:schemaLocation="http://schema.primaresearch.org/PAGE/gts/pagecontent/2013-07-15 http://schema.primaresearch.org/PAGE/gts/pagecontent/2013-07-15/pagecontent.xsd">
    <Metadata>
        <Creator>prov=University of Rostock/Institute of Mathematics/CITlab|PLANET AI GmbH/Gundram Leifert/gundram.leifert@planet-ai.de:name=Badius1518-m5(htr_id=23184)::::v=2.6.6
prov=University of Rostock/Institute of Mathematics/CITlab|PLANET AI GmbH/Tobias Gruening/tobias.gruening@planet-ai.de:name=de.uros.citlab.module.baseline2polygon.B2PSeamMultiOriented:v=2.6.6
prov=University of Rostock/Institute of Mathematics/CITlab|PLANET AI GmbH/Tobias Gruening/tobias.gruening@planet-ai.de:name=/net_tf/LA73_249_0mod360.pb:de.uros.citlab.segmentation.CITlab_LA_ML:v=2.6.0
Transkribus</Creator>
        <Created>2019-12-09T23:46:44.670+01:00</Created>
        <LastChange>2020-04-22T15:10:04.460+02:00</LastChange>
        <TranskribusMetadata docId="291873" pageId="11634661" pageNr="224" tsid="28134477" status="IN_PROGRESS" userId="25065" imgUrl="https://files.transkribus.eu/Get?id=ISVIYBAUCDHVBWZJMBTEJUKI&amp;fileType=view" xmlUrl="https://files.transkribus.eu/Get?id=ANDYAYBDCFGSVMDXYONUMQNQ" imageId="8013702"/>
    </Metadata>
    <Page imageFilename="223.jpg" imageWidth="2455" imageHeight="3767">
        <ReadingOrder>
            <OrderedGroup id="ro_1587600615014" caption="Regions reading order">
                <RegionRefIndexed index="0" regionRef="TextRegion_1581441167960_2689"/>
            </OrderedGroup>
        </ReadingOrder>
        <TextRegion orientation="0.0" id="TextRegion_1581441167960_2689" custom="readingOrder {index:0;}">
            <Coords points="483,282 2274,282 2274,3272 483,3272"/>
            <TextLine id="r2l2" custom="readingOrder {index:0;}">
                <Coords points="494,336 2286,340 2215,245 2073,296 494,274"/>
                <Baseline points="505,326 593,328 681,330 770,331 858,332 947,332 1035,332 1124,332 1212,331 1301,331 1389,330 1477,330 1566,329 1654,329 1743,328 1831,328 1920,328 2008,329 2097,330 2185,331 2274,333"/>
                <TextEquiv>
                    <Unicode>enim quam physicus intelligit per essentiam distinctam contra totam formam, intelligit metaphysicus sub forma</Unicode>
                </TextEquiv>
            </TextLine>
            <TextLine id="r2l3" custom="readingOrder {index:1;}">
                <Coords points="505,409 2282,409 2281,351 2076,336 505,345"/>
                <Baseline points="515,383 602,385 690,386 778,387 866,388 953,388 1041,388 1129,388 1217,387 1304,387 1392,386 1480,386 1568,385 1655,385 1743,384 1831,384 1919,384 2006,385 2094,385 2182,386 2270,387"/>
                <TextEquiv>
                    <Unicode>generis, &amp; in incompleto composito, quod intelligit nomine generis: &amp; formam illam quam physicus considerat sub ratione to</Unicode>
                </TextEquiv>
            </TextLine>
            <TextLine id="r2l4" custom="readingOrder {index:2;}">
                <Coords points="503,451 2279,460 2206,396 503,409"/>
                <Baseline points="513,440 600,441 688,442 776,442 864,443 952,443 1039,443 1127,442 1215,442 1303,442 1391,441 1478,441 1566,440 1654,440 1742,440 1830,440 1917,440 2005,440 2093,441 2181,442 2269,443"/>
                <TextEquiv>
                    <Unicode>tius, &amp; simplicis secundum rem, metaphysicus diuidit secundum intellectum penes incompletum, quod secundum ipsum pertinet</Unicode>
                </TextEquiv>
            </TextLine>
            <TextLine id="r2l5" custom="readingOrder {index:3;}">
                <Coords points="500,511 2285,531 2235,454 500,451"/>
                <Baseline points="510,496 598,497 686,498 774,498 862,498 951,499 1039,499 1127,498 1215,498 1303,498 1392,498 1480,497 1568,497 1656,497 1744,497 1833,497 1921,497 2009,498 2097,498 2185,499 2274,500"/>
                <TextEquiv>
                    <Unicode>ad rationem generis, &amp; penes completum, quid est forma differentiae, ex quibus secundum ipsum constituitur perfecta forma spe</Unicode>
                </TextEquiv>
            </TextLine>
            <TextLine id="r2l6" custom="readingOrder {index:4;}">
                <Coords points="505,568 2270,577 2270,512 505,513"/>
                <Baseline points="516,551 603,553 690,553 777,554 864,554 952,555 1039,555 1126,554 1213,554 1300,554 1388,554 1475,553 1562,553 1649,553 1736,552 1824,552 1911,552 1998,553 2085,553 2172,554 2260,555"/>
                <TextEquiv>
                    <Unicode>ciei. Vnde idem re est animal rationale, &amp; anima, &amp; corpus in homine simpliciter, &amp; econuerso, &amp; hoc animal, &amp; hoc rationale</Unicode>
                </TextEquiv>
            </TextLine>
            <TextLine id="r2l7" custom="readingOrder {index:5;}">
                <Coords points="502,624 2272,634 2272,577 2100,563 502,573"/>
                <Baseline points="513,608 600,609 687,609 775,610 862,610 950,610 1037,610 1124,609 1212,609 1299,609 1387,609 1474,608 1561,608 1649,608 1736,608 1824,608 1911,608 1998,609 2086,609 2173,610 2261,611"/>
                <TextEquiv>
                    <Unicode>&amp; haec anima, &amp; hoc corpus in hoc homine: &amp; est idem re homo, &amp; iste homo, vt consideratur vno modo compo</Unicode>
                </TextEquiv>
            </TextLine>
            <TextLine id="r2l8" custom="readingOrder {index:6;}">
                <Coords points="498,670 2272,683 2272,630 2128,617 498,626"/>
                <Baseline points="509,664 596,664 684,665 771,665 859,665 947,665 1034,665 1122,665 1210,664 1297,664 1385,664 1473,664 1560,664 1648,664 1736,664 1823,664 1911,664 1999,664 2086,665 2174,665 2262,666"/>
                <TextEquiv>
                    <Unicode>ni &amp; alio., quoniam in omnibus huiusmodi non cadit differentia nisi secundum rationem, &amp; modum considerandi. Ex quo </Unicode>
                </TextEquiv>
            </TextLine>
            <TextLine id="r2l9" custom="readingOrder {index:7;}">
                <Coords points="500,748 2272,741 2244,676 500,677"/>
                <Baseline points="512,720 599,720 687,721 774,721 862,721 949,721 1037,721 1124,721 1212,721 1299,721 1387,721 1474,720 1562,720 1649,720 1737,720 1824,720 1912,720 1999,720 2087,721 2174,721 2262,721"/>
                <TextEquiv>
                    <Unicode>patet, quomodo quidquid est secundum vtrumque modum, idipsum est, &amp; idem cum re cuius est. Sed non adhuc patet ex hoc</Unicode>
                </TextEquiv>
            </TextLine>
            <TextLine id="r2l10" custom="readingOrder {index:8;}">
                <Coords points="505,799 2277,805 2277,739 2188,728 505,743"/>
                <Baseline points="515,775 602,776 690,776 777,776 865,776 952,776 1040,776 1127,776 1215,775 1302,775 1390,775 1478,775 1565,774 1653,774 1740,774 1828,775 1915,775 2003,775 2090,776 2178,777 2266,778"/>
                <TextEquiv>
                    <Unicode>quomodo quiditas siue essentia, vt humanitas, siue asininitas significata nomine absoluto, sit idem re cum eo cuius est</Unicode>
                </TextEquiv>
            </TextLine>
            <TextLine id="r2l11" custom="readingOrder {index:9;}">
                <Coords points="502,845 2270,853 2245,788 502,797"/>
                <Baseline points="514,831 601,831 688,831 775,832 863,832 950,832 1037,832 1124,832 1212,832 1299,831 1386,831 1473,831 1561,831 1648,831 1735,831 1822,831 1910,831 1997,832 2084,832 2171,833 2259,834"/>
                <TextEquiv>
                    <Unicode>vt cum homine &amp; asino: &amp; cum eo quod quid est eorum secundum vtrunque modum definiendi. </Unicode>
                </TextEquiv>
            </TextLine>
            <TextLine id="r2l12" custom="readingOrder {index:10;}">
                <Coords points="506,896 2267,905 2267,851 2041,840 506,848"/>
                <Baseline points="516,884 603,885 690,886 777,886 864,887 951,887 1038,887 1125,887 1212,887 1299,886 1386,886 1473,886 1560,886 1647,886 1734,886 1821,886 1908,886 1995,887 2082,887 2169,888 2256,889"/>
                <TextEquiv>
                    <Unicode>AD cuius intellectum sciendum: quod consideratio quiditatis sub ratione qua quiditas est, aut essen-</Unicode>
                </TextEquiv>
            </TextLine>
            <TextLine id="r2l13" custom="readingOrder {index:11;}">
                <Coords points="504,963 2263,961 2263,904 2203,899 504,903"/>
                <Baseline points="516,941 602,942 689,942 776,943 863,943 949,943 1036,943 1123,943 1210,943 1296,943 1383,943 1470,943 1557,943 1643,943 1730,943 1817,943 1904,943 1990,943 2077,943 2164,943 2251,944"/>
                <TextEquiv>
                    <Unicode>tia nomine absoluto considerata. scilicet veluti forma participabilis &amp; participata in composito per eam, habet esse id </Unicode>
                </TextEquiv>
            </TextLine>
            <TextLine id="r2l14" custom="readingOrder {index:12;}">
                <Coords points="504,1011 2263,1014 2241,954 504,963"/>
                <Baseline points="516,997 602,997 689,998 776,998 863,998 949,998 1036,998 1123,998 1210,998 1296,998 1383,998 1470,997 1557,997 1643,997 1730,997 1817,997 1904,998 1990,998 2077,998 2164,999 2251,999"/>
                <TextEquiv>
                    <Unicode>quod est, vt quod homo est homo humanitate: &amp; asinus est asinus asininitate: haec inquam consid eratio pertinet ad so</Unicode>
                </TextEquiv>
            </TextLine>
            <TextLine id="r2l15" custom="readingOrder {index:13;}">
                <Coords points="508,1069 2271,1069 2271,1013 508,1012"/>
                <Baseline points="518,1052 605,1053 692,1053 779,1054 866,1054 953,1054 1040,1054 1127,1054 1214,1054 1301,1054 1389,1054 1476,1054 1563,1053 1650,1053 1737,1053 1824,1053 1911,1054 1998,1054 2085,1055 2172,1056 2260,1057"/>
                <TextEquiv>
                    <Unicode>lum metaphysicum: cuius est propria abstractio huius formae. Et patet ex iam dictis, quod essentiae siue naturae est</Unicode>
                </TextEquiv>
            </TextLine>
            <TextLine id="r2l16" custom="readingOrder {index:14;}">
                <Coords points="501,1127 2067,1138 2266,1127 2266,1067 501,1072"/>
                <Baseline points="511,1107 598,1108 685,1108 772,1108 860,1109 947,1109 1034,1109 1121,1109 1209,1109 1296,1109 1383,1109 1470,1109 1558,1109 1645,1109 1732,1109 1819,1109 1907,1109 1994,1110 2081,1110 2168,1111 2256,1111"/>
                <TextEquiv>
                    <Unicode>identitas secundum rem cum eo cuius est: &amp; cum eo quid quid est de eo. secundum metaphysici considerationem. quoniam solum</Unicode>
                </TextEquiv>
            </TextLine>
            <TextLine id="r2l17" custom="readingOrder {index:15;}">
                <Coords points="499,1175 2269,1184 2225,1122 499,1124"/>
                <Baseline points="509,1164 596,1164 683,1164 771,1164 858,1164 946,1164 1033,1164 1121,1164 1208,1164 1296,1164 1383,1165 1470,1165 1558,1165 1645,1165 1733,1165 1820,1165 1908,1165 1995,1165 2083,1165 2170,1166 2258,1166"/>
                <TextEquiv>
                    <Unicode>modo differunt secundum rationem significandi &amp; intelligendi modo abstracto, &amp; concreto. Sicut enim re homo non est</Unicode>
                </TextEquiv>
            </TextLine>
            <TextLine id="r2l18" custom="readingOrder {index:16;}">
                <Coords points="493,1238 2257,1228 1973,1174 493,1185"/>
                <Baseline points="505,1219 592,1219 679,1219 766,1219 853,1219 940,1219 1027,1219 1114,1219 1201,1219 1288,1219 1375,1219 1462,1220 1549,1220 1636,1220 1723,1221 1810,1221 1897,1221 1984,1221 2071,1222 2158,1222 2246,1222"/>
                <TextEquiv>
                    <Unicode>nisi animal rationale, sic re non est humanitas nisi animalitas rationalitas, vt dicit Comment. supra. vii. me-</Unicode>
                </TextEquiv>
            </TextLine>
            <TextLine id="r2l19" custom="readingOrder {index:17;}">
                <Coords points="498,1286 2266,1296 2246,1227 498,1229"/>
                <Baseline points="510,1275 597,1275 684,1274 771,1274 859,1274 946,1274 1033,1274 1120,1274 1208,1274 1295,1274 1382,1274 1469,1274 1557,1275 1644,1275 1731,1275 1818,1275 1906,1276 1993,1276 2080,1277 2167,1277 2255,1277"/>
                <TextEquiv>
                    <Unicode>taphcae ldem ergo re sunt humanitas &amp; homo, siue vt considerantur a metaphysico, siue a physico: sicut idem</Unicode>
                </TextEquiv>
            </TextLine>
            <TextLine id="r2l20" custom="readingOrder {index:18;}">
                <Coords points="500,1341 2259,1344 2246,1291 500,1286"/>
                <Baseline points="512,1329 598,1329 685,1330 772,1330 859,1330 946,1330 1032,1330 1119,1330 1206,1330 1293,1330 1380,1330 1466,1330 1553,1330 1640,1330 1727,1330 1814,1331 1900,1331 1987,1331 2074,1332 2161,1332 2248,1333"/>
                <TextEquiv>
                    <Unicode>sunt animalitas rationalitas, &amp; animal rationale, differentia solum penes abstractum, &amp; concretum</Unicode>
                </TextEquiv>
            </TextLine>
            <TextLine id="r2l21" custom="readingOrder {index:19;}">
                <Coords points="499,1399 2260,1398 2114,1342 499,1341"/>
                <Baseline points="511,1385 597,1385 684,1385 771,1385 858,1385 945,1385 1032,1385 1119,1385 1206,1386 1293,1386 1380,1386 1466,1386 1553,1386 1640,1386 1727,1386 1814,1386 1901,1386 1988,1386 2075,1386 2162,1386 2249,1386"/>
                <TextEquiv>
                    <Unicode>Et per consequens idem est cum eis corpus &amp; anima, &amp; ipsa sunt idem cum eo quid est animal rationa</Unicode>
                </TextEquiv>
            </TextLine>
            <TextLine id="r2l22" custom="readingOrder {index:20;}">
                <Coords points="503,1465 2251,1464 2251,1409 2158,1398 503,1399"/>
                <Baseline points="514,1441 600,1442 686,1442 772,1442 859,1442 945,1441 1031,1441 1118,1441 1204,1441 1290,1441 1377,1441 1463,1441 1549,1441 1635,1441 1722,1441 1808,1442 1894,1442 1981,1442 2067,1443 2153,1444 2240,1444"/>
                <TextEquiv>
                    <Unicode>le, vt dictum est. Non enim potest dici quod aliqua res ad essentiam, &amp; substantiam pertinens addatur supposito super</Unicode>
                </TextEquiv>
            </TextLine>
            <TextLine id="r2l23" custom="readingOrder {index:21;}">
                <Coords points="491,1509 2256,1512 2203,1454 491,1467"/>
                <Baseline points="501,1497 588,1497 675,1497 762,1497 850,1497 937,1497 1024,1497 1111,1497 1199,1497 1286,1497 1373,1497 1460,1497 1548,1497 1635,1497 1722,1497 1809,1497 1897,1497 1984,1497 2071,1498 2158,1498 2246,1498"/>
                <TextEquiv>
                    <Unicode>essentiam, per quam ab ipsa substantialiter possit differre: quia talis res non potest esse nisi materia, vel for</Unicode>
                </TextEquiv>
            </TextLine>
            <TextLine id="r2l24" custom="readingOrder {index:22;}">
                <Coords points="494,1564 2262,1561 2211,1510 494,1515"/>
                <Baseline points="505,1554 592,1554 679,1553 766,1553 854,1553 941,1553 1028,1553 1115,1553 1203,1553 1290,1553 1377,1553 1464,1553 1552,1553 1639,1553 1726,1553 1813,1553 1901,1553 1988,1553 2075,1553 2162,1553 2250,1552"/>
                <TextEquiv>
                    <Unicode>ma, quae perfecte in essentia, &amp; de in supposito complectuntur. Si vero dicatur quod accidens per quid differre possit addat </Unicode>
                </TextEquiv>
            </TextLine>
            <TextLine id="r2l25" custom="readingOrder {index:23;}">
                <Coords points="497,1621 2264,1612 2222,1565 497,1573"/>
                <Baseline points="507,1609 594,1609 681,1609 768,1609 856,1609 943,1609 1030,1609 1118,1609 1205,1609 1292,1609 1380,1609 1467,1609 1554,1609 1641,1609 1729,1609 1816,1609 1903,1609 1991,1608 2078,1608 2165,1608 2253,1607"/>
                <TextEquiv>
                    <Unicode>nihil ad propositum, cum de differentia essentiali sit quaestio. Et sic patet ad quaestionem, quod idem sunt re in materia</Unicode>
                </TextEquiv>
            </TextLine>
            <TextLine id="r2l26" custom="readingOrder {index:24;}">
                <Coords points="494,1684 2133,1690 2259,1674 2259,1623 494,1624"/>
                <Baseline points="504,1665 591,1665 678,1665 765,1665 853,1665 940,1665 1027,1665 1114,1665 1202,1665 1289,1665 1376,1665 1463,1665 1551,1665 1638,1665 1725,1665 1812,1665 1900,1665 1987,1665 2074,1665 2161,1664 2249,1664"/>
                <TextEquiv>
                    <Unicode>libus &amp; corporalibus natura, &amp; de suppositum: &amp; haec natura, &amp; hoc suppositum: quis natura vt humanitas</Unicode>
                </TextEquiv>
            </TextLine>
            <TextLine id="r2l27" custom="readingOrder {index:25;}">
                <Coords points="494,1730 2202,1738 2246,1674 494,1683"/>
                <Baseline points="505,1721 591,1721 678,1721 764,1720 851,1720 937,1720 1024,1720 1110,1721 1197,1721 1283,1721 1370,1721 1456,1721 1543,1721 1629,1721 1716,1721 1802,1721 1889,1720 1975,1720 2062,1720 2148,1719 2235,1719"/>
                <TextEquiv>
                    <Unicode>non proprie dicitur hoc suppositum, vt alibi expositum est. IN rebus vero spiritualibus multo clarius</Unicode>
                </TextEquiv>
            </TextLine>
            <TextLine id="r2l28" custom="readingOrder {index:26;}">
                <Coords points="482,1792 2252,1785 2252,1741 2141,1726 482,1741"/>
                <Baseline points="494,1776 581,1776 668,1776 755,1776 843,1777 930,1777 1017,1777 1105,1777 1192,1777 1279,1777 1367,1777 1454,1777 1541,1776 1628,1776 1716,1776 1803,1776 1890,1776 1978,1775 2065,1775 2152,1774 2240,1774"/>
                <TextEquiv>
                    <Unicode>est quod sunt idem re natura &amp; suppositum: eo quod in eis suppositum non est nisi forma subsistens participans</Unicode>
                </TextEquiv>
            </TextLine>
            <TextLine id="r2l29" custom="readingOrder {index:27;}">
                <Coords points="488,1849 2207,1853 2253,1784 488,1787"/>
                <Baseline points="499,1833 586,1832 673,1832 760,1832 847,1831 935,1831 1022,1831 1109,1832 1196,1832 1283,1832 1371,1832 1458,1832 1545,1832 1632,1832 1719,1832 1807,1832 1894,1832 1981,1832 2068,1831 2155,1830 2243,1829"/>
                <TextEquiv>
                    <Unicode>quiditatem inquantum est quid in existentia a causa agente participans esse: vt idem sunt re angelus, &amp; ange</Unicode>
                </TextEquiv>
            </TextLine>
            <TextLine id="r2l30" custom="readingOrder {index:28;}">
                <Coords points="485,1902 2104,1913 2255,1906 2255,1837 485,1848"/>
                <Baseline points="495,1889 582,1888 669,1888 757,1887 844,1887 932,1887 1019,1887 1106,1887 1194,1888 1281,1888 1369,1888 1456,1888 1543,1888 1631,1888 1718,1888 1806,1887 1893,1886 1980,1885 2068,1884 2155,1882 2243,1880"/>
                <TextEquiv>
                    <Unicode>litas: vt angelitas significet formam sub ratione participabilis: angelus vero significet eandem sub ratione rei perti</Unicode>
                </TextEquiv>
            </TextLine>
            <TextLine id="r2l31" custom="readingOrder {index:29;}">
                <Coords points="479,1957 2187,1962 2253,1906 478,1904"/>
                <Baseline points="490,1944 577,1943 665,1942 752,1942 840,1942 927,1942 1015,1942 1102,1942 1190,1943 1277,1943 1365,1943 1453,1944 1540,1944 1628,1944 1715,1944 1803,1943 1890,1943 1978,1941 2065,1940 2153,1938 2241,1935"/>
                <TextEquiv>
                    <Unicode>cipantis. Propter quod in qualibet creatura, etiam immateriali quantuncumque simplici cadit compositio: ex quo </Unicode>
                </TextEquiv>
            </TextLine>
            <TextLine id="r2l32" custom="readingOrder {index:30;}">
                <Coords points="488,2019 2192,2018 2245,1952 488,1970"/>
                <Baseline points="500,2000 586,1999 673,1998 760,1998 847,1997 933,1997 1020,1998 1107,1998 1194,1998 1280,1998 1367,1999 1454,1999 1541,1999 1627,1999 1714,1999 1801,1998 1888,1998 1974,1997 2061,1995 2148,1993 2235,1991"/>
                <TextEquiv>
                    <Unicode>est, &amp; quo est, hoc est ex re, &amp; natura. &amp; etiam sub qualibet specie rei immaterialis nata sunt esse plu</Unicode>
                </TextEquiv>
            </TextLine>
            <TextLine id="r2l33" custom="readingOrder {index:31;}">
                <Coords points="472,2081 2255,2059 2255,2017 2080,2004 472,2015"/>
                <Baseline points="483,2057 571,2055 659,2054 747,2053 835,2053 923,2053 1011,2053 1099,2053 1187,2054 1275,2054 1364,2054 1452,2055 1540,2055 1628,2055 1716,2055 1804,2055 1892,2054 1980,2053 2068,2052 2156,2050 2245,2047"/>
                <TextEquiv>
                    <Unicode>ra indiuidua participantia formam speciei &amp; essentiae, vt alibi dictum est, &amp; expositum. AD argu- </Unicode>
                </TextEquiv>
            </TextLine>
            <TextLine id="r2l34" custom="readingOrder {index:32;}">
                <Coords points="486,2121 2167,2131 2245,2109 2245,2052 486,2070"/>
                <Baseline points="497,2112 583,2110 670,2109 757,2108 844,2108 931,2108 1018,2108 1104,2108 1191,2108 1278,2109 1365,2109 1452,2110 1539,2110 1626,2110 1712,2110 1799,2109 1886,2109 1973,2108 2060,2106 2147,2104 2234,2102"/>
                <TextEquiv>
                    <Unicode>mentum in oppositum quod homo non dicitur esse humanitas: Dicendum quod verum est. Sed huiusmodi praedi- </Unicode>
                </TextEquiv>
            </TextLine>
            <TextLine id="r2l35" custom="readingOrder {index:33;}">
                <Coords points="479,2181 2251,2183 2251,2114 479,2130"/>
                <Baseline points="489,2166 576,2165 664,2164 751,2163 839,2163 926,2163 1014,2163 1101,2163 1189,2163 1276,2163 1364,2164 1451,2164 1539,2164 1626,2164 1714,2164 1801,2164 1889,2164 1976,2163 2064,2162 2151,2160 2239,2158"/>
                <TextEquiv>
                    <Unicode>cationem non impedit aliqua diuersitas quae est in re: sed solum illa quae est in modo significandi</Unicode>
                </TextEquiv>
            </TextLine>
            <TextLine id="r2l36" custom="readingOrder {index:34;}">
                <Coords points="479,2236 2223,2238 2249,2182 479,2187"/>
                <Baseline points="490,2224 577,2222 664,2220 752,2219 839,2218 927,2217 1014,2217 1102,2217 1189,2217 1277,2218 1364,2218 1451,2219 1539,2219 1626,2219 1714,2219 1801,2219 1889,2219 1976,2218 2064,2217 2151,2216 2239,2214"/>
                <TextEquiv>
                    <Unicode>&amp; considerandi iam exposito. Et ideo dicit Commentator super septimum metaphysicae, quod quiditas siue</Unicode>
                </TextEquiv>
            </TextLine>
            <TextLine id="r2l37" custom="readingOrder {index:35;}">
                <Coords points="480,2289 2247,2279 2146,2227 480,2236"/>
                <Baseline points="490,2278 577,2276 664,2275 751,2274 839,2274 926,2273 1013,2273 1101,2273 1188,2273 1275,2273 1363,2274 1450,2274 1537,2274 1624,2274 1712,2274 1799,2274 1886,2274 1974,2273 2061,2272 2148,2271 2236,2270"/>
                <TextEquiv>
                    <Unicode>essentia hominis, sicut humanitas, vno modo est homo, alio modo non est homo. Est homo, quia est forma</Unicode>
                </TextEquiv>
            </TextLine>
            <TextLine id="r2l38" custom="readingOrder {index:36;}">
                <Coords points="479,2342 2140,2351 2249,2336 2249,2280 479,2287"/>
                <Baseline points="489,2332 576,2331 663,2329 751,2329 838,2328 926,2328 1013,2328 1101,2328 1188,2328 1276,2328 1363,2329 1450,2329 1538,2329 1625,2330 1713,2330 1800,2329 1888,2329 1975,2328 2063,2327 2150,2326 2238,2324"/>
                <TextEquiv>
                    <Unicode>hominis: non est homo, quia non est compositum ex anima &amp; corpore. &amp; intendit quod re idem est quiditas siue natura si</Unicode>
                </TextEquiv>
            </TextLine>
            <TextLine id="r2l39" custom="readingOrder {index:37;}">
                <Coords points="481,2411 2187,2405 2244,2336 481,2344"/>
                <Baseline points="491,2392 578,2388 665,2386 752,2384 839,2383 926,2382 1013,2382 1100,2382 1187,2382 1274,2383 1362,2383 1449,2384 1536,2385 1623,2385 1710,2385 1797,2385 1884,2385 1971,2384 2058,2382 2145,2380 2233,2377"/>
                <TextEquiv>
                    <Unicode>gnificata nomine absoluto, &amp; forma speciei comprehendens genus &amp; differentiam: &amp; sub nomine vel ratione generis</Unicode>
                </TextEquiv>
            </TextLine>
            <TextLine id="r2l40" custom="readingOrder {index:38;}">
                <Coords points="485,2460 2184,2458 2246,2455 2246,2391 485,2411"/>
                <Baseline points="496,2444 587,2441 679,2439 770,2438 862,2437 953,2436 1045,2436 1136,2437 1228,2437 1319,2438 1411,2438 1502,2439 1594,2440 1685,2440 1777,2440 1868,2439 1960,2439 2051,2437 2143,2435 2235,2432"/>
                <TextEquiv>
                    <Unicode>materiam secundum considerationem metaphysici, &amp; materiam &amp; formam secundum considerationem physi</Unicode>
                </TextEquiv>
            </TextLine>
            <TextLine id="r2l41" custom="readingOrder {index:39;}">
                <Coords points="490,2509 2245,2501 2218,2446 490,2460"/>
                <Baseline points="502,2499 588,2496 675,2493 761,2492 848,2491 934,2490 1021,2490 1107,2490 1194,2491 1280,2491 1367,2492 1454,2493 1540,2494 1627,2494 1713,2495 1800,2495 1886,2494 1973,2494 2059,2492 2146,2490 2233,2487"/>
                <TextEquiv>
                    <Unicode>ci. Et ita intendit quod humanitas est homo: quia est forma quam significat species: &amp; quod solum differunt</Unicode>
                </TextEquiv>
            </TextLine>
            <TextLine id="r2l42" custom="readingOrder {index:40;}">
                <Coords points="489,2567 1982,2573 2250,2551 2250,2505 489,2509"/>
                <Baseline points="500,2552 586,2549 673,2547 760,2546 847,2545 934,2545 1021,2545 1108,2545 1195,2546 1282,2546 1369,2547 1455,2548 1542,2548 1629,2549 1716,2549 1803,2549 1890,2548 1977,2548 2064,2547 2151,2545 2238,2542"/>
                <TextEquiv>
                    <Unicode>in modo significandi, &amp; abstractiue, &amp; concretiue, quemadmodum differunt animalitas &amp; rationalitas</Unicode>
                </TextEquiv>
            </TextLine>
            <TextLine id="r2l43" custom="readingOrder {index:41;}">
                <Coords points="488,2622 2011,2622 2241,2609 2241,2552 488,2567"/>
                <Baseline points="499,2607 585,2604 672,2602 758,2601 845,2600 931,2600 1018,2599 1104,2600 1191,2600 1277,2601 1364,2601 1451,2602 1537,2603 1624,2603 1710,2604 1797,2604 1883,2604 1970,2603 2056,2602 2143,2600 2230,2598"/>
                <TextEquiv>
                    <Unicode>ab animali rationali. Humanitas vero non est homo compositus ex materia &amp; forma: quia. scilicet humani </Unicode>
                </TextEquiv>
            </TextLine>
            <TextLine id="r2l44" custom="readingOrder {index:42;}">
                <Coords points="493,2670 2055,2684 2243,2666 2243,2609 493,2622"/>
                <Baseline points="504,2661 590,2659 676,2657 763,2655 849,2654 936,2654 1022,2654 1109,2654 1195,2655 1282,2655 1368,2656 1454,2657 1541,2658 1627,2658 1714,2659 1800,2659 1887,2658 1973,2657 2060,2656 2146,2654 2233,2651"/>
                <TextEquiv>
                    <Unicode>tas non significat partes hominis sub ratione illa qua sunt partes, quantum ad considerationem physici: sed </Unicode>
                </TextEquiv>
            </TextLine>
            <TextLine id="r2l45" custom="readingOrder {index:43;}">
                <Coords points="489,2731 2069,2739 2243,2719 2243,2666 489,2669"/>
                <Baseline points="500,2718 586,2714 673,2711 759,2709 846,2708 933,2707 1019,2707 1106,2708 1192,2708 1279,2709 1366,2710 1452,2711 1539,2712 1625,2713 1712,2714 1799,2714 1885,2714 1972,2713 2058,2711 2145,2709 2232,2706"/>
                <TextEquiv>
                    <Unicode>solum sub ratione illa qua sunt partes eius quantum ad considerationem metaphysici. Et sic amplius quam</Unicode>
                </TextEquiv>
            </TextLine>
            <TextLine id="r2l46" custom="readingOrder {index:44;}">
                <Coords points="483,2781 2062,2796 2246,2769 2246,2712 483,2733"/>
                <Baseline points="494,2774 581,2770 668,2766 755,2764 842,2763 929,2762 1016,2762 1103,2762 1190,2763 1277,2764 1365,2765 1452,2766 1539,2768 1626,2769 1713,2769 1800,2769 1887,2769 1974,2768 2061,2766 2148,2764 2236,2760"/>
                <TextEquiv>
                    <Unicode>tum ad rationem considerandi differt natura siue essentia a re naturae siue a supposito, vt cadit in </Unicode>
                </TextEquiv>
            </TextLine>
            <TextLine id="r2l47" custom="readingOrder {index:45;}">
                <Coords points="491,2832 2221,2852 2250,2766 491,2793"/>
                <Baseline points="501,2828 587,2824 674,2821 761,2819 848,2817 935,2817 1022,2816 1108,2817 1195,2817 1282,2818 1369,2819 1456,2821 1543,2822 1630,2823 1716,2823 1803,2824 1890,2823 1977,2823 2064,2821 2151,2819 2238,2816"/>
                <TextEquiv>
                    <Unicode>consideratione physici quam vt cadit in consideratione metaphysici: id ipsum tamen re est totum secundum</Unicode>
                </TextEquiv>
            </TextLine>
            <TextLine id="r2l48" custom="readingOrder {index:46;}">
                <Coords points="494,2888 1594,2886 1556,2831 494,2835"/>
                <Baseline points="505,2879 558,2878 612,2877 666,2876 720,2875 774,2874 828,2873 882,2872 936,2871 990,2871 1044,2870 1097,2870 1151,2870 1205,2870 1259,2870 1313,2871 1367,2872 1421,2873 1475,2874 1529,2876 1583,2878"/>
                <TextEquiv>
                    <Unicode>omnem considerationem, &amp; modum considerandi, vt expositum est.</Unicode>
                </TextEquiv>
            </TextLine>
            <TextLine id="r2l49" custom="readingOrder {index:47;}">
                <Coords points="798,2938 2167,2946 2245,2940 2245,2872 798,2885"/>
                <Baseline points="808,2927 879,2925 950,2924 1022,2923 1093,2923 1164,2924 1236,2924 1307,2925 1378,2926 1450,2928 1521,2929 1592,2930 1664,2931 1735,2931 1806,2932 1878,2932 1949,2931 2020,2930 2092,2929 2163,2926 2235,2923"/>
                <TextEquiv>
                    <Unicode>Equitur de pertinentibus ad numerum inuentum in creaturis. Et erant duo. Primum</Unicode>
                </TextEquiv>
            </TextLine>
            <TextLine id="r2l50" custom="readingOrder {index:48;}">
                <Coords points="790,2980 2237,2998 2215,2936 790,2929"/>
                <Baseline points="802,2980 873,2979 944,2978 1015,2977 1086,2977 1158,2978 1229,2978 1300,2980 1371,2981 1442,2982 1514,2983 1585,2984 1656,2985 1727,2986 1798,2986 1870,2986 1941,2986 2012,2985 2083,2983 2154,2980 2226,2977"/>
                <TextEquiv>
                    <Unicode>de principio materiali eius, quod est vnitas: vtrum videlicet vnum principium numeri quantitatis</Unicode>
                </TextEquiv>
            </TextLine>
            <TextLine id="r2l51" custom="readingOrder {index:49;}">
                <Coords points="772,3042 2239,3036 2210,2992 772,2978"/>
                <Baseline points="783,3037 855,3035 927,3033 999,3032 1072,3032 1144,3032 1216,3033 1288,3034 1361,3035 1433,3036 1505,3038 1577,3039 1650,3040 1722,3041 1794,3041 1866,3042 1939,3041 2011,3040 2083,3038 2155,3036 2228,3032"/>
                <TextEquiv>
                    <Unicode>discretae sit alterius naturae quam vnitas rerum substantialis. Secundum vero erat de eius princi-</Unicode>
                </TextEquiv>
            </TextLine>
            <TextLine id="r2l52" custom="readingOrder {index:50;}">
                <Coords points="789,3120 2167,3117 2238,3096 2238,3036 789,3060"/>
                <Baseline points="801,3091 872,3089 943,3087 1014,3086 1086,3086 1157,3086 1228,3086 1299,3087 1371,3088 1442,3090 1513,3091 1584,3092 1656,3094 1727,3095 1798,3095 1869,3096 1941,3095 2012,3095 2083,3093 2154,3091 2226,3087"/>
                <TextEquiv>
                    <Unicode>pio foruaili scilicet vtrum fora numeri denarii sit aliquid extra intellectum. ClRca primum arguitur</Unicode>
                </TextEquiv>
            </TextLine>
            <TextLine id="r2l53" custom="readingOrder {index:51;}">
                <Coords points="802,3159 2090,3170 2240,3156 2241,3105 803,3113"/>
                <Baseline points="814,3147 884,3144 955,3142 1026,3140 1097,3140 1167,3140 1238,3140 1309,3141 1380,3142 1450,3144 1521,3145 1592,3147 1663,3148 1733,3149 1804,3150 1875,3150 1946,3149 2016,3148 2087,3147 2158,3144 2229,3140"/>
                <TextEquiv>
                    <Unicode>quod vnitas principium quantitatis discretae sit alterius naturae quam vnitas rerum substantia</Unicode>
                </TextEquiv>
            </TextLine>
            <TextLine id="r2l54" custom="readingOrder {index:52;}">
                <Coords points="786,3206 2249,3213 2203,3155 786,3169"/>
                <Baseline points="798,3198 873,3196 949,3194 1025,3194 1100,3193 1176,3194 1252,3194 1328,3195 1403,3197 1479,3198 1555,3199 1631,3201 1706,3202 1782,3203 1858,3203 1934,3203 2009,3202 2085,3201 2161,3198 2237,3195"/>
                <TextEquiv>
                    <Unicode>lis, quia sunt in diuersis praedicamentis: illa in praedicamento quantitatis accidenta</Unicode>
                </TextEquiv>
            </TextLine>
            <TextLine id="r2l55" custom="readingOrder {index:53;}">
                <Coords points="791,3280 2229,3302 2245,3211 791,3203"/>
                <Baseline points="802,3251 873,3250 945,3249 1016,3248 1088,3249 1160,3249 1231,3250 1303,3251 1374,3252 1446,3253 1518,3255 1589,3256 1661,3257 1732,3258 1804,3259 1876,3259 1947,3258 2019,3258 2090,3256 2162,3254 2234,3252"/>
                <TextEquiv>
                    <Unicode>es: haec vero in praedicamento substantiae. CONtra. eiusdem naturae sunt omnes proportiones</Unicode>
                </TextEquiv>
            </TextLine>
            <TextEquiv>
                <Unicode>enim quam physicus intelligit per essentiam distinctam contra totam formam, intelligit metaphysicus sub forma
generis, &amp; in incompleto composito, quod intelligit nomine generis: &amp; formam illam quam physicus considerat sub ratione to
tius, &amp; simplicis secundum rem, metaphysicus diuidit secundum intellectum penes incompletum, quod secundum ipsum pertinet
ad rationem generis, &amp; penes completum, quid est forma differentiae, ex quibus secundum ipsum constituitur perfecta forma spe
ciei. Vnde idem re est animal rationale, &amp; anima, &amp; corpus in homine simpliciter, &amp; econuerso, &amp; hoc animal, &amp; hoc rationale
&amp; haec anima, &amp; hoc corpus in hoc homine: &amp; est idem re homo, &amp; iste homo, vt consideratur vno modo compo
ni &amp; alio., quoniam in omnibus huiusmodi non cadit differentia nisi secundum rationem, &amp; modum considerandi. Ex quo 
patet, quomodo quidquid est secundum vtrumque modum, idipsum est, &amp; idem cum re cuius est. Sed non adhuc patet ex hoc
quomodo quiditas siue essentia, vt humanitas, siue asininitas significata nomine absoluto, sit idem re cum eo cuius est
vt cum homine &amp; asino: &amp; cum eo quod quid est eorum secundum vtrunque modum definiendi. 
AD cuius intellectum sciendum: quod consideratio quiditatis sub ratione qua quiditas est, aut essen-
tia nomine absoluto considerata. scilicet veluti forma participabilis &amp; participata in composito per eam, habet esse id 
quod est, vt quod homo est homo humanitate: &amp; asinus est asinus asininitate: haec inquam consid eratio pertinet ad so
lum metaphysicum: cuius est propria abstractio huius formae. Et patet ex iam dictis, quod essentiae siue naturae est
identitas secundum rem cum eo cuius est: &amp; cum eo quid quid est de eo. secundum metaphysici considerationem. quoniam solum
modo differunt secundum rationem significandi &amp; intelligendi modo abstracto, &amp; concreto. Sicut enim re homo non est
nisi animal rationale, sic re non est humanitas nisi animalitas rationalitas, vt dicit Comment. supra. vii. me-
taphcae ldem ergo re sunt humanitas &amp; homo, siue vt considerantur a metaphysico, siue a physico: sicut idem
sunt animalitas rationalitas, &amp; animal rationale, differentia solum penes abstractum, &amp; concretum
Et per consequens idem est cum eis corpus &amp; anima, &amp; ipsa sunt idem cum eo quid est animal rationa
le, vt dictum est. Non enim potest dici quod aliqua res ad essentiam, &amp; substantiam pertinens addatur supposito super
essentiam, per quam ab ipsa substantialiter possit differre: quia talis res non potest esse nisi materia, vel for
ma, quae perfecte in essentia, &amp; de in supposito complectuntur. Si vero dicatur quod accidens per quid differre possit addat 
nihil ad propositum, cum de differentia essentiali sit quaestio. Et sic patet ad quaestionem, quod idem sunt re in materia
libus &amp; corporalibus natura, &amp; de suppositum: &amp; haec natura, &amp; hoc suppositum: quis natura vt humanitas
non proprie dicitur hoc suppositum, vt alibi expositum est. IN rebus vero spiritualibus multo clarius
est quod sunt idem re natura &amp; suppositum: eo quod in eis suppositum non est nisi forma subsistens participans
quiditatem inquantum est quid in existentia a causa agente participans esse: vt idem sunt re angelus, &amp; ange
litas: vt angelitas significet formam sub ratione participabilis: angelus vero significet eandem sub ratione rei perti
cipantis. Propter quod in qualibet creatura, etiam immateriali quantuncumque simplici cadit compositio: ex quo 
est, &amp; quo est, hoc est ex re, &amp; natura. &amp; etiam sub qualibet specie rei immaterialis nata sunt esse plu
ra indiuidua participantia formam speciei &amp; essentiae, vt alibi dictum est, &amp; expositum. AD argu- 
mentum in oppositum quod homo non dicitur esse humanitas: Dicendum quod verum est. Sed huiusmodi praedi- 
cationem non impedit aliqua diuersitas quae est in re: sed solum illa quae est in modo significandi
&amp; considerandi iam exposito. Et ideo dicit Commentator super septimum metaphysicae, quod quiditas siue
essentia hominis, sicut humanitas, vno modo est homo, alio modo non est homo. Est homo, quia est forma
hominis: non est homo, quia non est compositum ex anima &amp; corpore. &amp; intendit quod re idem est quiditas siue natura si
gnificata nomine absoluto, &amp; forma speciei comprehendens genus &amp; differentiam: &amp; sub nomine vel ratione generis
materiam secundum considerationem metaphysici, &amp; materiam &amp; formam secundum considerationem physi
ci. Et ita intendit quod humanitas est homo: quia est forma quam significat species: &amp; quod solum differunt
in modo significandi, &amp; abstractiue, &amp; concretiue, quemadmodum differunt animalitas &amp; rationalitas
ab animali rationali. Humanitas vero non est homo compositus ex materia &amp; forma: quia. scilicet humani 
tas non significat partes hominis sub ratione illa qua sunt partes, quantum ad considerationem physici: sed 
solum sub ratione illa qua sunt partes eius quantum ad considerationem metaphysici. Et sic amplius quam
tum ad rationem considerandi differt natura siue essentia a re naturae siue a supposito, vt cadit in 
consideratione physici quam vt cadit in consideratione metaphysici: id ipsum tamen re est totum secundum
omnem considerationem, &amp; modum considerandi, vt expositum est.
Equitur de pertinentibus ad numerum inuentum in creaturis. Et erant duo. Primum
de principio materiali eius, quod est vnitas: vtrum videlicet vnum principium numeri quantitatis
discretae sit alterius naturae quam vnitas rerum substantialis. Secundum vero erat de eius princi-
pio foruaili scilicet vtrum fora numeri denarii sit aliquid extra intellectum. ClRca primum arguitur
quod vnitas principium quantitatis discretae sit alterius naturae quam vnitas rerum substantia
lis, quia sunt in diuersis praedicamentis: illa in praedicamento quantitatis accidenta
es: haec vero in praedicamento substantiae. CONtra. eiusdem naturae sunt omnes proportiones</Unicode>
            </TextEquiv>
        </TextRegion>
    </Page>
</PcGts>
