2455 3704
216 246 1983 341 ram. Et ideo secundum philosopum: decem non sunt bis quinque, sed semel decem. sed de hoc amplius alibi. DIcendum l
219 324 1987 402 ergo breuiter ad quaestionem: quod forma denarii & similiter cuiuslibet numeri: qui vere numerus
218 376 1978 451 est: est aliquid in re extra intellectum. licet hoc difficile sit imaginari secundum quod alibi exposuimus.
209 413 1970 505 EALsum ergo supponit primum argumentum cum dicit quod decem vnitates in denario in nullo vno
208 474 724 535 sunt vnitae secundum rem.
538 532 1965 606 Equitur de pertinentibus ad diuersa genera creaturarum. Vbi primo quaerebantur
542 578 1967 662 quaedam pertinentia ad omnes creaturas intellectuales. Secundo quaedam pertinentia ad omnes
526 626 1966 710 creaturas corporales. Tertio quaedam specialiter pertinentia ad creaturas incorporeas
536 695 1966 769 scilicet ad angelos. Quarto quaedam specialiter pertinentia ad creaturas intellectuales
541 742 1968 821 corporea scilicet homines. ClRca primum istorum quaerebantur primo quaedam pertinentia ad
531 808 1967 869 intellectum intellectualis creaturae. Secundo quaerebantur quaedam alia pertinentia ad eius
516 865 1960 924 voluntatem. Et circa primum istorum quaerebatur vnum de intelligendo seipsas: & duo alia
213 911 1965 988 de intelligendo deum. Illud vnum erat, vtrum intellectus creatus seipsum & ea quae per essentiam suam
221 961 1962 1035 sunt in ipso, intelligat per se absque omni specie rei intellectae: an per aliquam speciem eius qua informatur.
223 1014 1970 1088 Quia non nisi per species, arguitur per hoc quid dicit philosophus in iii. de anima. Intellectus cognoscit se sicut alia
222 1075 1965 1133 a se. & loquitur de illis aliis quae sunt extra ipsum. Illa autem non cognoscit nisi per eorum species. vt enim dicit
215 1126 1969 1203 ibidem, lapis non est anima: sed species lapidis. ergo &c. CONtra. Intellectus intelligit rem per id quod
217 1179 1963 1253 penes se habet de re: ita quod tanto verius intelligit rem, quanto verius habet esse apud intellectum. Cum
218 1237 1972 1304 ergo verius sit res apud intellectum por suam essentiam quam per suam speciem: verissime ergo intellectus se
215 1278 1969 1365 ipsum, & quae per essentiam suam sunt apud ipsum, per essentiam illorum existentem apud seipsum intelliget, &
209 1343 1963 1410 non per aliquam speciem eorum. QVAEstio ista non solum est de ipso humano vel angelico intellectum, in
211 1394 1967 1459 telligendo se & alia creata quae sunt in ipso per essentiam: sed etiam de intelligendo deum visione beata: in
213 1442 1963 1522 qua per essentiam ipse est in intellectu sicut in cognoscente & intelligente. Sciendum est ergo hic in
220 1502 1976 1572 principio: quod quorundam erat opinio de intellectu quocumque creato: quod ex se solum in potentia est ad
216 1565 1968 1631 actum intelligendi quaecumque. propter quid oportet ipsum determinari per aliquid ad illud quod debet ab ipso
216 1609 1970 1675 intelligi: quo de potentia intelligente fiat actu intelligens: etiam st illud sit intelligibile primum quod deus
209 1659 1963 1727 est: ita quod fine illo determinante nullo modo quicquam potest intelligere. & hoc quemadmodum oculus cor
215 1708 1967 1778 poris colorem praesentem in luce, sine aliquo determinante ipsum, vt aliqua specie qua informatur ad colorem
213 1775 1965 1844 videndum:, ipsum videre non posset omnino. Et, vt dicunt, per huiusmodi determinans, intelligibile com-
215 1817 1969 1885 iunctum est intelligenti, sicut & visibile videnti: & est forma quodammodo intelligentis & vnum cum ipso
214 1874 1968 1951 & simile ei. Tale autem determinans, vt dixit illa opinio, non est nisi species intelligibilis informans
214 1925 1961 1992 intellectum & impressa ipsi vt subiecto: sicut species coloris se habet ad oculum. Idcirco ergo dicunt
206 1977 1960 2037 tenentes eam, non solum quod intellectus non intelligit se neque alia quae sunt praesentia ei per essen-
215 2030 1959 2109 tiam sine huiusmodi specie media: sed etiam quod nec deum in visione gloriosa videt aut intelligit si
218 2087 1968 2166 ne huiusmodi specie media: quam (ut dicunt) res ipsa intellecta maxime cum deum videndo intelligit
220 2147 1968 2219 ex se ipsi menti imprimit: & disponit ipsam ad intelligendum siue videndum. Sic tamen quod specialiter in
221 2200 1965 2268 videndo deum species illa ex se non sufficit ad hoc nisi cum hoc sit praesens ipsa res visa vel intelle
213 2245 1969 2313 cta: sicut oculus corporis informatus specie coloris non potest videre nisi sit coloratum praesens. Et
209 2298 1963 2369 dicunt specialiter de huiusmodi specie quae est impressa a deo ad intelligendum ipsum: quod per ipsam
212 2353 1969 2427 fortificatur aspectus ipsius intellectus vt dirigatur in deum tanquam in obiectum: & vt intelligatur de
205 2405 1968 2477 us non naturaliter, vt qui non possit latere intellectum huiusmodi specie informatum: sed quod solum in
214 2458 1963 2524 telligatur aut videatur secundum quod vult, & inquantum vult, & quando vult. Et cum hoc etiam dicunt quod illa species de
215 2511 1964 2579 deo non est tamquam obiectum: vt in eam dirigatur aspectus: quia talis visio dei non esset nisi aenigmatica, & per
211 2565 1965 2644 theorias. Vnde dicunt in summa, quod illa species dei non sufficit representare essentiam diuinam sicuti est
207 2616 1959 2682 licet deo assimiletur quantum possibile est creaturam deo assimilari: quoniam ipsa diuina essentia omnino
207 2671 1961 2751 est simplex, & in ea sua essentia est suum esse: quod est fundamentum omnium diuinorum attributorum, &
205 2728 1959 2789 emanationis personarum, & ratio intelligendi creaturas omnes, & ordinem omnium saeculorum: et quod ideo
211 2776 1960 2855 illa species deficit diuinam essentiam, sicut est, representare. Et videtur ista opinio confirmari per hoc quod
211 2836 1963 2910 dicit Augustinus. ix. de trinitate. cap. ix. Quemadmodum cum per sensus corporis discimus corpora
208 2884 1962 2958 fiat aliqua similitudo in animo nostro quae in phantasia memoriae est. et infra post aliqua interposita. lta
207 2939 1959 3018 cum deum nouimus. et infra. Verbum est: fitque aliqua dei similitudo. vbi continuo subdit Augustinus, quod
205 3000 1966 3067 species coloris in anima melior est quam in ipso corpore: inquantum in meliore natura est. Illa vero quae dei
207 3053 1965 3117 inferior est, quia in inferiore natura est: & cum mens ipsa se nouit aequalis est, quia neque inferioris essen-
203 3101 1979 3167 tiae notitia, sicut corporis, neque superioris sicut dei. HAEC sunt fundamenta rationum, vt credo,
