2408 3621
183 296 1911 385 est ex se, prius est in potentia respectu vtriusque, hoc vt intelligat, illud vt intelligatur: deinde fiunt in
182 375 1902 448 actum cum hoc actu intelligit: illud vero cum actu intelligitur. Et secundum primum modum vtrumque eorum est
184 431 1902 497 alterum eorum in potentia: in actu vero secundum alium. Et secundum hunc modum etiam fiunt vnum intellectus & intelle
185 486 1903 557 ctum: scilicet per actum intelligendi existentem in intellectu informatum per essentiam intelligibilis: vt est
182 542 1907 611 forma & ratio intelligendi seipsum in intelligente. Et hoc est quid dicit philosophus in iii. de anima. Omnia ea quae sunt
193 595 1900 655 quodammodo est anima. Est enim scientia scibilia quodammodo: sensus autem sensibilia. Secantur
199 648 1904 703 igitur scientia & sensus secundum diuisionem entium. vbi dicit Commentator. Quemadmodum enim sensus & intelle-
196 701 1901 760 ctus aut sunt in potentia aut actum: similiter sensibile & intelligibile: et si sentiens fuerit in potentia, sen
197 750 1902 807 satum erit in potentia: et si fuerit in actum, sensatum erit in actum. Similiter est de intellectu cum intellecto
191 801 1900 866 Necesse est igitur vt illa pars animae sit illa pars entium. Res enim quarum differentiae sunt eaedem, sunt
184 857 1898 912 eaedem in illo modo secundum quem habent easdem differentias. Intellectus ergo est intellectum, & sensus est sensa
187 911 1901 972 tum. Secundum hunc etiam modum intelligens & intellectum sibi assimilantur: & hoc per actum intelligendi po-
193 966 1896 1028 tius quam per aliquam informationem speciei impressiuae. Illa enim assimilatio quae fit ex speciei informatione, inest
182 1015 1900 1077 secundum actum absque actuali consideratione, vt patet de assimilatione memoriae sensitiuae per speciem im-
181 1069 1894 1133 pressam ad id cuius est: qualis non est in vi intellectiua. Memoria enim intellectiua, si tamen sit proprie
183 1123 1892 1182 loquendo ponere eam, assimilatur rei per notitiam habitualem quam tenet: & quae eam informat: etiam cum mens
184 1175 1895 1231 nihil actu intelligat. vnde est in potentia respectu illius notitiae quae actualiter informat intelligentiam: a quae proprie
183 1231 1898 1294 dicitur intelligens esse in actum: secundum quod dicit philosophus in iii. de anima: quod nihil est actu eorum quae sunt an-
175 1283 1893 1342 te intelligere. Et per hoc etiam intelligere debemus et ex dicto modo intelligendi impleri caeteras
173 1338 1893 1398 conditiones quae ad actum intelligendi requiruntur, vt patet etiam ex supra determinatis. Falsum est
184 1392 1889 1456 ergo quod dicit dicta opinio: quod illa omnia non habent fieri in intelligente nisi per speciem impressiuam, immo
177 1443 1890 1507 fiunt per essentiam intelligibilis informantem actum intelligendi: & per hoc ipsum intelligentem, vt est forma
180 1498 1885 1557 expressiua exemplaris: licet non vt forma inhaerens: secundum quod alibi de cognitione dei hoc specialiter ex-
181 1550 1889 1623 posuimus. AD intellectum igitur dictae auctoritatis Augustini & consimilium, & etiam ad ampliorem
183 1610 1884 1666 notitiam totius libri de trinitate: maxime a libro. ix. & deinceps, oportet hic scire quod Augustinus
184 1659 1893 1717 vtitur secundum tres significationes nominibus istis quae sunt species & similitudo: quae inducunt obscu
183 1713 1899 1780 ritatem in libris eius. Vno enim modo appellatur species forma cuiusque rei naturalis quam habet
175 1757 1901 1827 in seipsa. & secundum hoc species dicitur forma diuinae essentiae. secundum quam visio nuda & aperta di
183 1825 1903 1881 uinae essentiae, & aliorum per ipsam dicitur cognitio siue visio per speciem, siue facie ad faciem. Vnde
177 1873 1895 1944 super illud primae Corintfi. xiii. Videmus nunc per speculum in aenigmate, tunc autem facie ad facien,
183 1924 1893 2000 dicit Augustinus primo de trinitate. cap. viii. Omnes iustos in quibus nunc regnat ex fide, perducturus
178 1986 1898 2057 est ad speciem: quam visionem dicit Apostolus facie ad faciem. De qua specie dicitur libro ii. cap. xix. Illa est
184 2027 1896 2110 species quae rapit omnem animam rationalem desiderio suo. Sed dum peregrinamur a domino, per
184 2081 1891 2161 fidem ambulamus: non per speciem. Eodem modo appellatur species forma rei corporalis extra intel-
188 2130 1882 2201 lectum. Vnde Augustinus libro iii. de trinitate. cap. iii. Est certe in corpore humano quaedam moles car-
184 2190 1889 2268 nis, species, & ordo. Et secundum hunc modum etiam omnis forma rei naturalis species appellari potest generali
185 2242 1896 2320 ter, sed specialiter forma specialissima. de qua dicit Augustinus. viii. de trinitate. cap. vi. Cur diligi-
179 2295 1891 2373 mus Paulum: nunquid propter humanam speciem quam notissimam habemus: Secundo modo dicitur species similitu
180 2355 1878 2417 do formae rei naturalis, informans impressiue partem sensitiuam. non dico intellectiuam. Vnde dicit Augustinus
180 2393 1880 2477 libro x. cap. viii. Imagines in parte quadam sunt animae, quam habent & bestiae, scilicet in sensitiua, & exte-
178 2462 1883 2526 riori particulari, & etiam in qualibet alia interiori. In sensu enim particulari visus huiusmodi forma est a re extra.
190 2502 1885 2586 Quod aparte probat Augustinus. xi. de trinitate. cap. ii. per totum. Quid etiam fiat a sensu in memoria, & d a memo
181 2566 1877 2629 ria in acie intelligentiae: aperte dicit in fine eiusdem capituli, & de illis tribus simul, cap. iii. per totum.
192 2611 1880 2677 vbi aperte tangit istum modum speciei & praecedentem, cum dicit. Pro illa specie quae sentiebatur extrinse-
176 2669 1882 2744 cus, succedit memoria retinens illam speciem quam per corporis sensum condidit anima. ltem cap. viii. Se
174 2711 1879 2796 sus accipit speciem ab eo corpore quod sentimus, & a sensu memoria, a memoria vero acies cogitam
172 2773 1881 2829 tis. ltem cap. ix. In hac igitur distributione cum incipimus a specie corporis, & peruenimus ad spe
178 2829 1873 2892 ciem quae est in contuitu cogitantis, quatuor species reputantur quasi gradatim natae altera ab alte-
176 2882 1871 2942 ra. secunda de prima, & tertia de secunda, quarta de tertia. a specie quippe corporis quod cernitur exoritur quae sit in sen
172 2926 1873 2988 su: & ab hac est quae sit in acie cogitantis. Et hoc totum intelligendum est de sensitiua parte. Huiumodi enim species vlterius
168 2973 1877 3049 nullam sibi similem specieum impressiuam format in parte intellectiua, nec de hoc Augustinus aliquid exprimit: sed
175 3038 1878 3099 potius contrarium exprimit, cum dicit. x. de trinitate. cap. v. loquens de tota anima nia. Nec secum potest itrorsum
178 3097 1879 3153 tamquam in regionem incorporeae naturae ipsa corpora inferre: imagines eorum conuoluit & rapit factas
169 3140 1877 3211 in semet ipsa de semet ipsa, dans eis formandis quiddam substantiae suae. Seruat autem aliquid quo
