<?xml version="1.0" encoding="UTF-8" standalone="yes"?>
<PcGts xmlns="http://schema.primaresearch.org/PAGE/gts/pagecontent/2013-07-15" xmlns:xsi="http://www.w3.org/2001/XMLSchema-instance" xsi:schemaLocation="http://schema.primaresearch.org/PAGE/gts/pagecontent/2013-07-15 http://schema.primaresearch.org/PAGE/gts/pagecontent/2013-07-15/pagecontent.xsd">
    <Metadata>
        <Creator>prov=University of Rostock/Institute of Mathematics/CITlab|PLANET AI GmbH/Gundram Leifert/gundram.leifert@planet-ai.de:name=Badius1518-m5(htr_id=23184)::::v=2.6.6
prov=University of Rostock/Institute of Mathematics/CITlab|PLANET AI GmbH/Tobias Gruening/tobias.gruening@planet-ai.de:name=de.uros.citlab.module.baseline2polygon.B2PSeamMultiOriented:v=2.6.6
prov=University of Rostock/Institute of Mathematics/CITlab|PLANET AI GmbH/Tobias Gruening/tobias.gruening@planet-ai.de:name=/net_tf/LA73_249_0mod360.pb:de.uros.citlab.segmentation.CITlab_LA_ML:v=2.6.0
Transkribus</Creator>
        <Created>2019-12-09T23:46:46.923+01:00</Created>
        <LastChange>2020-04-22T15:17:22.417+02:00</LastChange>
        <TranskribusMetadata docId="291873" pageId="11634678" pageNr="236" tsid="28135137" status="IN_PROGRESS" userId="25065" imgUrl="https://files.transkribus.eu/Get?id=XDERKAJDLRHZNYSOPSHXAJUT&amp;fileType=view" xmlUrl="https://files.transkribus.eu/Get?id=ASUEJSBRDGHYCZLJARMRLUAU" imageId="8013719"/>
    </Metadata>
    <Page imageFilename="235.jpg" imageWidth="2403" imageHeight="3704">
        <ReadingOrder>
            <OrderedGroup id="ro_1587600616663" caption="Regions reading order">
                <RegionRefIndexed index="0" regionRef="TextRegion_1581441995035_3064"/>
            </OrderedGroup>
        </ReadingOrder>
        <TextRegion orientation="0.0" id="TextRegion_1581441995035_3064" custom="readingOrder {index:0;}">
            <Coords points="481,295 2263,295 2263,3207 481,3207"/>
            <TextLine id="r1l2" custom="readingOrder {index:0;}">
                <Coords points="477,363 2272,356 2271,300 1924,278 477,285"/>
                <Baseline points="489,349 577,348 666,347 754,346 843,346 932,345 1020,345 1109,345 1197,345 1286,344 1375,344 1463,344 1552,344 1640,345 1729,345 1818,345 1906,345 1995,345 2083,345 2172,345 2261,345"/>
                <TextEquiv>
                    <Unicode>plicium est comprehensio: in qua non percipitur nisi id quid verum est sub ratione vniuersalis: quemadmodum </Unicode>
                </TextEquiv>
            </TextLine>
            <TextLine id="r1l3" custom="readingOrder {index:1;}">
                <Coords points="478,418 2241,419 2274,361 478,362"/>
                <Baseline points="489,405 577,404 666,402 754,401 843,400 932,400 1020,399 1109,399 1198,399 1286,399 1375,399 1464,399 1552,399 1641,399 1730,399 1818,399 1907,399 1996,399 2084,399 2173,399 2262,399"/>
                <TextEquiv>
                    <Unicode>percipitur a sensu &amp; ab imaginatiua sub ratione particularis: non autem ipsa veritas: vt saepius in aliis</Unicode>
                </TextEquiv>
            </TextLine>
            <TextLine id="r1l4" custom="readingOrder {index:2;}">
                <Coords points="471,472 2185,476 2274,463 2274,411 471,418"/>
                <Baseline points="481,457 570,456 659,455 748,454 837,453 926,453 1015,452 1104,452 1193,452 1282,452 1372,452 1461,452 1550,452 1639,452 1728,452 1817,452 1906,452 1995,453 2084,453 2173,453 2263,453"/>
                <TextEquiv>
                    <Unicode>quaestionibus exposuimus. Scientia autem proprie dicta non consistit in perceptione eius quod est verum:</Unicode>
                </TextEquiv>
            </TextLine>
            <TextLine id="r1l5" custom="readingOrder {index:3;}">
                <Coords points="497,530 2271,523 2271,474 2120,461 497,472"/>
                <Baseline points="509,508 596,508 684,507 771,506 859,506 947,505 1034,505 1122,505 1209,505 1297,505 1385,505 1472,505 1560,506 1647,506 1735,506 1823,506 1910,506 1998,506 2085,507 2173,506 2261,506"/>
                <TextEquiv>
                    <Unicode>quia sic esset in cognitiua sensitiua: sed solum in perceptione veritatis. Vnde ex dicta perceptione sim</Unicode>
                </TextEquiv>
            </TextLine>
            <TextLine id="r1l6" custom="readingOrder {index:4;}">
                <Coords points="499,584 2249,583 2269,518 499,530"/>
                <Baseline points="511,562 598,562 685,561 773,561 860,561 947,561 1035,560 1122,560 1209,560 1297,560 1384,559 1471,559 1559,559 1646,559 1733,559 1821,560 1908,560 1995,560 2083,561 2170,562 2258,563"/>
                <TextEquiv>
                    <Unicode>plex notitia habetur: quae est principium ad generandi scientiam in intellectum: nulla autem scientia neque </Unicode>
                </TextEquiv>
            </TextLine>
            <TextLine id="r1l7" custom="readingOrder {index:5;}">
                <Coords points="480,626 2133,636 2267,625 2267,580 480,581"/>
                <Baseline points="491,617 579,616 667,615 755,615 844,614 932,614 1020,613 1109,613 1197,613 1285,613 1374,613 1462,613 1550,613 1638,613 1727,613 1815,613 1903,613 1992,614 2080,614 2168,615 2257,615"/>
                <TextEquiv>
                    <Unicode>in habitu, neque in actum. immo si scientia habeat fieri in intelligentia, hoc sit per eius frequentes operatio</Unicode>
                </TextEquiv>
            </TextLine>
            <TextLine id="r1l8" custom="readingOrder {index:6;}">
                <Coords points="479,684 2139,692 2269,681 2269,636 479,640"/>
                <Baseline points="491,669 579,668 667,667 756,667 844,666 932,666 1021,666 1109,666 1197,666 1286,666 1374,666 1462,666 1551,666 1639,666 1727,667 1816,667 1904,667 1992,668 2081,668 2169,668 2258,668"/>
                <TextEquiv>
                    <Unicode>nes intellectuales siue scientiales: quibus quasi ex doctrina acquirit sibi habitus virtutum contemplatiua</Unicode>
                </TextEquiv>
            </TextLine>
            <TextLine id="r1l9" custom="readingOrder {index:7;}">
                <Coords points="477,742 2245,744 2258,681 477,684"/>
                <Baseline points="489,723 576,722 664,722 752,722 840,722 928,721 1016,721 1103,721 1191,721 1279,721 1367,721 1455,721 1543,721 1631,721 1718,721 1806,721 1894,721 1982,721 2070,722 2158,722 2246,722"/>
                <TextEquiv>
                    <Unicode>rum: sicut per frequentes operationes electiuas boni voluntas acquirit sibi habitus virtutum mora-</Unicode>
                </TextEquiv>
            </TextLine>
            <TextLine id="r1l10" custom="readingOrder {index:8;}">
                <Coords points="480,800 2258,789 2218,729 480,740"/>
                <Baseline points="491,777 578,777 666,777 754,777 842,776 930,776 1017,776 1105,776 1193,776 1281,775 1369,775 1456,775 1544,775 1632,775 1720,775 1808,775 1895,775 1983,775 2071,776 2159,776 2247,777"/>
                <TextEquiv>
                    <Unicode>lium. EST igitur sciendum quod duplex est operatio intellectus nostri scientialis siue acquisitiua scien</Unicode>
                </TextEquiv>
            </TextLine>
            <TextLine id="r1l11" custom="readingOrder {index:9;}">
                <Coords points="486,842 2263,846 2171,783 486,800"/>
                <Baseline points="497,830 584,830 672,830 760,830 848,829 935,829 1023,829 1111,828 1199,828 1286,828 1374,827 1462,827 1550,827 1637,827 1725,827 1813,828 1901,828 1988,829 2076,829 2164,830 2252,832"/>
                <TextEquiv>
                    <Unicode>tiae. secundum quod determinat Boetius in principio Topicorum suorum dicens. Omnis ratio discernendi &amp;c.</Unicode>
                </TextEquiv>
            </TextLine>
            <TextLine id="r1l12" custom="readingOrder {index:10;}">
                <Coords points="480,898 2145,905 2256,894 2256,845 480,849"/>
                <Baseline points="491,885 578,884 666,884 754,883 841,883 929,882 1017,882 1104,882 1192,882 1280,882 1368,882 1455,882 1543,882 1631,882 1718,882 1806,882 1894,882 1981,882 2069,882 2157,882 2245,882"/>
                <TextEquiv>
                    <Unicode>Quarum vna definitiua ad cognoscendum quod quid est de incomplexo: &amp; hoc via diuisiua secundum artem tra-</Unicode>
                </TextEquiv>
            </TextLine>
            <TextLine id="r1l13" custom="readingOrder {index:11;}">
                <Coords points="493,956 2240,960 2260,889 493,896"/>
                <Baseline points="503,937 590,937 677,937 764,937 852,937 939,937 1026,936 1114,936 1201,936 1288,936 1376,936 1463,936 1550,936 1637,936 1725,936 1812,936 1899,936 1987,936 2074,937 2161,937 2249,938"/>
                <TextEquiv>
                    <Unicode>ditam in secundo posteriorum: &amp; in libro diuisionum Boetii. Alia vero syllogistica ad cognoscendum propter</Unicode>
                </TextEquiv>
            </TextLine>
            <TextLine id="r1l14" custom="readingOrder {index:12;}">
                <Coords points="495,1009 2260,1002 2191,946 495,958"/>
                <Baseline points="506,991 593,991 680,991 767,991 854,991 941,990 1028,990 1116,990 1203,989 1290,989 1377,988 1464,988 1551,988 1638,988 1726,988 1813,988 1900,989 1987,990 2074,991 2161,992 2249,994"/>
                <TextEquiv>
                    <Unicode>quid est de complexo: &amp; hoc via argumentatiua secundum artem traditam in tota noua logica. Ex quibus</Unicode>
                </TextEquiv>
            </TextLine>
            <TextLine id="r1l15" custom="readingOrder {index:13;}">
                <Coords points="479,1068 2258,1054 2258,1010 2111,998 479,1005"/>
                <Baseline points="491,1045 578,1044 666,1044 754,1043 842,1043 929,1043 1017,1043 1105,1042 1193,1042 1280,1042 1368,1042 1456,1042 1544,1042 1631,1042 1719,1043 1807,1043 1895,1043 1982,1043 2070,1044 2158,1044 2246,1045"/>
                <TextEquiv>
                    <Unicode>duabus operationibus intellectus terminantur quatuor quaestiones scientiales propositae a philosopho in </Unicode>
                </TextEquiv>
            </TextLine>
            <TextLine id="r1l16" custom="readingOrder {index:14;}">
                <Coords points="488,1121 2155,1121 2256,1112 2256,1054 488,1068"/>
                <Baseline points="499,1099 586,1098 673,1098 760,1098 848,1098 935,1098 1022,1097 1110,1097 1197,1097 1284,1097 1372,1097 1459,1097 1546,1097 1633,1097 1721,1097 1808,1097 1895,1097 1983,1098 2070,1098 2157,1099 2245,1099"/>
                <TextEquiv>
                    <Unicode>principio secundi posteriorum: Si est, quid est, quia est, propter quid est. Cognito enim quid est, cognosci</Unicode>
                </TextEquiv>
            </TextLine>
            <TextLine id="r1l17" custom="readingOrder {index:15;}">
                <Coords points="489,1181 2234,1174 2260,1113 489,1121"/>
                <Baseline points="500,1153 587,1153 675,1153 762,1152 850,1152 937,1152 1025,1152 1112,1151 1200,1151 1287,1150 1375,1150 1462,1150 1550,1150 1637,1150 1725,1150 1812,1150 1900,1151 1987,1151 2075,1152 2162,1154 2250,1155"/>
                <TextEquiv>
                    <Unicode>tur si est: &amp; habito propter quid est, habetur quia est: vt determinat philosophus ibidem. Habita igitur in prin-</Unicode>
                </TextEquiv>
            </TextLine>
            <TextLine id="r1l18" custom="readingOrder {index:16;}">
                <Coords points="485,1221 2212,1226 2252,1170 485,1174"/>
                <Baseline points="495,1207 582,1207 669,1206 756,1206 844,1205 931,1205 1018,1204 1106,1204 1193,1204 1280,1203 1368,1203 1455,1203 1542,1203 1629,1203 1717,1203 1804,1203 1891,1204 1979,1204 2066,1205 2153,1206 2241,1208"/>
                <TextEquiv>
                    <Unicode>cipio praedicta notitia simplicis intelligentiae qua ab intellectu comprehenditur id cuius est quod quid est, vt</Unicode>
                </TextEquiv>
            </TextLine>
            <TextLine id="r1l19" custom="readingOrder {index:17;}">
                <Coords points="484,1272 2254,1276 2254,1220 484,1232"/>
                <Baseline points="495,1259 582,1259 669,1259 757,1259 844,1259 932,1258 1019,1258 1106,1258 1194,1257 1281,1257 1369,1257 1456,1257 1543,1257 1631,1257 1718,1257 1806,1257 1893,1257 1980,1258 2068,1258 2155,1259 2243,1260"/>
                <TextEquiv>
                    <Unicode>puta Sol, eclipsis, Luna, terra &amp; caetera huiusmodi quae naturaliter comprehendimus ex sensu sine studio &amp;</Unicode>
                </TextEquiv>
            </TextLine>
            <TextLine id="r1l20" custom="readingOrder {index:18;}">
                <Coords points="502,1332 2189,1336 2254,1276 502,1279"/>
                <Baseline points="513,1314 599,1313 685,1313 772,1313 858,1313 945,1313 1031,1312 1118,1312 1204,1312 1291,1312 1377,1312 1463,1311 1550,1311 1636,1311 1723,1311 1809,1312 1896,1312 1982,1312 2069,1312 2155,1313 2242,1314"/>
                <TextEquiv>
                    <Unicode>vlla inuestigatione, statim vis intellectiua comprehensa admiratur: &amp; format sibi quaestiones de incomple-</Unicode>
                </TextEquiv>
            </TextLine>
            <TextLine id="r1l21" custom="readingOrder {index:19;}">
                <Coords points="487,1379 2136,1388 2252,1376 2252,1327 486,1319"/>
                <Baseline points="497,1367 584,1367 671,1366 758,1366 845,1366 933,1365 1020,1365 1107,1365 1194,1365 1281,1364 1369,1364 1456,1364 1543,1364 1630,1364 1717,1364 1805,1364 1892,1365 1979,1365 2066,1366 2153,1367 2241,1367"/>
                <TextEquiv>
                    <Unicode>xo: vt quid est sol, quid est eclipsis &amp; caetera huiusmodi. Et si percipit per sensum eclipsim inesse soli, statim</Unicode>
                </TextEquiv>
            </TextLine>
            <TextLine id="r1l22" custom="readingOrder {index:20;}">
                <Coords points="488,1431 2258,1436 2215,1375 488,1380"/>
                <Baseline points="500,1419 587,1419 674,1419 761,1419 849,1418 936,1418 1023,1418 1111,1418 1198,1418 1285,1418 1373,1418 1460,1418 1547,1418 1634,1418 1722,1418 1809,1418 1896,1418 1984,1419 2071,1419 2158,1419 2246,1420"/>
                <TextEquiv>
                    <Unicode>quaerit causam: scilicet propter quid sol eclipsatur. &amp; propter huiusmodi admirari, statim incipit phi</Unicode>
                </TextEquiv>
            </TextLine>
            <TextLine id="r1l23" custom="readingOrder {index:21;}">
                <Coords points="483,1491 2266,1492 2266,1438 2108,1427 483,1431"/>
                <Baseline points="494,1473 582,1473 670,1473 758,1473 846,1473 934,1473 1022,1473 1110,1473 1198,1473 1286,1473 1374,1473 1462,1473 1550,1473 1638,1473 1726,1473 1814,1473 1902,1473 1990,1473 2078,1474 2166,1474 2254,1474"/>
                <TextEquiv>
                    <Unicode>losophari. Et primo discurrendo &amp; pertractando vniuersale communissimum via diuisiua per differentias</Unicode>
                </TextEquiv>
            </TextLine>
            <TextLine id="r1l24" custom="readingOrder {index:22;}">
                <Coords points="489,1536 2248,1548 2248,1490 2190,1483 489,1491"/>
                <Baseline points="501,1527 587,1527 674,1526 761,1526 848,1526 935,1526 1021,1525 1108,1525 1195,1525 1282,1525 1369,1525 1455,1525 1542,1525 1629,1526 1716,1526 1803,1526 1889,1526 1976,1527 2063,1527 2150,1528 2237,1528"/>
                <TextEquiv>
                    <Unicode>vsque ad speciem, inuenit notitiam eius quid quid est, de vnoquoque: quam format sibi in verbo quod intellectua</Unicode>
                </TextEquiv>
            </TextLine>
            <TextLine id="r1l25" custom="readingOrder {index:23;}">
                <Coords points="479,1588 2257,1602 2257,1539 2159,1535 479,1536"/>
                <Baseline points="489,1579 576,1579 664,1579 752,1579 840,1579 928,1579 1016,1578 1103,1578 1191,1578 1279,1578 1367,1578 1455,1579 1543,1579 1631,1579 1718,1579 1806,1580 1894,1580 1982,1581 2070,1581 2158,1582 2246,1583"/>
                <TextEquiv>
                    <Unicode>li operatione sua concipit: &amp; dicit intellectum componente: quoniam hoc puta homo, est animal rationale. Dein</Unicode>
                </TextEquiv>
            </TextLine>
            <TextLine id="r1l26" custom="readingOrder {index:24;}">
                <Coords points="475,1650 2260,1659 2260,1601 2151,1590 475,1599"/>
                <Baseline points="485,1632 573,1633 661,1633 749,1633 837,1633 925,1633 1013,1633 1102,1634 1190,1634 1278,1634 1366,1634 1454,1634 1542,1634 1630,1634 1719,1634 1807,1634 1895,1634 1983,1635 2071,1635 2159,1635 2248,1636"/>
                <TextEquiv>
                    <Unicode>de discurrendo per ea quae media inuenit inter praedicatum &amp; subiectum, cum concipit quia sol eclipsatur via</Unicode>
                </TextEquiv>
            </TextLine>
            <TextLine id="r1l27" custom="readingOrder {index:25;}">
                <Coords points="480,1704 2252,1707 2252,1658 2157,1647 481,1646"/>
                <Baseline points="492,1686 579,1686 667,1686 754,1687 842,1687 929,1687 1017,1687 1104,1687 1192,1687 1279,1687 1367,1687 1454,1687 1542,1687 1629,1687 1717,1688 1804,1688 1892,1688 1979,1689 2067,1689 2154,1690 2242,1690"/>
                <TextEquiv>
                    <Unicode>artis syllogisticae inueniendo medium quod est causa inhaerentiae praedicati ad subiectum, concipit notitiam quae </Unicode>
                </TextEquiv>
            </TextLine>
            <TextLine id="r1l28" custom="readingOrder {index:26;}">
                <Coords points="485,1753 2261,1754 2261,1712 2123,1698 485,1704"/>
                <Baseline points="495,1739 582,1739 670,1739 758,1739 845,1740 933,1740 1021,1740 1108,1740 1196,1740 1284,1740 1372,1740 1459,1740 1547,1740 1635,1740 1722,1740 1810,1741 1898,1741 1985,1742 2073,1742 2161,1743 2249,1744"/>
                <TextEquiv>
                    <Unicode>est propter quid: quam format in verbo quod concipit intellectuali operatione: &amp; dicit intellectum componen</Unicode>
                </TextEquiv>
            </TextLine>
            <TextLine id="r1l29" custom="readingOrder {index:27;}">
                <Coords points="473,1808 2198,1816 2261,1762 473,1768"/>
                <Baseline points="485,1794 573,1794 661,1794 749,1794 838,1794 926,1794 1014,1794 1102,1794 1191,1794 1279,1794 1367,1794 1455,1794 1544,1794 1632,1794 1720,1794 1808,1795 1897,1795 1985,1795 2073,1795 2161,1795 2250,1796"/>
                <TextEquiv>
                    <Unicode>te quod sol eclipsatur: quia luna directe inter nos &amp; ipsum interponitur. Et se habet talis operatio intellectus</Unicode>
                </TextEquiv>
            </TextLine>
            <TextLine id="r1l30" custom="readingOrder {index:28;}">
                <Coords points="480,1864 2261,1872 2232,1802 481,1815"/>
                <Baseline points="491,1846 583,1846 676,1847 768,1847 861,1847 953,1847 1046,1847 1139,1847 1231,1847 1324,1848 1416,1848 1509,1848 1601,1848 1694,1848 1787,1848 1879,1849 1972,1849 2064,1849 2157,1849 2250,1849"/>
                <TextEquiv>
                    <Unicode>intelligentis vel cognoscentis verum scientificum de eo quid quid est, vel propter quid, ad generandum in ipso</Unicode>
                </TextEquiv>
            </TextLine>
            <TextLine id="r1l31" custom="readingOrder {index:29;}">
                <Coords points="490,1915 2255,1918 2255,1869 2130,1857 490,1859"/>
                <Baseline points="502,1898 589,1899 676,1900 763,1900 850,1901 937,1901 1024,1901 1111,1901 1198,1901 1285,1901 1373,1901 1460,1901 1547,1901 1634,1901 1721,1901 1808,1901 1895,1901 1982,1902 2069,1902 2156,1902 2244,1903"/>
                <TextEquiv>
                    <Unicode>intellectu habitus contemplatiuos siue speculatiuos: sicut se habet operatio voluntatis eligentis bonum </Unicode>
                </TextEquiv>
            </TextLine>
            <TextLine id="r1l32" custom="readingOrder {index:30;}">
                <Coords points="486,1975 2255,1973 2229,1911 486,1915"/>
                <Baseline points="497,1954 584,1954 671,1954 759,1954 846,1954 933,1954 1021,1954 1108,1954 1195,1954 1283,1954 1370,1954 1457,1954 1545,1955 1632,1955 1719,1955 1807,1955 1894,1955 1981,1955 2069,1956 2156,1956 2244,1956"/>
                <TextEquiv>
                    <Unicode>de eo quod est operabile ad generandum in se habitus morales: lta quod sicut ante primum actum electionis bo</Unicode>
                </TextEquiv>
            </TextLine>
            <TextLine id="r1l33" custom="readingOrder {index:31;}">
                <Coords points="491,2015 2265,2019 2220,1963 491,1971"/>
                <Baseline points="501,2007 588,2008 676,2008 763,2009 851,2009 939,2009 1026,2009 1114,2009 1201,2009 1289,2009 1377,2009 1464,2009 1552,2009 1639,2009 1727,2009 1815,2009 1902,2009 1990,2009 2077,2010 2165,2010 2253,2011"/>
                <TextEquiv>
                    <Unicode>ni nihil est in voluntate de habitu morali: sed per huiusmodi actum primum incipit fieri in ipsa voluntate</Unicode>
                </TextEquiv>
            </TextLine>
            <TextLine id="r1l34" custom="readingOrder {index:32;}">
                <Coords points="487,2069 2256,2074 2256,2030 2096,2016 487,2015"/>
                <Baseline points="498,2060 585,2061 672,2062 760,2063 847,2063 935,2063 1022,2064 1109,2063 1197,2063 1284,2063 1372,2063 1459,2063 1546,2062 1634,2062 1721,2062 1809,2062 1896,2062 1983,2063 2071,2063 2158,2064 2246,2065"/>
                <TextEquiv>
                    <Unicode>dispositio quaedam ad habitum moralem: quae per frequentes actiones consimiles intenditur seu augmentatur</Unicode>
                </TextEquiv>
            </TextLine>
            <TextLine id="r1l35" custom="readingOrder {index:33;}">
                <Coords points="480,2131 2261,2141 2261,2072 480,2093"/>
                <Baseline points="492,2116 579,2116 667,2116 755,2117 843,2117 931,2117 1019,2117 1106,2116 1194,2116 1282,2116 1370,2116 1458,2116 1546,2116 1634,2116 1721,2116 1809,2116 1897,2116 1985,2117 2073,2117 2161,2118 2249,2119"/>
                <TextEquiv>
                    <Unicode>&amp; firmatur: &amp; demum sit habitus: sic ante primum actum intellectus scientificum cognoscentis verum secun</Unicode>
                </TextEquiv>
            </TextLine>
            <TextLine id="r1l36" custom="readingOrder {index:34;}">
                <Coords points="471,2187 2256,2188 2256,2136 2141,2125 471,2131"/>
                <Baseline points="483,2170 571,2170 659,2170 747,2170 835,2170 923,2170 1011,2170 1100,2170 1188,2170 1276,2170 1364,2170 1452,2170 1540,2170 1628,2170 1717,2170 1805,2170 1893,2170 1981,2171 2069,2171 2157,2171 2246,2172"/>
                <TextEquiv>
                    <Unicode>dum iam dictum modum, nihil est in intellectum omnino: neque in eius memoria de habitu aliquo speculatiuo</Unicode>
                </TextEquiv>
            </TextLine>
            <TextLine id="r1l37" custom="readingOrder {index:35;}">
                <Coords points="487,2236 2257,2238 2257,2194 2121,2178 487,2187"/>
                <Baseline points="498,2224 585,2224 672,2225 760,2225 847,2225 935,2225 1022,2225 1109,2225 1197,2225 1284,2225 1372,2225 1459,2225 1546,2225 1634,2225 1721,2225 1809,2225 1896,2225 1983,2225 2071,2225 2158,2225 2246,2226"/>
                <TextEquiv>
                    <Unicode>scientiali: neque vlla scientia omnino: sed per huiusmodi actum primum incipit fieri in intellectu dispositio quae </Unicode>
                </TextEquiv>
            </TextLine>
            <TextLine id="r1l38" custom="readingOrder {index:36;}">
                <Coords points="482,2294 2256,2293 2231,2233 482,2238"/>
                <Baseline points="492,2277 579,2278 667,2278 754,2278 842,2278 930,2278 1017,2278 1105,2278 1192,2278 1280,2278 1368,2278 1455,2278 1543,2278 1630,2278 1718,2278 1806,2278 1893,2279 1981,2279 2068,2279 2156,2280 2244,2280"/>
                <TextEquiv>
                    <Unicode>dam ad habitum scientialem: quae per frequentes actiones intellectuales intenditur seu augmentatur &amp;</Unicode>
                </TextEquiv>
            </TextLine>
            <TextLine id="r1l39" custom="readingOrder {index:37;}">
                <Coords points="472,2338 2253,2352 2201,2285 472,2307"/>
                <Baseline points="484,2331 571,2331 659,2331 747,2331 835,2331 923,2331 1011,2331 1098,2331 1186,2331 1274,2331 1362,2332 1450,2332 1538,2332 1626,2332 1713,2332 1801,2332 1889,2331 1977,2331 2065,2331 2153,2331 2241,2331"/>
                <TextEquiv>
                    <Unicode>firmatur: &amp; per hoc demum sit habitus. Et hoc est quod philosophus in secundo Ethicorum, loquens de habi-</Unicode>
                </TextEquiv>
            </TextLine>
            <TextLine id="r1l40" custom="readingOrder {index:38;}">
                <Coords points="487,2394 2252,2399 2252,2355 2094,2334 487,2345"/>
                <Baseline points="499,2385 586,2385 673,2385 760,2385 847,2385 934,2385 1021,2386 1108,2386 1195,2386 1282,2386 1370,2386 1457,2386 1544,2386 1631,2386 1718,2386 1805,2386 1892,2386 1979,2386 2066,2386 2153,2385 2241,2385"/>
                <TextEquiv>
                    <Unicode>tu, non virtutis generatione, dicit. Duplici autem virtute existente, hac intellectuali, hac autem morali: quae </Unicode>
                </TextEquiv>
            </TextLine>
            <TextLine id="r1l41" custom="readingOrder {index:39;}">
                <Coords points="481,2454 2017,2461 2251,2447 2251,2398 481,2412"/>
                <Baseline points="493,2438 580,2438 667,2438 755,2438 842,2439 930,2439 1017,2439 1104,2439 1192,2440 1279,2440 1367,2440 1454,2440 1541,2440 1629,2440 1716,2440 1804,2440 1891,2439 1978,2439 2066,2438 2153,2437 2241,2436"/>
                <TextEquiv>
                    <Unicode>quidem intellectualis plurimum ex doctrina habet &amp; generationem &amp; augmentationem: ideoque experimento idi-</Unicode>
                </TextEquiv>
            </TextLine>
            <TextLine id="r1l42" custom="readingOrder {index:40;}">
                <Coords points="484,2503 2209,2512 2251,2447 484,2454"/>
                <Baseline points="494,2492 581,2491 668,2492 755,2492 843,2492 930,2492 1017,2492 1105,2492 1192,2493 1279,2493 1367,2493 1454,2493 1541,2493 1628,2493 1716,2493 1803,2493 1890,2492 1978,2492 2065,2491 2152,2491 2240,2490"/>
                <TextEquiv>
                    <Unicode>get &amp; tempore: moralis vero ex more sit. vbi dicit commentator. Propriis enim operationibus habet habi-</Unicode>
                </TextEquiv>
            </TextLine>
            <TextLine id="r1l43" custom="readingOrder {index:41;}">
                <Coords points="482,2558 2129,2567 2252,2555 2252,2502 482,2514"/>
                <Baseline points="493,2546 580,2546 667,2546 755,2546 842,2546 930,2546 1017,2546 1104,2547 1192,2547 1279,2547 1367,2547 1454,2547 1541,2547 1629,2547 1716,2547 1804,2546 1891,2546 1978,2546 2066,2545 2153,2545 2241,2544"/>
                <TextEquiv>
                    <Unicode>tum aduenientem. Et ideo sicut habitus moralis in voluntate nihil aliud est quam habilitas quaedam acqui- </Unicode>
                </TextEquiv>
            </TextLine>
            <TextLine id="r1l44" custom="readingOrder {index:42;}">
                <Coords points="488,2614 2253,2610 2235,2557 488,2561"/>
                <Baseline points="498,2599 585,2599 672,2600 759,2600 846,2600 934,2600 1021,2601 1108,2601 1195,2601 1282,2601 1370,2601 1457,2601 1544,2601 1631,2601 1718,2601 1806,2601 1893,2601 1980,2600 2067,2600 2154,2599 2242,2599"/>
                <TextEquiv>
                    <Unicode>sita per frequentes voluntatis operationes in eligendo bonum operabile, per quam inclinatur in modum </Unicode>
                </TextEquiv>
            </TextLine>
            <TextLine id="r1l45" custom="readingOrder {index:43;}">
                <Coords points="492,2665 2121,2676 2250,2662 2250,2618 492,2621"/>
                <Baseline points="502,2653 588,2653 675,2653 762,2653 849,2653 936,2653 1023,2654 1110,2654 1197,2654 1284,2654 1371,2654 1457,2654 1544,2654 1631,2654 1718,2654 1805,2653 1892,2653 1979,2653 2066,2652 2153,2652 2240,2651"/>
                <TextEquiv>
                    <Unicode>naturae vt expedite &amp; de facili &amp; delectabiliter eligat in operandis quod bonum est: sic habitus intelle-</Unicode>
                </TextEquiv>
            </TextLine>
            <TextLine id="r1l46" custom="readingOrder {index:44;}">
                <Coords points="481,2732 2258,2715 2240,2661 481,2663"/>
                <Baseline points="493,2706 580,2707 668,2707 755,2707 843,2707 931,2707 1018,2707 1106,2707 1194,2707 1281,2707 1369,2707 1457,2707 1544,2707 1632,2707 1720,2707 1807,2707 1895,2707 1983,2707 2070,2707 2158,2707 2246,2706"/>
                <TextEquiv>
                    <Unicode>ctualis siue scientialis in intellectu: nihil aliud est quam habilitas quaedam in intellectu acquisita per frequem</Unicode>
                </TextEquiv>
            </TextLine>
            <TextLine id="r1l47" custom="readingOrder {index:45;}">
                <Coords points="491,2768 2249,2768 2234,2716 491,2717"/>
                <Baseline points="502,2760 588,2760 675,2760 762,2761 849,2761 936,2761 1022,2761 1109,2762 1196,2762 1283,2762 1370,2762 1456,2761 1543,2761 1630,2761 1717,2761 1804,2761 1890,2761 1977,2760 2064,2760 2151,2760 2238,2760"/>
                <TextEquiv>
                    <Unicode>tes intellectus operationes in concipiendo intellectum componente verum speculabile: vt non intelligamus</Unicode>
                </TextEquiv>
            </TextLine>
            <TextLine id="r1l48" custom="readingOrder {index:46;}">
                <Coords points="488,2840 2247,2832 2247,2779 2178,2772 488,2768"/>
                <Baseline points="499,2812 585,2813 672,2813 759,2814 846,2814 933,2815 1020,2815 1106,2815 1193,2815 1280,2815 1367,2815 1454,2815 1541,2815 1628,2815 1714,2815 1801,2815 1888,2815 1975,2815 2062,2814 2149,2814 2236,2814"/>
                <TextEquiv>
                    <Unicode>habitum scientiae quasi collationem plurium propositionum quae sunt principia vel conclusiones: sed id per</Unicode>
                </TextEquiv>
            </TextLine>
            <TextLine id="r1l49" custom="readingOrder {index:47;}">
                <Coords points="485,2880 2163,2889 2248,2878 2248,2831 485,2833"/>
                <Baseline points="496,2865 583,2866 670,2866 757,2867 844,2867 931,2867 1018,2868 1105,2868 1192,2868 1279,2868 1366,2868 1453,2868 1540,2868 1627,2868 1714,2868 1801,2868 1888,2868 1975,2868 2062,2868 2149,2868 2236,2868"/>
                <TextEquiv>
                    <Unicode>quod intellectus inclinatur in modum naturae: vt expedite &amp; de facili concipiat in pertractando quod ve</Unicode>
                </TextEquiv>
            </TextLine>
            <TextLine id="r1l50" custom="readingOrder {index:48;}">
                <Coords points="488,2944 2166,2940 2244,2935 2244,2877 488,2880"/>
                <Baseline points="498,2920 584,2920 671,2921 758,2921 844,2922 931,2922 1018,2922 1104,2922 1191,2922 1278,2922 1365,2922 1451,2922 1538,2922 1625,2922 1711,2922 1798,2921 1885,2921 1971,2921 2058,2921 2145,2921 2232,2921"/>
                <TextEquiv>
                    <Unicode>rum, siue quod quid est, siue propter quid est. &amp; per hoc in ipso habitu scientifico virtute sunt omnes con-</Unicode>
                </TextEquiv>
            </TextLine>
            <TextLine id="r1l51" custom="readingOrder {index:49;}">
                <Coords points="481,2989 2247,2991 2198,2929 481,2933"/>
                <Baseline points="492,2973 579,2974 666,2975 753,2975 840,2976 928,2976 1015,2976 1102,2977 1189,2977 1276,2977 1364,2977 1451,2977 1538,2977 1625,2977 1712,2976 1800,2976 1887,2976 1974,2975 2061,2975 2148,2974 2236,2973"/>
                <TextEquiv>
                    <Unicode>ceptus, &amp; de principiis, &amp; de conclusionibus, &amp; ex ipso eliciuntur. Et propter hoc huiusmodi habilitas in in- </Unicode>
                </TextEquiv>
            </TextLine>
            <TextLine id="r1l52" custom="readingOrder {index:50;}">
                <Coords points="483,3036 2246,3049 2246,2993 2168,2984 483,2989"/>
                <Baseline points="494,3026 581,3027 668,3028 755,3028 842,3029 929,3029 1016,3030 1103,3030 1190,3030 1277,3030 1365,3030 1452,3030 1539,3030 1626,3030 1713,3030 1800,3029 1887,3029 1974,3029 2061,3029 2148,3029 2236,3029"/>
                <TextEquiv>
                    <Unicode>tellectu dicitur scientia in habitu: quia mansiua est: &amp; cum ex ea, vel secundum eam non consideratur in actu</Unicode>
                </TextEquiv>
            </TextLine>
            <TextLine id="r1l53" custom="readingOrder {index:51;}">
                <Coords points="479,3096 2242,3093 2173,3040 479,3040"/>
                <Baseline points="489,3080 576,3081 663,3081 750,3082 837,3082 924,3083 1011,3083 1098,3083 1185,3084 1272,3084 1360,3084 1447,3084 1534,3084 1621,3084 1708,3084 1795,3084 1882,3083 1969,3083 2056,3082 2143,3082 2231,3081"/>
                <TextEquiv>
                    <Unicode>dicitur esse in intellectu quo ad potentiam eius memoratiuam: &amp; cum ex ipsa elicitur actualis considera- </Unicode>
                </TextEquiv>
            </TextLine>
            <TextLine id="r1l54" custom="readingOrder {index:52;}">
                <Coords points="479,3159 2258,3157 2258,3094 479,3096"/>
                <Baseline points="490,3132 577,3134 665,3135 753,3136 841,3137 929,3137 1016,3138 1104,3138 1192,3138 1280,3138 1368,3138 1455,3138 1543,3138 1631,3138 1719,3138 1807,3138 1894,3137 1982,3137 2070,3137 2158,3137 2246,3137"/>
                <TextEquiv>
                    <Unicode>tio &amp; conceptus verbi in intelligentia, dicitur procedere siue nasci verbum siue notitia in intellectu de</Unicode>
                </TextEquiv>
            </TextLine>
            <TextLine id="r1l55" custom="readingOrder {index:53;}">
                <Coords points="482,3219 2143,3232 2243,3225 2243,3152 482,3159"/>
                <Baseline points="493,3187 579,3188 666,3190 753,3191 840,3192 927,3193 1014,3193 1101,3194 1188,3194 1275,3194 1362,3194 1448,3194 1535,3194 1622,3193 1709,3193 1796,3193 1883,3192 1970,3192 2057,3192 2144,3191 2231,3191"/>
                <TextEquiv>
                    <Unicode>notitia quae est in memoria: qualis est ipsa quae est in memoria. Vnde praeter dictos tres modos no- </Unicode>
                </TextEquiv>
            </TextLine>
            <TextEquiv>
                <Unicode>plicium est comprehensio: in qua non percipitur nisi id quid verum est sub ratione vniuersalis: quemadmodum 
percipitur a sensu &amp; ab imaginatiua sub ratione particularis: non autem ipsa veritas: vt saepius in aliis
quaestionibus exposuimus. Scientia autem proprie dicta non consistit in perceptione eius quod est verum:
quia sic esset in cognitiua sensitiua: sed solum in perceptione veritatis. Vnde ex dicta perceptione sim
plex notitia habetur: quae est principium ad generandi scientiam in intellectum: nulla autem scientia neque 
in habitu, neque in actum. immo si scientia habeat fieri in intelligentia, hoc sit per eius frequentes operatio
nes intellectuales siue scientiales: quibus quasi ex doctrina acquirit sibi habitus virtutum contemplatiua
rum: sicut per frequentes operationes electiuas boni voluntas acquirit sibi habitus virtutum mora-
lium. EST igitur sciendum quod duplex est operatio intellectus nostri scientialis siue acquisitiua scien
tiae. secundum quod determinat Boetius in principio Topicorum suorum dicens. Omnis ratio discernendi &amp;c.
Quarum vna definitiua ad cognoscendum quod quid est de incomplexo: &amp; hoc via diuisiua secundum artem tra-
ditam in secundo posteriorum: &amp; in libro diuisionum Boetii. Alia vero syllogistica ad cognoscendum propter
quid est de complexo: &amp; hoc via argumentatiua secundum artem traditam in tota noua logica. Ex quibus
duabus operationibus intellectus terminantur quatuor quaestiones scientiales propositae a philosopho in 
principio secundi posteriorum: Si est, quid est, quia est, propter quid est. Cognito enim quid est, cognosci
tur si est: &amp; habito propter quid est, habetur quia est: vt determinat philosophus ibidem. Habita igitur in prin-
cipio praedicta notitia simplicis intelligentiae qua ab intellectu comprehenditur id cuius est quod quid est, vt
puta Sol, eclipsis, Luna, terra &amp; caetera huiusmodi quae naturaliter comprehendimus ex sensu sine studio &amp;
vlla inuestigatione, statim vis intellectiua comprehensa admiratur: &amp; format sibi quaestiones de incomple-
xo: vt quid est sol, quid est eclipsis &amp; caetera huiusmodi. Et si percipit per sensum eclipsim inesse soli, statim
quaerit causam: scilicet propter quid sol eclipsatur. &amp; propter huiusmodi admirari, statim incipit phi
losophari. Et primo discurrendo &amp; pertractando vniuersale communissimum via diuisiua per differentias
vsque ad speciem, inuenit notitiam eius quid quid est, de vnoquoque: quam format sibi in verbo quod intellectua
li operatione sua concipit: &amp; dicit intellectum componente: quoniam hoc puta homo, est animal rationale. Dein
de discurrendo per ea quae media inuenit inter praedicatum &amp; subiectum, cum concipit quia sol eclipsatur via
artis syllogisticae inueniendo medium quod est causa inhaerentiae praedicati ad subiectum, concipit notitiam quae 
est propter quid: quam format in verbo quod concipit intellectuali operatione: &amp; dicit intellectum componen
te quod sol eclipsatur: quia luna directe inter nos &amp; ipsum interponitur. Et se habet talis operatio intellectus
intelligentis vel cognoscentis verum scientificum de eo quid quid est, vel propter quid, ad generandum in ipso
intellectu habitus contemplatiuos siue speculatiuos: sicut se habet operatio voluntatis eligentis bonum 
de eo quod est operabile ad generandum in se habitus morales: lta quod sicut ante primum actum electionis bo
ni nihil est in voluntate de habitu morali: sed per huiusmodi actum primum incipit fieri in ipsa voluntate
dispositio quaedam ad habitum moralem: quae per frequentes actiones consimiles intenditur seu augmentatur
&amp; firmatur: &amp; demum sit habitus: sic ante primum actum intellectus scientificum cognoscentis verum secun
dum iam dictum modum, nihil est in intellectum omnino: neque in eius memoria de habitu aliquo speculatiuo
scientiali: neque vlla scientia omnino: sed per huiusmodi actum primum incipit fieri in intellectu dispositio quae 
dam ad habitum scientialem: quae per frequentes actiones intellectuales intenditur seu augmentatur &amp;
firmatur: &amp; per hoc demum sit habitus. Et hoc est quod philosophus in secundo Ethicorum, loquens de habi-
tu, non virtutis generatione, dicit. Duplici autem virtute existente, hac intellectuali, hac autem morali: quae 
quidem intellectualis plurimum ex doctrina habet &amp; generationem &amp; augmentationem: ideoque experimento idi-
get &amp; tempore: moralis vero ex more sit. vbi dicit commentator. Propriis enim operationibus habet habi-
tum aduenientem. Et ideo sicut habitus moralis in voluntate nihil aliud est quam habilitas quaedam acqui- 
sita per frequentes voluntatis operationes in eligendo bonum operabile, per quam inclinatur in modum 
naturae vt expedite &amp; de facili &amp; delectabiliter eligat in operandis quod bonum est: sic habitus intelle-
ctualis siue scientialis in intellectu: nihil aliud est quam habilitas quaedam in intellectu acquisita per frequem
tes intellectus operationes in concipiendo intellectum componente verum speculabile: vt non intelligamus
habitum scientiae quasi collationem plurium propositionum quae sunt principia vel conclusiones: sed id per
quod intellectus inclinatur in modum naturae: vt expedite &amp; de facili concipiat in pertractando quod ve
rum, siue quod quid est, siue propter quid est. &amp; per hoc in ipso habitu scientifico virtute sunt omnes con-
ceptus, &amp; de principiis, &amp; de conclusionibus, &amp; ex ipso eliciuntur. Et propter hoc huiusmodi habilitas in in- 
tellectu dicitur scientia in habitu: quia mansiua est: &amp; cum ex ea, vel secundum eam non consideratur in actu
dicitur esse in intellectu quo ad potentiam eius memoratiuam: &amp; cum ex ipsa elicitur actualis considera- 
tio &amp; conceptus verbi in intelligentia, dicitur procedere siue nasci verbum siue notitia in intellectu de
notitia quae est in memoria: qualis est ipsa quae est in memoria. Vnde praeter dictos tres modos no- </Unicode>
            </TextEquiv>
        </TextRegion>
    </Page>
</PcGts>
