2437 3710
185 360 1965 454 titiae in comprehensione simplici quae non potest dici proprie scientia: sunt alii tres modi notitiae, quae
181 436 1959 493 proprie dicenda est scientia. Vnus enim modus notitiae quae est scientia, est habitus intellectualis latens
191 487 1952 556 in memoria intellectuali. Alio modo verbum conceptum ex illo in intelligentia. Et tertio modo ipse actus
193 533 1951 598 intelligendi quo concipitur, qui non potest dici verbum nisi ea ratione qua verbo conceptus informatur: vt
188 584 1944 655 iam amplius dicetur. REcapitulando igitur dico, quod primo modo notitia in intellectu dicitur obiectum vni
191 641 1950 718 uersale: vt praesens intellectui: & perfectio memoriae: & non est in intellectum nisi de notitia praecedente in
196 694 1952 770 imaginatiua. lsta autem notitia sicut obiectum mouet aciem intelligentiae ad se conuersae: & elicit ex ea actum
194 746 1963 826 intelligendi: qui etiam dicitur notitia alio modo: & notitia de notitia. Et terminatur actus iste in obiectum
197 802 1946 877 ipsum vt in comprehensum ab intelligentia: & sic illud obiectum dicitur esse notitia in intelligentia: & pro-
199 859 1953 933 cedens secundum dictum modum a notitia quae praecessit in memoria. Et sunt istae notitiae non scientiales,
187 909 1957 988 nec possunt dici scientiae: sed cum intellectus illustratur tali modo, incipit negotiari & discurrere & per
189 964 1949 1031 tractare secundum actum intelli gendi ad cognoscendum de vnoquoque quid & propter quid. Cum est in per-
199 1017 1948 1085 tractando & discurrendo, actus sui vagi sunt & informes: nec dicuntur esse notitiae: neque etiam possunt
193 1070 1954 1145 aliquo modo dici verbum. secundum quod determinat Augustinus. Sed cum post perscrutationem concipit ver
192 1122 1951 1200 bum veritatis de eo quod quid est, vel propter quid: ille actus intelligendi dicitur notitia scientialis: & si-
185 1173 1952 1243 militer ipse conceptus ad quem terminatur vt ad obiectum quod est verbum veritatis. Nec est aliqua harum
194 1237 1957 1308 notitiarum ex aliqua notitia alia praecedenti in actu vel in habitu: immo sicut in concipiendo verbum
191 1292 1954 1348 praedictum simplicis intelligentiae: intellectus agens ponit vt praesens memoriae obiectum vniuersale incon
185 1346 1956 1403 plexum: ex quo sicut ex notitia memoriae procedit duplex notitia intelligentiae, scilicet ipse actus intel
190 1395 1946 1468 ligendi: & ipsum obiectum perceptum: sic in concipiendo istud verbum scientiale intellectus componentis
180 1448 1957 1518 ipse intellectus sui inuestigatione habet vt praesens in memoria illam notitiam vt obiectum vniuersale
188 1507 1955 1567 complexum: ex quo sicut ex notitia memoriae procaedit duplex notitia scientialis in intelligentia: scilicet
193 1549 1951 1618 ipse actus intelligendi complexus, & ipsum obiectum vt verbum conceptum: quid adhuc praecedit omnem ha
188 1601 1951 1680 bitum scientiae: sed est primum principium adgenerandi secundum dictum modum habitum scientiae, ex quo
193 1665 1951 1721 vlterius pro tanto quod est generatus absque alio discursu, eliciuntur actus intelligendi quibus verba scien
192 1713 1955 1783 tifica eliciuntur ex scientia: quae latet in habitu memoriae. secundum quod dicit Augustinus in auctoritate
188 1761 1946 1841 praemissa, Cum verum loquimur &c. Et sic necessario duplex genus verbi concipitur in intellectu antequam
195 1827 1949 1897 possit concipi verbum ex habitu scientiali: immo etiam antequam habeat generari. Et secundum hos modos
188 1882 1951 1950 Augustinus varie loquitur de verbo & de scientia siue notitia: vt patet perscrutanti librum eius de
190 1928 1946 1988 trinitate. Tale ergo verbum conceptum non ab existente realiter: sed solum vt cognitum in intellectum, non
180 1977 1948 2054 formatur nisi de re quae est aliquid extra intellectum per essentiam secundum esse perfectum, praeter illud quod
193 2041 1941 2112 est in intellectu secundum esse diminutum, quemadmodum forma domus est aliquid in materia praeter hoc
188 2091 1951 2153 quod est aliquid in intelligentia. generatur enim domus a domo, domus in materia a domo quae est in ani
190 2146 1955 2215 ma: & similiter sanitas de sanitate: vt dicit philosophus in septimo Metaphysicae. Vnde si domus non
189 2190 1950 2268 haberet esse nisi in anima: tunc vera domus esset illud quod est verbum domus in anima: vt essent idem
192 2247 1954 2311 re verbum: & id cuius est: differentia sola ratione, aut non posset dici verbum omnino: vt secundum hoc
189 2300 1954 2370 forma illa secundum id quod est secundum se, quiditas quaedam esset & res vera: verbum autem secundum
182 2364 1956 2429 rationem qua cadit in actuali consideratione intellectus. Et sicut esset de domo si secundum perfectum
185 2412 1954 2475 esse essentiae suae esset in anima: consimiliter dicendum esset de omnibus quae per praesentiam essentiae
185 2463 1955 2540 suae actione visionis sunt id quod sunt in esse singulari: quod in intellectum non formarent in se aliquod verbum
193 2513 1949 2586 differens re ab eo cuius est secundum modum dictum: sed si aliquo modo dicatur verbum de eo esse in
187 2566 1956 2630 intellectum: illud solum differt ratione ab eo cuius est: Vt secundum hoc quemadmodum mens cum non co
186 2623 1945 2696 gitat se: nuilum habet habitum notitiae sui in vi memoratiua, quae est alia ab ipsa: immo ipsa sibi me-
180 2682 1945 2750 moria est: secundum quod dictum est secundum Augustinum in praesenti quaestione: quia ipsa est suiipsius notitia
188 2735 1951 2791 per essentiam existens in sua memoria: qua (ut dictum est supra secundum Augustinum) nouit se semper
188 2788 1954 2858 etsi non semper se cogitat: Similiter mens cum se singulariter secundum actum cogitat, nihil habet singula
184 2841 1951 2899 ris notitiae de se in vi intellectiua quae est alia a sua essentia: immo ipsa sibi est actualis notitia siue ver-
187 2885 1952 2955 bum in intelligentia: nisi sit actus intelligendi: ita quod illa quae sunt per essentiam in anima vel per existen
185 2938 1950 3019 tiam singularia in re extra ipsi intellectualiter praesentia secundum statum quo nata est intelligere absque
181 2997 1946 3074 sensuum adminiculo, non habent in anima speciem impressiuam desecundo modo speciei: de qua pro
182 3057 1951 3111 cessit praecedens quaestio: neque speciem expressiuam de tertio modo speciei: de qua est praesens quaestio:
176 3100 1952 3175 sed solummodo speciem repraesentatiuam: quae vere seipsam immediate intellectui repraesentat: nisi quod ipsa
178 3155 1954 3218 singularia extra animam actualiter sub propria forma intellecta habent speciem ipsius vniuersalis: quae
177 3216 1955 3287 est ratio intelligendi vnumquodque singularium: ita tamen quod nuilius ipsorum est proprium verbum: sed tantum
