2426 3681
471 261 2251 383 & vnum per materiam: per accidens autem per formam accidentalem: sic compositum ex materia & for-
483 352 2253 428 ma naturali esset ens & vnum per se propter materiam: per accidens autem propter formam: & essent
485 403 2258 482 duo esem substantialia aggregata, aut formae essent accidentia: vt dixerunt antiquae, nunc autem quia materia
483 458 2252 539 sub forma naturali actum illum non habet omnino: sed solum actum formae, ad quem de natura sua e in potentia:
491 511 2255 596 ideo totum compositum est ens & vnum propter formam solum, & vnum simpliciter non aggregatione. Vnde sicut
490 572 2247 644 accidens quod potest diuina virtute per se stare sine subiecto, cuius tamen esse ex natura sua non est nisi subiecto
486 616 2261 706 inesse, quamquam potest supnaturaliter habere actum, proprium: tamen non habet illum in subiecto existens: nec facit vnum
489 669 2264 752 aggregatum cum subiecto ex duplici esse: sic nec ipsa materia cum forma substantiali, vt dictum est. Et quia
487 731 2264 807 actus proprius materiae est sicut in potentia ad actum formae: & quod est actum, inquantum huiusmodi, vere est: quod au
493 777 2261 871 tem solum in potentia, inquantum huiusmodi, non est: non tamen est purum non ens: quia tunc nec in potentia esset. ltem
502 831 2263 915 verissima sunt omnia illa dicta de materia, quod est prope nihil: quod est inter ens & non ens: quod est aliquid nihil
496 887 2260 965 & caetera hmoni. Vnde Plato quaerens quae sit natura materiae in secundo Timaei, sibimet respondens dicit. Quam
501 937 2265 1033 igitur eius vim quamve eius esse naturam putandum est opinor plane omnium quae gignuntur receptaculum est: & cum velut in eius
497 993 2261 1084 gremio formantur. ipsa informis manet, estque vsus eius similis molli cedentique materiae in quam imprimuntur
496 1047 2257 1137 varia signacula: mouetur & confinguratur omnimode ab itroeuntibus: ipsa nec formam nec motum habens: ex sui
493 1100 2263 1183 natura omni forma carens. ideoque neque terram neque aquam nec quicquid aliud ex his creatum appellandum est: sed
494 1154 2262 1238 inuisibilem potius speciem quandam & informem capacitatem mita quadam & incomprehensibili ratione inter nul
502 1220 2259 1289 lam & aliquam substantiam, nec plane intelligibilem, nec plane sensibilem positam: sed quae ex iis quae in
500 1262 2267 1352 ca commutantur intelligi posse videatur: nec tamen nihil. vnde Plato posuit talem naturam infinito tem
507 1328 2268 1407 pore praecessisse mundi factionem. Aequiuocatio ergo & imperfecta determinatio veritatis in philosophia de
508 1367 2274 1445 cipit credentes quod nullum sit esse: nec aliquis actus, aut aliqua existentia in actum nisi sit formae vel a forma
508 1434 1134 1499 vt visum est. Et sic patent obiecta.
792 1525 2276 1608 Equuntur quaestiones de anima rationali. Quarum quaedam erant de eis quae proprie conueniunt
797 1582 2265 1662 ei vt separata est. Quaedam vero alia de eis quae indifferenter conueniunt ei, vt sepera
827 1649 2274 1726 ta est & vt coniuicta. ClRca primum quarebatur vnum pertinens ad statum gloriae. Duo
832 1688 2277 1765 vero pertinentia ad statum naturae. Pertinens ad statum gloriae erat, vtrum peccatum veni
830 1745 2273 1817 ale in quo homo discedit, retardat animam a gloria. ET arguebatur quod sic: Primo, quia
832 1797 2275 1874 in gloria erit summa mentis eleuatio: ergo nulla depressio. veniale omne aliquo mo
830 1850 2271 1924 do deprimit mentem. ergo &c. SEcundo, quia quandocumque completa contraria non com
512 1898 2279 2004 patiuntur se, nec incompletum vnius cum completo alterius. verbi gratia, si perfecte calidum non potest esse simul
515 1961 2276 2037 cum perfecte frigido: neque minimum frigoris cum perfecte calido. status gloriae cum perfecto statu peccati, scilicet
518 2014 2282 2094 mortalis, non potest stare propter eorum perfectam contrarietatem: ergo neque cum incompleto peccato potest stare
520 2076 2273 2165 gloria, sed veniale est peccatum incompletum. ergo &c. CONtra, in discedenti in veniali potest esse ma-
518 2132 2282 2213 ior gratia quam in aliquo existente in gloria: vtputa in adulto qui multa promeruit, quam in paruulo ba-
520 2169 2277 2268 prizato qui statim expirauit. Maior gratia facit maiorem assimilationem ad deum: per assimilationem
523 2226 2284 2310 autem ad deum homo habet statum gloriae: ergo ille cum veniali magis potest habere statum gloriae quam
518 2280 2276 2374 iste fine veniali. DIcendum ad hoc: quod cum gloria sit gratia perfecta secundum statum cuiuscunque con
517 2357 2289 2420 templatoris, & gratia persupponat naturam, gloria debet habere sub se perfectam cuiusque naturam.
525 2386 2291 2470 Nunc autem secundum Augustinum in pluribus locis peccatum quantumcumque modicum eo quod ma
525 2441 2287 2529 lum est contra naturam est & aliquid abiicit a natura & nocet naturam. Non est enim malum nisi quia
515 2495 2288 2588 nocet. Peccatum ergo quantumcunque veniale aliquid tollit de perfectione naturae, cum status
525 2547 2287 2646 gloriae requirat omnimodam perfectionem naturae, vt lumine gloriae natura vltra id quod naturae est
531 2604 2293 2690 eleuetur ad aliquid supernaturaliter contemplandum, & eodem supernaturaliter fruendum. Non enim
524 2655 2288 2747 potest eleuari ad id quod supra se est, nisi prius perficiatur illo quod in se est. Nullo ergo modo pont anima
531 2709 2291 2795 cum veniali intrare statum gloriae. & sic veniale retardat a gloria non in aliquo permittendo ipsam
531 2763 2293 2850 & in aliquo repellendo: sed omnino eam excludendo. Et ideo dicitur Apoca, penultimo Non intrabit in
533 2816 2293 2903 illam aliquid coinquinatum. & Ephe, quinto. Vt exhiberet sibi gloriosam ecclesiam non habentem ma
533 2872 2290 2951 culam neque rugam. Maculam venialis quod de facili deletur. Rugam mortalis: quod quasi connaturale fortiter ad-
539 2920 2301 3006 haeret. AD argumentum in contrarium dicendum quod licet quantum est ex parte gratiae habens maiorem gra
539 2979 2294 3063 tiam magis deo assimilatur: & viator sic possit esse maioris quam comprehensor: & ita magis dispositus
532 3031 2302 3114 est ad gloriam quam habens minorem quantum est ex parte habitus gratiae, licet non quantum est ex parte
527 3082 2290 3169 status gratiae & gloriae: tamen propter impediens adiunctum habenti maiorem gratiam: non autem haben
531 3144 1895 3250 ti minorem, potest ille retardari, licet non iste. & quae sit causa huius iam dictum est.
