1798 2287
205 166 159 89 ter
296 166 181 89 pars
409 166 431 89 Septemtrionalis
772 166 272 89 attrahit
954 166 340 89 Meridionalem,

209 240 117 79 &
255 240 328 79 econverso.
513 240 258 79 Decimum
700 240 140 79 de
771 240 398 79 inquisitione,
1098 240 187 79 unde
1192 240 117 79 Ma¬-

204 317 178 61 gnes
315 317 268 61 virtutem
516 317 357 61 essentialem,
806 317 178 61 quam
917 317 223 61 habet,
1051 317 245 61 recipiat.

207 376 267 72 Secundę
401 376 243 72 partis
571 376 316 72 capitula:
814 376 243 72 Primum
984 376 316 72 capitulum
1203 376 97 72 de

211 432 390 71 compositione
527 432 390 71 instrumenti,
844 432 171 71 quo
942 432 244 71 scitur
1088 432 219 71 Azimuth

204 485 212 81 ipsius
352 485 191 81 Solis
480 485 106 81 &
522 485 212 81 Lunae,
671 485 106 81 &
713 485 297 81 cuiuslibet
946 485 212 81 stellę
1095 485 127 81 in
1137 485 149 81 Hori¬-

206 554 221 67 zonte.
361 554 265 67 Secundum
560 554 155 67 est
648 554 133 67 de
714 554 354 67 compositione
1002 554 265 67 alterius
1178 554 111 67 me¬-

205 611 209 85 lioris
351 611 334 85 instrumenti,
623 611 230 85 eiusdem
790 611 251 85 officii.
978 611 230 85 Tertium
1145 611 125 85 de
1187 611 104 85 ar¬-

199 678 254 87 tificio
383 678 392 87 compositionis
706 678 207 87 Rotae
844 678 277 87 perpetui
1029 678 184 87 motus,

342 778 336 83 CAP:
552 778 210 83 I
636 778 252 83 DE
720 778 420 83 INTENTI¬-

597 855 167 90 one
669 855 215 90 operis.

308 963 315 84 Amicorum
544 963 394 84 charissime,
859 963 289 84 quandam
1043 963 262 84 Magnetis

198 996 264 115 lapidis
390 996 287 115 occultam
605 996 287 115 naturam,
821 996 120 115 a
869 996 144 115 te
917 996 383 115 interpellatus,

198 1103 179 86 rudi
310 1103 314 86 narratione
556 1103 291 86 reserabo.
780 1103 269 86 Hucusque
982 1103 179 86 enim
1094 1103 202 86 nihil
1206 1103 90 86 a¬-

205 1167 152 68 pud
292 1167 325 68 Philosophos
552 1167 217 68 absque
703 1167 238 68 noticię
877 1167 303 68 participio
1115 1167 152 68 est
1180 1167 108 68 io¬-

210 1233 258 66 cundum,
397 1233 141 66 Et
468 1233 141 66 in
538 1233 282 66 tenebris
750 1233 329 66 obfuscatur
1008 1233 258 66 bonorum
1173 1233 117 66 na¬-

202 1282 223 80 tura,
351 1282 223 80 donec
499 1282 149 80 in
574 1282 297 80 communis
797 1282 396 80 dedicationis
1094 1282 198 80 radium

206 1347 301 66 eligatur.
437 1347 208 66 Amore
576 1347 185 66 ergo
692 1347 162 66 tui
785 1347 324 66 conscribam
1039 1347 208 66 plano
1155 1347 139 66 ser¬-

203 1413 215 75 mone,
347 1413 168 75 quę
442 1413 215 75 vulgo
586 1413 287 75 audienti
801 1413 263 75 penitus
993 1413 191 75 sunt
1089 1413 215 75 ignota.

208 1474 244 76 Attamen
385 1474 155 76 non
474 1474 178 76 nisi
585 1474 133 76 de
652 1474 311 76 manifestis
896 1474 200 76 huius
1030 1474 267 76 lapidis,
1207 1474 89 76 in

208 1535 156 83 hac
297 1535 268 83 epistola
498 1535 268 83 trademus
698 1535 312 83 scientiam,
943 1535 134 83 Eo
1010 1535 178 83 quod
1122 1535 156 83 hęc
1189 1535 111 83 tra

210 1594 198 67 ditio
342 1594 176 67 pars
452 1594 176 67 erit
562 1594 308 67 Tractatus,
803 1594 132 67 in
869 1594 154 67 quo
957 1594 286 67 docebimus
1155 1594 132 67 phi¬-

202 1658 316 66 losophica
445 1658 316 66 componere
688 1658 389 66 instrumenta.
1003 1658 146 66 De
1052 1658 243 66 occultis

213 1719 201 70 huius
347 1719 246 70 lapidis
525 1719 290 70 tractare,
749 1719 246 70 spectat
927 1719 134 70 ad
994 1719 201 70 artem
1106 1719 201 70 lapidum

204 1773 328 73 sculpturae,
467 1773 153 73 per
554 1773 175 73 quam
664 1773 263 73 lmagines
861 1773 109 73 &
905 1773 241 73 sigilla
1080 1773 219 73 fiunt.
1211 1773 88 73 Et
