1818 2274
191 153 295 110 Sciendum
413 153 197 110 quod
536 153 197 110 iste
659 153 222 110 lapis
807 153 271 110 quatuor
979 153 320 110 cognoscitur

216 232 367 88 differentiis,
518 232 259 88 scilicet
713 232 237 88 Colore,
885 232 367 88 Unigeneitate,
1166 232 129 88 Pon¬-

197 304 180 87 dere,
317 304 100 87 &
357 304 240 87 Virtute.
538 304 180 87 Color
658 304 200 87 itaque
798 304 200 87 ipsius
938 304 180 87 debet
1059 304 160 87 esse
1139 304 160 87 ferre¬-

198 357 146 93 us,
282 357 104 93 &
323 357 251 93 lividus,
511 357 209 93 mixtus
658 357 209 93 indico
804 357 146 93 seu
887 357 292 93 coelestino
1096 357 188 93 colore,

206 425 118 85 ut
265 425 137 85 sit
344 425 177 85 quasi
461 425 196 85 ferrum
599 425 216 85 politum
756 425 118 85 ab
814 425 157 85 aëre
912 425 235 85 corrupto
1069 425 216 85 infectum,

211 479 215 90 Talem
354 479 191 90 enim
474 479 263 90 lapidem
665 479 263 90 nunquam
856 479 191 90 vidi
975 479 239 90 absque
1119 479 167 90 magno

193 554 252 65 effectu.
382 554 126 65 Et
445 554 189 65 talis
571 554 126 65 ut
634 554 252 65 plurimum
822 554 273 65 reperitur
1032 554 126 65 in
1074 554 210 65 partibus

199 607 518 80 Septemtrionalibus,
647 607 118 80 &
694 607 283 80 adfertur
906 607 118 80 a
953 607 236 80 Nautis
1118 607 141 80 in
1165 607 118 80 om¬-

192 679 219 70 nibus
338 679 293 70 partibus
557 679 219 70 maris
704 679 488 70 Septemtrionalis,
1094 679 195 70 utpote

196 729 340 69 Normandię,
463 729 316 69 Picardię,
706 729 121 69 &
754 729 316 69 Flandrię.
997 729 219 69 Debet
1119 729 170 69 etiam

198 787 200 94 lapis
331 787 177 94 iste
442 787 177 94 esse
553 787 288 94 unigeneus
774 787 133 94 in
841 787 333 94 substantia,
1085 787 200 94 quoniam

197 871 161 74 qui
289 871 208 74 habet
428 871 254 74 maculas
612 871 369 74 rubiginosas,
912 871 115 74 &
958 871 277 74 foramina
1143 871 138 74 par¬-

198 922 136 85 va,
275 922 136 85 non
353 922 136 85 est
430 922 233 85 electus:
605 922 116 85 Et
663 922 136 85 vix
740 922 252 85 invenitur
934 922 174 85 lapis
1050 922 155 85 iste
1128 922 155 85 absque

191 987 349 73 scabiositate
475 987 197 73 tali.
606 987 197 73 Lapis
737 987 197 73 etiam
868 987 218 73 talis,
1021 987 240 73 propter
1174 987 109 73 sui

178 1027 443 94 unigeneitatem,
547 1027 123 94 &
596 1027 320 94 subtilium
842 1027 271 94 partium
1039 1027 221 94 bonam
1162 1027 123 94 com

196 1109 255 73 paginem,
387 1109 319 73 ponderosior
642 1109 297 73 efficitur,
875 1109 127 73 et
939 1109 297 73 preciosior
1152 1109 127 73 exi¬-

192 1172 214 74 stit.
335 1172 238 74 Virtus
502 1172 214 74 autem
645 1172 238 74 ipsius
812 1172 167 74 per
907 1172 238 74 magnam
1074 1172 119 74 &
1097 1172 191 74 fortem

184 1228 205 88 magni
321 1228 273 88 ponderis
526 1228 205 88 ferri
663 1228 365 88 attractionem
959 1228 228 88 (cuius
1096 1228 182 88 attra¬-

183 1291 270 88 ctionis
380 1291 221 88 modum
527 1291 295 88 inferius
749 1291 295 88 narrabo)
945 1291 344 88 dignoscitur.

186 1347 136 92 Si
254 1347 181 92 ergo
367 1347 249 92 lapidem
548 1347 158 92 cum
639 1347 271 92 eiusmodi
842 1347 362 92 differentiis
1114 1347 158 92 inve¬-

179 1404 212 88 neris,
327 1404 191 88 ipsum
454 1404 212 88 habeas
602 1404 127 88 si
645 1404 191 88 possis.

217 1528 312 95 CAP:
412 1528 312 95 IIII
607 1528 234 95 IN
724 1528 468 95 SCIENTIA
1036 1528 195 95 IN¬-

432 1594 297 87 ventionis
660 1594 251 87 partium
820 1594 228 87 lapidis.

180 1720 194 79 Scire
310 1720 194 79 debes
439 1720 172 79 quod
547 1720 151 79 hic
633 1720 194 79 lapis
763 1720 194 79 gerit
892 1720 129 79 in
957 1720 129 79 se
1000 1720 280 79 similitudi¬-

176 1785 175 101 nem
276 1785 250 101 coeli:
451 1785 225 101 Cuius
601 1785 225 101 modum
751 1785 375 101 probationis
1026 1785 250 101 inferius
