1775 2296
174 184 165 94 acus
278 184 144 94 vel
360 184 186 94 ferri
484 184 310 94 frequentius
732 184 144 94 vel
814 184 227 94 fortius
979 184 248 94 adheret:
1144 184 124 94 Erit

176 264 181 69 enim
289 264 158 69 hic
380 264 204 69 locus
516 264 181 69 unus
629 264 136 69 ex
697 264 249 69 punctis
878 264 271 69 inventis
1081 264 158 69 per
1149 264 113 69 iam

170 324 244 68 dictum
340 324 244 68 modum.
511 324 146 68 Ut
585 324 195 68 ergo
707 324 269 68 precise
902 324 244 68 habeas
1048 324 220 68 punctum

179 388 176 78 unum
289 388 132 78 in
355 388 242 78 lapide,
532 388 220 78 Frange
686 388 132 78 de
752 388 154 78 acu
840 388 154 78 vel
928 388 198 78 ferro
1039 388 220 78 modicum,

177 449 194 71 quod
298 449 169 71 sit
395 449 290 71 oblongum
612 449 145 71 ad
685 449 387 71 longitudinem
1000 449 242 71 duorum
1145 449 121 71 un¬-

170 524 240 64 guium,
338 524 120 64 &
386 524 216 64 ponas
529 524 216 64 super
673 524 216 64 locum
817 524 144 64 in
889 524 168 64 quo
985 524 264 64 punctus
1152 524 120 64 iam

178 574 196 69 dicto
309 574 174 69 modo
418 574 261 69 inventus
613 574 174 69 est,
722 574 109 69 &
766 574 131 69 si
831 574 261 69 steterit
1005 574 261 69 orthogona¬-

172 630 198 72 liter
304 630 198 72 super
436 630 264 72 lapidem,
635 630 154 72 est
723 630 220 72 procul
877 630 198 72 dubio
1010 630 154 72 ibi
1076 630 198 72 punctus

166 689 345 83 inquisitus:
442 689 138 83 Si
511 689 184 83 non,
626 689 230 83 moveas
788 689 184 83 ergo
903 689 207 83 ipsum
1041 689 207 83 donec
1156 689 115 83 or¬-

176 757 316 67 thogonaliter
433 757 257 67 steterit,
631 757 138 67 quo
710 757 198 67 facto,
848 757 178 67 signa
967 757 178 67 illic
1065 757 198 67 punctum,

169 816 131 75 Et
235 816 219 75 simili
388 816 175 75 modo
497 816 131 75 in
563 816 263 75 opposita
760 816 197 75 parte
891 816 263 75 lapidis,
1066 816 197 75 punctum

171 881 262 72 invenies
367 881 305 72 oppositum:
607 881 174 72 Quod
716 881 131 72 si
781 881 174 72 tunc
890 881 196 72 recte
1021 881 262 72 feceris,
1196 881 65 72 &

170 940 195 67 lapis
300 940 151 67 sit
387 940 281 67 unigeneus
603 940 108 67 &
646 940 260 67 electus,
841 940 216 67 puncta
992 940 195 67 erunt
1101 940 151 67 dire¬-

174 997 147 96 cte
258 997 230 96 tanquam
425 997 168 96 Poli
530 997 126 96 in
593 997 209 96 sphęra
719 997 230 96 oppositi.

230 1109 362 89 CAP:
456 1109 226 89 V
547 1109 272 89 DE
637 1109 543 89 INVENTIONE

280 1187 252 72 Polorum
463 1187 137 72 in
532 1187 252 72 lapide,
715 1187 114 72 &
761 1187 183 72 quis
875 1187 252 72 ipsorum
1036 1187 114 72 sit

401 1242 151 95 vel
488 1242 281 95 Arcticus,
704 1242 151 95 vel
769 1242 302 95 Antarcticus.

240 1373 186 73 Visa
356 1373 186 73 arte
473 1373 349 73 cognitionis
752 1373 256 73 Polorum
938 1373 256 73 lapidis
1101 1373 163 73 huius

224 1428 129 78 in
289 1428 237 78 genere,
462 1428 173 78 Quis
570 1428 237 78 illorum
742 1428 151 78 sit
829 1428 410 78 Septemtrionalis
1152 1428 108 78 vel

161 1490 418 91 Meridionalis,
506 1490 320 91 cognosces
752 1490 172 91 per
850 1490 197 91 hunc
973 1490 246 91 modum.
1120 1490 148 91 Sume

168 1565 164 78 vas
261 1565 258 78 ligneum
449 1565 305 78 rotundum,
684 1565 141 78 ad
754 1565 211 78 modum
895 1565 211 78 cyphi
1035 1565 164 78 vel
1106 1565 164 78 paro¬-

182 1627 229 57 psidis,
349 1627 104 57 &
390 1627 125 57 in
453 1627 125 57 eo
515 1627 167 57 pone
619 1627 250 57 lapidem,
807 1627 146 57 ita
890 1627 250 57 scilicet
1078 1627 167 57 quod
1161 1627 104 57 duo

182 1681 217 71 puncta
334 1681 217 71 ipsius
486 1681 173 71 sint
594 1681 390 71 aequidistantia
919 1681 130 71 in
984 1681 195 71 limbo
1093 1681 173 71 vasis,

174 1743 134 74 Et
241 1743 178 74 tunc
352 1743 156 74 vas
441 1743 223 74 illud,
597 1743 156 74 cum
686 1743 223 74 lapide
842 1743 201 74 intus
976 1743 245 74 posito,
1132 1743 134 74 pone

171 1806 125 65 in
234 1806 167 65 alio
338 1806 188 65 magno
464 1806 167 65 vase
568 1806 188 65 pleno
694 1806 188 65 aqua,
819 1806 125 65 ut
882 1806 146 65 sit
965 1806 188 65 lapis
1091 1806 125 65 in
1133 1806 125 65 pri¬
