1768 2280
204 172 317 96 Horizonti,
454 172 159 96 vel
544 172 204 96 limbo
680 172 227 96 vasis,
839 172 181 96 quod
952 172 181 96 idem
1066 172 181 96 est:
1156 172 159 96 Alte¬-

203 263 171 67 rum
300 263 195 67 vero
422 263 269 67 lapidem
618 263 147 67 in
691 263 195 67 manu
813 263 269 67 teneas,
1009 263 122 67 &
1033 263 269 67 adproxima

205 317 226 89 partem
364 317 429 89 Septemtrionalem
725 317 249 89 lapidis
906 317 181 89 quem
1019 317 226 89 tenes,
1155 317 158 89 parti

208 395 314 68 Meridionali
459 395 230 68 lapidis
627 395 251 68 natantis
815 395 126 68 in
878 395 188 68 vase,
1003 395 251 68 sequetur
1170 395 126 68 enim

210 445 182 63 tunc
324 445 205 63 lapis
461 445 251 63 natans,
644 445 160 63 eum
735 445 251 63 lapidem
917 445 182 63 quem
1031 445 228 63 tenes,
1168 445 137 63 qua¬-

210 499 139 80 si
279 499 231 80 volens
441 499 139 80 ei
510 499 300 80 adherere:
741 499 139 80 Et
810 499 231 80 partem
949 499 346 80 Meridionalem,

213 557 238 74 lapidis
386 557 173 74 quem
495 557 260 74 baiulas,
689 557 281 74 econverso
906 557 195 74 parti
1014 557 281 74 Septemtrio¬-

208 621 167 73 nali
313 621 230 73 lapidis
480 621 251 73 natantis
668 621 272 73 pretende,
877 621 230 73 accidet
1044 621 188 73 illud
1149 621 146 73 idem,

213 693 284 73 videlicet
432 693 175 73 quod
541 693 197 73 lapis
672 693 218 73 natans
825 693 262 73 sequitur
1021 693 240 73 lapidem
1174 693 131 73 quem

202 750 281 86 tenebis.
412 750 211 86 Scito
553 750 187 86 ergo
670 750 164 86 pro
764 750 258 86 regula,
951 750 187 86 quod
1069 750 187 86 pars
1162 750 141 86 Sep¬-

210 805 363 82 temtrionalis
505 805 136 82 in
574 805 250 82 lapide,
755 805 227 82 partem
914 805 363 82 Meridionalem
1186 805 114 82 po¬-

213 868 168 72 test
318 868 273 72 attrahere
528 868 126 72 in
591 868 168 72 alio
696 868 231 72 lapide,
864 868 126 72 Et
927 868 336 72 Meridionalis
1179 868 126 72 Sep¬-

211 932 378 64 temtrionalem.
522 932 178 64 Quod
633 932 133 64 si
700 932 245 64 econtra
878 932 267 64 feceris,
1055 932 245 64 videlicet

207 1005 194 67 quod
328 1005 461 67 Septemtrionalem
716 1005 437 67 Septemtrionali
1056 1005 243 67 adproxi¬-

206 1060 193 63 mes,
327 1060 217 63 lapis
471 1060 193 63 quem
592 1060 145 63 in
664 1060 193 63 manu
785 1060 290 63 baiulas,
1002 1060 266 63 lapidem
1171 1060 121 63 na¬-

210 1125 221 67 tantem
365 1125 133 67 in
431 1125 177 67 aqua
542 1125 221 67 fugare
697 1125 310 67 videbitur:
940 1125 133 67 Si
984 1125 310 67 Meridionalem

203 1178 349 86 Meridionali
482 1178 303 86 adiungas,
715 1178 163 86 hoc
808 1178 186 86 idem
924 1178 279 86 accidet,
1134 1178 140 86 Et
1181 1178 116 86 hoc

211 1239 202 89 ideo,
345 1239 180 89 quia
458 1239 180 89 pars
570 1239 427 89 Septemtrionalis
930 1239 247 89 adpetit
1088 1239 202 89 Meridio

213 1306 229 79 nalem,
373 1306 206 79 quare
511 1306 435 79 Septemtrionalem
877 1306 229 79 fugare
1014 1306 275 79 videbitur,

211 1363 205 86 Cuius
348 1363 227 86 signum
507 1363 159 86 est
598 1363 182 86 quia
711 1363 432 86 Septemtrionalis
1052 1363 250 86 finaliter

211 1424 371 67 Meridionali
508 1424 322 67 iungetur.
756 1424 272 67 Econtra
954 1424 223 67 autem
1077 1424 223 67 accidit

216 1489 130 59 de
281 1489 238 59 reliqua
454 1489 194 59 parte
583 1489 345 59 Meridionali,
864 1489 173 59 quia
972 1489 130 59 si
1015 1489 281 59 protendatur

209 1545 326 67 Meridionali
470 1545 195 67 parti
600 1545 261 67 natanti,
796 1545 239 67 videbis
969 1545 217 67 illico
1121 1545 152 67 eam
1186 1545 109 67 fu¬-

214 1623 199 65 gare,
347 1623 155 65 Cum
435 1623 199 65 tamen
568 1623 155 65 non
656 1623 243 65 faciat,
833 1623 199 65 sicut
966 1623 221 65 dictum
1121 1623 177 65 est,
1210 1623 89 65 in

220 1674 202 77 parte
354 1674 404 77 Septemtrionali
691 1674 135 77 ad
759 1674 382 77 Meridionalem.
1073 1674 135 77 Et
1141 1674 135 77 ex
1186 1674 112 77 hoc

207 1739 297 66 evertitur
435 1739 297 66 quorundam
664 1739 297 66 fatuitas,
892 1739 297 66 dicentium
1120 1739 183 66 quod
1212 1739 91 66 si

213 1793 277 67 Scammonea
426 1793 256 67 choleram
618 1793 235 67 ratione
788 1793 362 67 similitudinis
1065 1793 235 67 attrahit,
