1770 2281
235 158 141 118 Si
305 158 281 118 secundum
516 158 304 118 naturalem
750 158 304 118 adpetitum
984 158 258 118 lapidis
1148 158 164 118 velis

220 257 217 64 ferrum
372 257 303 64 fluctuans,
610 257 173 64 sive
718 257 217 64 natans
870 257 195 64 super
1000 257 217 64 aquam,
1130 257 173 64 attra¬-

220 319 197 70 here,
351 319 175 70 Vide
460 319 218 70 partem
613 319 415 70 Septemtrionalem
963 319 218 70 ferri,
1115 319 131 70 et
1181 319 131 70 ei
1225 319 87 70 ad

222 371 260 80 proxima
412 371 237 80 partem
577 371 379 80 Meridionalem
885 371 284 80 lapidis,
1098 371 166 80 Eam
1169 371 142 80 enim

218 447 333 68 insequetur.
485 447 156 68 Vel
573 447 267 68 econtra,
774 447 200 68 parti
907 447 333 68 Meridionali
1151 447 156 68 ferri

218 513 254 64 porrige
403 513 439 64 Septemtrionalem
773 513 278 64 lapidis,
981 513 162 64 Eam
1074 513 185 64 enim
1166 513 139 64 sine

220 569 315 75 resistentia
472 569 273 75 attrahet:
682 569 126 75 Si
745 569 189 75 autem
870 569 210 75 facias
1017 569 252 75 econtra,
1185 569 126 75 quod

217 617 256 73 scilicet
408 617 192 73 parti
536 617 383 73 Septemtrionali
856 617 213 73 ferri,
1005 617 213 73 partem
1133 617 170 73 Septem

216 686 283 88 trionalem
434 686 239 88 lapidis
608 686 326 88 porrexeris,
869 686 218 88 ferrum
1021 686 218 88 fugare
1152 686 152 88 vide¬-

209 738 174 79 bis,
318 738 152 79 quo
405 738 196 79 usque
536 738 174 79 pars
644 738 348 79 Meridionalis
927 738 196 79 eidem
1058 738 196 79 ferro
1166 738 131 79 con¬-

207 808 272 83 iungatur,
417 808 126 83 Et
480 808 272 83 similiter
689 808 126 83 de
752 808 189 83 parte
878 808 231 83 reliqua
1045 808 168 83 idem
1129 808 168 83 intel¬-

211 871 222 91 ligas.
366 871 133 91 Si
433 871 200 91 autem
566 871 288 91 violentia
788 871 178 91 fiat
899 871 133 91 in
965 871 288 91 partibus,
1165 871 133 91 quod

213 931 287 68 videlicet
434 931 177 68 pars
544 931 199 68 ferri
677 931 376 68 Meridionalis,
987 931 177 68 quae
1097 931 155 68 cum
1163 931 133 68 Sep¬-

209 1001 335 69 temtrionali
476 1001 223 69 lapide
633 1001 201 69 tacta
767 1001 245 69 fuerit,
945 1001 268 69 tangatur
1146 1001 156 69 cum
1213 1001 89 69 Me

212 1059 265 81 ridionali
415 1059 245 81 lapidis,
599 1059 143 81 Vel
680 1059 163 81 ista
782 1059 163 81 quae
884 1059 143 81 cum
966 1059 306 81 meridionali
1190 1059 102 81 ta¬-

211 1114 155 78 cta
299 1114 221 78 fuerit
454 1114 199 78 (quae
587 1114 199 78 etiam
720 1114 354 78 Meridionalis
1008 1114 133 78 in
1075 1114 199 78 ferro
1185 1114 111 78 ad¬-

220 1187 279 71 pellatur)
434 1187 322 71 Meridionali
692 1187 236 71 lapidis
864 1187 279 71 iungatur,
1058 1187 236 71 alterabi¬-

210 1248 146 73 tur
293 1248 208 73 virtus
439 1248 125 73 in
501 1248 187 73 ferro
626 1248 125 73 de
689 1248 229 73 facili,
855 1248 125 73 Et
918 1248 166 73 fiet
1001 1248 291 73 Meridionale,

206 1315 178 70 quod
317 1315 178 70 fuit
428 1315 400 70 Septemtrionale
762 1315 133 70 in
828 1315 156 70 eo,
917 1315 111 70 &
962 1315 333 70 econtrario.
1206 1315 89 70 Et

211 1370 217 66 caussa
363 1370 152 66 est
450 1370 217 66 huius,
601 1370 281 66 impressio
818 1370 260 66 virtutum
1013 1370 238 66 agentis
1164 1370 130 66 con¬-

197 1415 271 91 fluitatis
405 1415 146 91 seu
488 1415 333 91 conficientis
759 1415 104 91 &
801 1415 291 91 alterantis
1030 1415 146 91 seu
1092 1415 208 91 alterni¬-

208 1483 202 83 tatis
342 1483 269 83 virtutem
544 1483 202 83 primi
657 1483 224 83 motoris.

216 1602 342 97 CAP:
430 1602 257 97 IX
558 1602 385 97 QUARE
815 1602 342 97 PARS
986 1602 257 97 SEP¬-

363 1683 369 74 temtrionalis
663 1683 369 74 Meridionalem
940 1683 185 74 attra¬-

560 1735 185 93 hat,
676 1735 139 93 et
722 1735 231 93 econtra,
