1746 2314
495 188 193 99 Pars
616 188 217 99 autem
760 188 459 99 Septemtrionalis
1147 188 266 99 lapidis
1316 188 241 99 Meridio¬-

463 268 193 75 nalem
591 268 279 75 attrahit,
806 268 107 75 &
849 268 300 75 econverso,
1085 268 129 75 ut
1149 268 215 75 dictum
1299 268 172 75 est:
1407 268 129 75 In
1450 268 107 75 cu¬-

447 344 146 70 ius
531 344 334 70 attractione,
802 344 230 70 lapidis
969 344 271 70 fortioris
1177 344 209 70 virtus
1323 344 209 70 agens,
1449 344 104 70 de¬-

454 388 269 91 bilioris
656 388 180 91 vero
768 388 247 91 patiens
947 388 180 91 est.
1059 388 202 91 Huius
1194 388 202 91 autem
1329 388 157 91 rei
1396 388 157 91 caus¬-

455 453 176 79 sam,
565 453 154 79 per
653 453 176 79 hanc
762 453 176 79 viam
872 453 198 79 fieri
1004 453 154 79 iam
1092 453 285 79 existimo,
1311 453 198 79 Agens
1421 453 132 79 enim

458 517 259 73 intendit
652 517 172 73 suum
760 517 259 73 patiens,
954 517 151 73 non
1040 517 194 73 solum
1170 517 172 73 sibi
1256 517 280 73 adsciscere,

454 589 147 59 sed
538 589 189 59 etiam
664 589 210 59 unire,
811 589 126 59 ut
874 589 126 59 ex
937 589 210 59 agente
1083 589 105 59 &
1125 589 273 59 patiente,
1335 589 168 59 fiat
1419 589 126 59 unum

447 640 151 78 per
534 640 259 78 naturam:
728 640 129 78 Et
793 640 151 78 hoc
879 640 216 78 potest
1030 640 259 78 experiri
1224 640 129 78 in
1289 640 173 78 isto
1375 640 173 78 lapide

451 700 301 72 mirabili
677 700 151 72 in
752 700 201 72 hunc
878 700 251 72 modum,
1053 700 201 72 Sume
1179 700 276 72 lapidem
1354 700 176 72 unum.

448 764 181 76 quem
562 764 227 76 fingas
720 764 136 76 A,
789 764 136 76 D.
857 764 136 76 in
925 764 159 76 quo
1015 764 159 76 sit
1106 764 136 76 A.
1151 764 386 76 Septemtrionale,

457 830 142 81 D.
528 830 189 81 vero
646 830 354 81 Meridionale
930 830 283 81 punctum.
1142 830 142 81 Et
1213 830 213 81 ipsum
1355 830 142 81 in
1402 830 142 81 duas

440 883 221 83 partes
595 883 243 83 divide,
771 883 133 83 ut
838 883 199 83 fiant
970 883 155 83 duo
1059 883 243 83 lapides
1236 883 133 83 ex
1302 883 155 83 eo,
1368 883 177 83 Postea

456 951 260 77 lapidem,
651 951 152 77 qui
738 951 130 77 A.
803 951 217 77 tenet,
954 951 173 77 aquę
1063 951 260 77 exponas,
1258 951 130 77 ut
1301 951 238 77 fluctuet,

445 1029 125 56 &
495 1029 276 56 videbis
696 1029 201 56 quod
821 1029 151 56 A.
897 1029 301 56 vertetur
1122 1029 151 56 ad
1173 1029 376 56 Septemtrionem

457 1084 137 66 ut
526 1084 228 66 prius:
685 1084 273 66 Fractura
890 1084 182 66 enim
1004 1084 159 66 non
1095 1084 228 66 tollit
1231 1084 319 66 proprietates

450 1135 247 87 partium
629 1135 270 87 lapidis,
831 1135 157 87 cum
921 1135 202 87 lapis
1056 1135 157 87 sit
1146 1135 314 87 unigeneus,
1393 1135 135 87 Et
1438 1135 112 87 sic

450 1201 238 77 oportet
624 1201 173 77 quod
732 1201 173 77 pars
840 1201 195 77 huius
970 1201 238 77 lapidis
1144 1201 130 77 in
1209 1201 173 77 ipsa
1296 1201 238 77 fractura,

452 1262 173 80 quae
560 1262 151 80 sit
647 1262 130 80 B.
712 1262 345 80 meridionalis
992 1262 259 80 existat.
1187 1262 151 80 Hic
1273 1262 173 80 ergo
1359 1262 173 80 lapis,

455 1326 141 64 de
525 1326 164 64 quo
619 1326 234 64 dictum
782 1326 164 64 est
876 1326 211 64 nunc,
1017 1326 281 64 fingatur
1228 1326 141 64 A.
1298 1326 141 64 B.
1368 1326 141 64 de
1415 1326 117 64 re¬-

440 1378 206 93 liquo
577 1378 114 93 &
623 1378 160 93 qui
714 1378 137 93 D.
783 1378 229 93 tenet,
943 1378 137 93 si
1011 1378 206 93 aquae
1149 1378 320 93 exponatur,
1377 1378 160 93 vide¬-

442 1446 167 90 bis
538 1446 191 90 quod
657 1446 143 90 D.
729 1446 191 90 erit
849 1446 406 90 Meridionalis,
1183 1446 143 90 ut
1255 1446 239 90 prius,
1399 1446 143 90 quia

448 1527 266 63 vertetur
647 1527 133 63 ad
714 1527 266 63 Meridiem
913 1527 133 63 in
980 1527 200 63 aqua:
1113 1527 177 63 Pars
1224 1527 177 63 vero
1312 1527 222 63 reliqua,

455 1571 122 70 ex
516 1571 183 70 parte
638 1571 265 70 fracturae
842 1571 387 70 Septemtrionalis
1167 1571 183 70 erit,
1290 1571 163 70 quae
1391 1571 143 70 sit
1453 1571 81 70 C.

453 1640 163 70 Erit
554 1640 163 70 ergo
656 1640 163 70 iste
758 1640 183 70 lapis
880 1640 122 70 C.
941 1640 122 70 D.
1003 1640 204 70 Primus
1145 1640 183 70 lapis
1267 1640 122 70 A.
1328 1640 122 70 B.
1389 1640 143 70 sit
1451 1640 81 70 a¬-

441 1695 193 83 gens,
569 1695 129 83 C.
634 1695 129 83 D.
698 1695 258 83 patiens:
892 1695 215 83 sicque
1042 1695 193 83 vides
1171 1695 172 83 quod
1278 1695 172 83 duae
1364 1695 172 83 partes

447 1757 242 88 duorum
616 1757 290 88 lapidum,
833 1757 169 88 quę
930 1757 193 88 ante
1051 1757 387 88 separationem
1365 1757 145 88 in
1413 1757 121 88 uno

433 1818 221 94 lapide
588 1818 199 94 erant
721 1818 310 94 continuae,
964 1818 177 94 post
1075 1818 354 94 separationem
1363 1818 155 94 una
1429 1818 111 94 in¬
