1779 2303
191 199 248 83 venitur
371 199 450 83 Septentrionalis,
753 199 180 83 alia
866 199 383 83 Meridionalis.
1158 199 135 83 Quod

188 256 131 86 si
254 256 219 86 rursus
407 256 197 86 eędem
538 256 219 86 partes
692 256 394 86 adproximentur,
1020 256 153 86 una
1086 256 197 86 alteram

191 334 294 65 attrahit,
418 334 158 65 quo
508 334 204 65 usque
644 334 181 65 sibi
757 334 362 65 coniungantur
1051 334 136 65 in
1096 334 181 65 puncto

183 398 140 67 B.
253 398 140 67 C.
323 398 164 67 ubi
417 398 281 67 fractura
627 398 257 67 fuerat:
814 398 187 67 Unde
931 398 257 67 quantum
1118 398 164 67 est
1188 398 94 67 de

187 454 286 64 naturali
402 454 310 64 adpetitu,
640 454 191 64 fiet
759 454 191 64 unum
879 454 238 64 corpus
1046 454 143 64 ut
1093 454 191 64 primo.

193 518 183 74 Cuius
315 518 203 74 signum
457 518 163 74 est,
559 518 122 74 si
620 518 183 74 illic
742 518 305 74 cementetur,
985 518 203 74 easdem
1107 518 163 74 opera¬-

189 575 230 75 tiones,
356 575 167 75 quas
461 575 209 75 prius,
607 575 293 75 exercebit.
837 575 188 75 Agens
962 575 188 75 ergo,
1088 575 125 75 ut
1130 575 146 75 vides

192 635 370 86 experimento,
492 635 277 86 intendit
700 635 185 86 suum
816 635 254 86 patiens
1001 635 185 86 sibi
1093 635 185 86 unire,

193 696 148 64 hoc
277 696 190 64 autem
404 696 148 64 fit
489 696 232 64 ratione
658 696 359 64 similitudinis
953 696 190 64 inter
1080 696 148 64 ea.
1143 696 127 64 Opor

188 761 158 62 tet
279 761 181 62 ergo
392 761 158 62 cum
482 761 136 62 B.
550 761 271 62 iungatur
753 761 136 62 C.
821 761 249 62 virtute
979 761 294 62 Septemtrio¬-

185 821 168 73 nis,
290 821 126 73 ut
353 821 168 73 fiat
458 821 147 73 una
541 821 189 73 linea
667 821 126 73 ex
730 821 210 73 agente
877 821 105 73 &
919 821 272 73 paciente,
1107 821 168 73 secun¬-

186 876 178 74 dum
287 876 203 74 hunc
414 876 279 74 ordinem
617 876 152 74 A.
693 876 152 74 B.
769 876 152 74 C.
845 876 152 74 D.
921 876 152 74 et
997 876 152 74 B.
1073 876 152 74 C.
1124 876 152 74 sint

194 941 267 81 punctum
388 941 219 81 unum:
534 941 146 81 In
607 941 170 81 hac
704 941 194 81 enim
826 941 243 81 unione
971 941 292 81 retinetur,

189 1007 151 67 seu
276 1007 258 67 salvatur
469 1007 280 67 identitas
685 1007 237 67 partium
857 1007 323 67 extremarum,
1115 1007 129 67 in
1158 1007 108 67 si¬-

182 1066 324 68 militudine
436 1066 162 68 qua
529 1066 208 68 erant
667 1066 231 68 primo,
829 1066 139 68 A.
898 1066 185 68 enim
991 1066 277 68 Septemtrio

188 1135 167 75 nale
292 1135 146 75 est
376 1135 125 75 in
438 1135 167 75 tota
542 1135 208 75 linea,
688 1135 187 75 sicut
813 1135 167 75 erat
917 1135 125 75 in
979 1135 229 75 divisa,
1125 1135 146 75 Eodem

179 1191 178 79 modo
290 1191 133 79 D.
356 1191 355 79 Meridionale,
645 1191 200 79 sicut
778 1191 178 79 erat
889 1191 133 79 in
955 1191 178 79 ipso
1044 1191 222 79 paciente

182 1242 221 79 diviso,
343 1242 141 79 sic
423 1242 141 79 est
503 1242 181 79 etiam
624 1242 120 79 in
684 1242 161 79 ipso
784 1242 201 79 unito,
925 1242 120 79 B.
985 1242 120 79 C.
1045 1242 161 79 vero
1125 1242 141 79 effi¬-

183 1311 253 69 ciuntur
367 1311 207 69 idem:
505 1311 138 69 Et
574 1311 207 69 eodem
712 1311 184 69 modo
827 1311 253 69 accidit
1011 1311 138 69 si
1080 1311 138 69 A.
1126 1311 138 69 iun¬-

190 1378 192 73 gatur
318 1378 150 73 cum
403 1378 128 73 D.
467 1378 128 73 ut
532 1378 150 73 duę
617 1378 192 73 lineę
745 1378 192 73 fiant
873 1378 171 73 una,
980 1378 235 73 virtute
1130 1378 128 73 uni¬-

180 1438 174 68 onis
289 1438 217 68 ipsius
441 1438 282 68 actionis,
658 1438 261 68 secundum
853 1438 174 68 hunc
962 1438 239 68 ordinem
1136 1438 130 68 C.
1179 1438 87 68 D.

179 1500 135 65 A.
247 1500 135 65 B,
315 1500 135 65 ut
382 1500 135 65 D.
450 1500 135 65 A,
518 1500 158 65 sit
608 1500 180 65 unum
721 1500 271 65 punctum,
924 1500 180 65 tunc
1014 1500 248 65 remanebit

183 1554 291 87 identitas
407 1554 246 87 partium
586 1554 336 87 extremarum,
855 1554 202 87 sicut
989 1554 202 87 primo
1101 1554 157 87 ante¬-

176 1609 189 97 quam
295 1609 331 97 unirentur,
555 1609 237 97 namque
721 1609 260 97 punctum
910 1609 142 97 A,
981 1609 189 97 erit
1076 1609 189 97 Septem

181 1683 285 84 trionale,
401 1683 132 84 B.
467 1683 176 84 vero
576 1683 351 84 Meridionale,
862 1683 198 84 sicut
994 1683 198 84 prius
1125 1683 132 84 D.
1169 1683 88 84 C.

179 1744 183 73 erant
301 1744 224 73 divisa.
463 1744 122 73 Si
524 1744 183 73 autem
646 1744 203 73 fieret
788 1744 224 73 aliter,
951 1744 142 73 non
1012 1744 244 73 salvaretur

167 1808 155 97 hęc
256 1808 289 97 identitas
478 1808 155 97 seu
567 1808 311 97 similitudo
811 1808 267 97 partium.
1011 1808 200 97 Vides
1122 1808 133 97 enim
