2429 3580
229 325 1094 395 nullam habet oppositionem, ergo comparata ad essentiam
236 389 1090 445 ab ipsa non distinguitur, sed per realem transitum in ip¬
224 423 1085 487 sam sibi realiter identificatur, & per consequens, vt sic.
227 469 1081 514 non distinguit, sed vnit diuinas personas, cum omnes sin
231 505 1094 563 vnum in diuina essentia: Eadem tamen paternitas compa
223 543 1081 588 rata ad filiationem, cui oppositone relatiua realiter op.
228 586 1080 636 ponitur, distinguit personam patris, cuius est proprieta
231 622 1085 676 realiter a filio, cuius proprietas est filiatio, sicut & ipsa rea
228 658 1025 719 liter distinguitur a filiatione, cui realiter opponitur
276 698 1085 760 Ad secundum dicendum, quod opposita possunt compete
228 736 1073 797 re eidem ratione eiusdem realitatis, aliter tamen, & ali
220 778 1073 834 ter comparatae, sicut patuit de loco, & superficic. In mul
229 820 1080 878 tis etiam alijs possent, cui esset curae, similia inueniri ac
228 856 1076 903 illud propositum declaradum; idem enim motus realite
227 897 1078 955 coparatus ad agens, puta consideratus, vt procedit ab ag
235 942 1082 1001 te, est actio, & non passio, & idem numcro motus compa¬
222 978 828 1029 ratus ad patiens, est passio, & non actio,
279 998 1073 1060 Ad tertium dicendum, quod isti modi cum sint diuersori
232 1057 1075 1101 generum, non sunt ad inuicem comparabiles, nec potes
228 1095 1073 1141 aliquid euidenter probari de vno per similitudinem re
219 1143 1070 1185 pertam in alio; vtrum tamen esse per se, & esse in alio dif
228 1175 1077 1219 ferant realiter ab his quorum sunt modi, magis videtui
222 1209 1082 1276 spectare ad tertium librum, quam ad primum; igitur vsque
216 1250 765 1294 ibi differo huiusmodi discussiones
261 1279 1076 1350 Ad quartum dicendum, quod maior non est vera: qui¬
221 1318 1075 1377 Sortes est vera res, & homo inuenitur sine Sorte: quia in¬
212 1375 1079 1431 uenitur in Platone, & tamen homo in Sorte non est alia
215 1409 404 1455 res a Sorte
262 1435 1073 1507 Forte dicetur, quod non est idem homo in Sorte, &
228 1483 366 1532 Platone
252 1514 1083 1577 Respondeo, quod supposito, quod vnitas specifica esset
212 1570 1074 1614 vnitas realis, vt quidam dicunt, tunc oporteret, quod eade er
222 1612 1076 1662 titas realis esset in Sorte, & Platone, quae esset vtrique eade
213 1647 1064 1702 & tamen in Plarone esset sine Sorte, & in Sorte sine Pla
222 1671 1070 1734 tone. vel supposita opinione, puta quod quidditas omniun
223 1727 1067 1770 hominum esset vna idea separata, tunc Sortes non dice
213 1759 1077 1823 ret aliam rem ab illa idca: quia tunc Sortes non esset ho¬
220 1804 1064 1852 mo, si realiter differret ab illa humana quidditate, & ta
219 1847 1080 1890 me illa eadem quidditas inueniretur in Platone, siue Sor
226 1886 1079 1936 te, quia Sortes realiter differret a Platone. Sic quamuis
233 1922 1072 1965 essentia diuina sit vera res, & paternitas sit vera res, & es-
220 1962 1066 2006 sentia sit in filio, in quo non dicitur esse paternitas, ex ho
227 2008 1064 2048 non sequitur, nec conuincitur inter paternitatem, & es
223 2044 1079 2084 sentiam realis differentia, quamuis conuincatur quaedam
216 2078 1073 2135 inconuertentia: sed fallacia consequentis esset, si dicere¬
222 2124 1083 2176 tur; Ista non sunt adaequate, & conuertibiliter idem, ergo
213 2157 602 2199 non sunt realiter idem
261 2180 1076 2250 Ad Quintum nego minorem: quia esse relationes non
222 2226 1063 2282 est esse, nisi inquantum est adesse: & quia in comparatio
216 2276 1067 2328 ne ad essentiam relatio non adest, cum non habeat reali
213 2317 1070 2372 ordinem oppositonis ad ipsam, ergo vt sic, ipsum adessi
225 2359 1075 2400 transit in ipsum esse diuinae essentiae: comparatione auteu
231 2390 1076 2448 ad oppositum ipsa relatio adest, & vt sic, ipsa adesse distin¬
222 2433 1076 2488 guuntur & multiplicantur, & ideo in diuinis est unicum
231 2476 1080 2529 esse totius trinitatis, licet ibi sint plura adesse, quae tamen
219 2511 1076 2573 adesse non ponunt numerum cum illo vnico esse; eo quod
212 2549 526 2605 transeant in ipsum
268 2576 1077 2649 Ad sextum dicendum, quod sicut superius probaui por
229 2632 1064 2680 expositorium svllogismum, nihil concluditur necessario
231 2667 1065 2723 quando medium excedit, & inadaequate se habet cum e
222 2711 1069 2757 tremis: & quia essentia diuina excedit paterititatem, qui
216 2754 1068 2797 est idem filiationi, a qua differt ipsa paternitas, ideo &c
214 2790 1070 2842 Vnde per eandem formam potest probari, quod pater si
219 2828 1077 2871 filius per duas premissas verissimas, quarum oppositum di
226 2864 1068 2914 cere est haereticum, vt patet in decretali superius allega
228 2906 1065 2959 ta: Dicam enim sic, Haec essentia est hic pater, haec essen
226 2943 1074 2989 tia est hic filius, ergo hic filius est hic pater. Cum igitui
222 2988 1061 3033 conclusio falsa sit, & nullum peccatum sit in materia pro
229 3026 1068 3067 missarum, ergo peccatum est in forma svllogismi exposi
228 3065 1073 3116 torij, cuius forma consistit in hoc, quod medium sit haoc ali¬
228 3108 1077 3168 quid signatum, & tunc necesse est extrema coniungi, us
1137 329 1993 398 dicitur in libro priorum, illud autem, quod excedit respe
1147 390 1978 457 ctu excessi, non est hoc aliquid, sed quasi quale quid, i
1144 429 1428 486 est quid commune
1170 451 1985 512 Ad septimum dicendum, quod contradictoria predicata
1145 507 1980 558 possunt verificari de eodem secundum aliam & aliam con¬
1134 557 1973 600 parationem. Posset etiam dici, quod essentia vt est idem pro
1140 588 1973 635 prietati relatiuae non est communicabilis; essentia enim
1137 632 1977 683 vt communicata per modum generationis est in filio, &
1138 671 1972 709 est idem realiter cum filiatione, & vt sic, puta vt commu
1141 707 1983 755 nicata per generationem est in solo filio, & in nulla alia
1137 746 1982 794 persona, eadem essentia; vt per spirationem communica¬
1138 782 1986 828 ta, est idem spirationi passiuae, & vt sic, est in solo spiritu san
1135 825 1971 872 cto: vt autem est fontana deitatis, siue ratio vniuersalis d
1135 868 1971 914 uinae pullulationis, sic est in patre, & est idem paternitati
1134 904 1703 948 & vt sic, non est in aliqua alia persona
1170 938 1983 986 Posset etiam dici, quod communicabile, & incommu¬
1128 980 1975 1023 nicabile possunt esse idem realiter non adaequate, vt su¬
1134 1019 1706 1072 perius patuit in exemplis introductis.
1167 1059 1979 1102 Ad octauum dicendum, quod paternitas, & filiatio sicut sunt
1131 1096 1970 1146 idem realiter in diuina essentia re absoluta, sic etiam re
1121 1139 1975 1183 absoluta sunt idem inter se, non tamen propter hoc se¬
1124 1182 1741 1233 quitur, quod sint idem inter se re relata
1173 1219 1976 1261 Ad nonum dicendum, quod non est simile: quia non
1127 1256 1974 1309 oportet semper dare tantam distinctionem in re, quantam
1128 1294 1747 1336 damus in ratione, siue in actibus rationis.
1170 1333 1976 1386 Ad decimum dicedum, quod maior partim est vera, & par
1122 1375 1961 1419 tim falsa, est enim vera in hoc, quod ait, quando aliqua sun
1125 1412 1964 1456 idem alicui realiter, tunc non possunt differre, nisi per ea
1128 1450 1959 1497 quae addunt super illud, sed est falsa in hoc, quod adiugit
1128 1497 1973 1542 quod non possit esse maior differentia eorum inter se,
1127 1533 1976 1582 quam sit differentia illius additi ab illo, in quo conueniunt;
1122 1571 1966 1612 illud adiunctum non est verum, nisi sit talis ordo, & com¬
1129 1611 1955 1658 paratio illorum, quae addunt ad aliud, in quo conueniunt
1128 1650 1964 1699 qualis est ordo, & comparatio illorum inter se: sic enim
1118 1688 1972 1735 non est in proposito: quia paternitas ad filiationem habet
1126 1728 1961 1774 ordinem realem, & comparatur ad ipsam sicut ad suun
1128 1766 1972 1812 oppositum: sed nec paternitas, nec filiatio ad essentiam
1126 1803 1742 1850 habet ordinem realem, nec opponitur ei
1164 1843 1962 1891 Ad vndecimum dicendum, quod maior non estuer;
1128 1884 1967 1937 in his, quae quamuis sint idem realiter, tamen non se ha¬
1128 1924 1963 1967 bent ad inuicem adaequate: dato enim, quod esset ide¬
1127 1962 1961 2006 Platonis, particularia multiplicantur, & non idea; & tame
1125 2004 1967 2047 quodlibet particularium esset realiter idem illi ideae, sic
1124 2040 1322 2091 in proposito.
1164 2082 1968 2140 Ad duodecimum nego minorem: quia entitas relatio¬
1131 2111 1961 2167 nis ut comparatur ad essentiam non fundat aliam vnita
1121 2155 1487 2214 tem ab vnitate essentiae
1163 2192 1960 2250 Ad tertiumdecimum nego consequentiam, Ad prob.
1128 2231 1964 2284 tionem dicendum, quod relatiuum secundum esse non opos
1125 2272 1969 2324 tet, quod secundum se totum sit in predicamento relationis;
1128 2316 1975 2364 quia implicat sundamentum, quod necessario est alterius
1131 2355 1334 2405 praedicamenti
1171 2390 1970 2439 Ad quartum decimum nego falsitatem consequentis,
1166 2435 1982 2478 Ad primam probationem dicendum, humanitas Chri
1128 2474 1974 2521 sti non est assumpta in vnitatem personae verbi sic, quod
1133 2517 1967 2555 identice transeat in personam verbi: quia sic non ma¬
1131 2550 1973 2601 neret creatura; sed pro tanto dicitur assumpta in uni¬
1129 2591 1975 2639 tatem personae : quia sustentatur a persona verbi, &
1131 2632 1963 2680 non habet propriam personalitatem: sed quia proprian
1129 2675 1975 2719 retinet naturam, ideo non dicitur alsumi in unitatem.
1119 2715 1241 2754 naturae
1170 2751 1993 2799 Ad secundum patuit superius, cum illam materiam
1122 2785 1250 2837 tractaui
1157 2817 1961 2885 Ad tertium dicendum: quod persona refertur: quia inclus
1128 2867 1970 2910 dit relationem in comparationem ad oppositum, essentia
1124 2905 1960 2953 autem non refertur, quia quamuis dicat eandem entita
1124 2947 1974 2990 tem, quam dicit persona, non tamen dicit cam secundum
1131 2981 1508 3035 eandem comparationem.
1159 3006 1971 3072 Ad quintumdecimum patet per ea, quae dicta sunt ad
1128 3066 1883 3115 primum: lgitur rationes illae minime concludunt
