2376 3552
462 278 1296 352 Ad cnius intellectum est sciendum, quod cum relatio
432 349 1291 394 realiter sit quidam ordo, ergo prout relatio comparatur
443 377 1297 425 respectu illius, respectu cuius secundum suam rationem
439 426 1304 468 formalem habet realem ordinem, tunc ab illa seipsa rea¬
449 462 1288 502 liter distinguitur, & si quid talis relatio sormaliter con¬
440 492 1292 541 stituit, hoc facit ab illo formaliter, & realiter esse distin¬
439 532 1295 581 ctum: sed prout comparatur ad illud, respectu cuius, siue
445 575 1294 619 ad quod non habet realem ordinem, tunc nec seipsa ab
442 614 1294 658 illo distinguitur, nec respectu illius illud, quod constituit
453 651 1301 694 facit esse distinctum, sed relatio diuina ad suum oppositum
447 691 1299 736 habet realem ordinem, ad essentiam vero diuinam non
450 734 1286 780 habet realem ordinem, ergo seipsa realiter distinguitur
444 779 1300 815 ab opposita relatione, & distinguit realiter suppositum
441 817 1298 862 per ipsam constitutum a supposito constituto per relatio
439 849 1289 894 nem sibi oppositam, ab essentia vero diuina differt sola ra
447 885 1292 927 tione formali, & non realiter, nec per consequens suppo¬
437 924 1299 975 situm, quod constituit, distinguet ab essentia distinctione
450 975 1298 1014 reali, sed solummodo distinctione rationis; & illa est in¬
438 999 1292 1048 tentio fratris AEgidij circa illam 33. dist. vbi valde proli¬
444 1040 848 1094 xe tractat illam materiam.
485 1079 1296 1126 Ad argumentum principale nego minorem, quia pro¬
470 1122 1300 1164 ter aliam, & aliam comparationem manente eadem en¬
457 1156 1302 1205 titate reali in aliquibus rebus, variaturratio quidditatis,
449 1198 1135 1241 & ideo argumentum non concludit intentum
484 1240 1295 1288 Alias inuenitur talis solutio. Potest dici, quod quiddi.
456 1276 1296 1328 tas potest dupliciter accipi, vno modo pro natura rei,
449 1314 1309 1359 Alio modo pro ratione formali ipsius rei. Primo modo.
447 1351 1301 1402 minor est falsa: quia si sic proprietas & essentia differrent
442 1400 1294 1446 quiddi tatiue, tunc differrent naturaliter, sed secudo mo¬
444 1432 1298 1473 do maior est falsa, quia propter aliam, & aliam compara¬
454 1472 1308 1517 tionem, manente eadem entitate reali in aliquibus rebus,
445 1517 1301 1563 variatur ratio formalis eiusdem rei, sicut patet per exem¬
450 1555 1211 1612 pla, quae etiam in rebus creatis superius introduxi.
517 1630 1227 1685 DISTINCTIO SNxIIII
455 1710 1297 1797 Absoluta, & facilis duusio buius distinctiois in qua
530 1785 1213 1837 de mutua diuinarum personarum ad diui¬
684 1830 1088 1896 nam essentiam collatione
807 1875 962 1949 disseritur.
803 1949 1302 2031 EDICTIS est adiiciendum,
798 2014 1295 2061 Hic magister comparat personas
795 2055 1301 2109 ad essentiam, & diuitur in duas par¬
804 2094 1308 2138 tes: quia primo pertractat huius¬
807 2134 1298 2189 modi comparationes, secundo per¬
813 2179 1304 2226 ractat diuinorum quasdam spe¬
805 2209 1307 2262 ciales habitudines ibi, Hic consi¬
778 2255 1311 2303 derandum. Quantum ad primum
457 2290 1307 2336 est sciendum, quod ex comparatione essentiae ad perso¬
458 2328 1296 2377 nas est intentio magistri ostendere essentiam diuinam esse
444 2370 1305 2411 idem realiter cum personis: Diuiditur ergo ista pars in tres
462 2412 1302 2460 partes, nam primo ostendit quomodo quidam contra ian
454 2450 1304 2493 dictam veritatem arguunt, secundo ostendit, quod tales
450 2484 1298 2530 scripturas sacras non intelligunt, Tertio ostendit qualiter
447 2529 1297 2578 rationes eorum deficiunt. Secunda ibi, Hoc quidam di¬
455 2565 1096 2604 cunt. Tertia ibi, Ad naturam ergo rerum.
492 2595 1304 2644 Sequitur illa pars. Hic considerandum &c. &diuiditur
454 2641 1301 2687 in duas: quia primo magister quorundam terminorum di
455 2680 1302 2728 uinorum habitudines manifestat, secundo quae dixerat
457 2721 1295 2762 breuiter recapitulat ibi, De sacramento vnitatis. Prima
463 2756 1308 2805 n duas: nam primo ostendit quomodo quidam termini
464 2794 1301 2842 n diuinis secundum vsum loquentium praedicantur o¬
457 2838 1291 2884 blique, secundo quomodo quidam praedicantur transum.
460 2880 1301 2926 ptiue ibi, Praeterea sciendum. Prima in tres; nam primo
453 2915 1301 2964 manifestat huiusmodi praedicationes, secundo insinuat
459 2957 1305 3008 quorundam communium, seu essentialium appropriatio¬
446 3002 1293 3040 nes, & tertio denotat quomodo circa hoc nomen homou
450 3034 1295 3083 sion quandoque fuerunt haereticae deceptiones. Secunda
457 3069 1287 3114 ibi, ex praedictis constat. Tertia ibi, Hoc non est preter¬
448 3111 1295 3170 mittendum Circa istam dist. 34. quaero hanc questionem.
1615 333 1927 406 Questio. I
1434 420 2072 507 An diuina persona ab essentia diuina
1620 478 1938 548 realiter differat.
1565 842 2200 900 TRVM persona diuina differat realiter.
1592 881 2194 940 ib essentia diuina. & videtur, quod sic,
1586 921 2201 975 quia quae in nullo realiter differunt sine¬
1587 972 2189 1012 quocumque, vnum est conceptibile, &
1587 1006 2188 1049 alterum, sed essentia diuina est concepti
1515 1018 2192 1091 gi bilis sine relatione, sicut patet de conce¬
1341 1084 2201 1137 ptibus philolophorum, & ludaeorum, & persona, cum sit
1337 1132 2195 1170 relatiua, nullo modo potest concipi sine relatione, ergo
1335 1159 2201 1204 aliqua realis differentia est inter essentiam, & personam
1338 1200 1677 1249 in diuinis, vt videtur.
1371 1236 2192 1291 Contra, in quacumque natura intellectuali suppositum,
1339 1273 2201 1324 & natura sunt omnino idem realiter, in illa persona & es
1341 1314 2204 1361 sentia non possunt differre realiter, sed non solum secun
1341 1351 2189 1395 dum theologos, verumetiam secundum omnes philoso¬
1343 1391 2199 1446 phos in Deo, siue in prima intelligentia Suppositum, &
1338 1430 2208 1485 natura sunt idem realiter. Hic breuiter probabo quattuor.
1351 1472 2195 1517 tonclusiones. Primo quod in diuinis persona ab essen tia
1340 1509 2197 1560 non differt re absoluta. Secundo quod non differt re re¬
1348 1553 2195 1601 ata. Tertio quod differunt ratione. Quarto propter ali¬
1339 1592 2196 1647 qua dicta magistri in ista dist. 34. ostendam, quod non ob
1339 1630 2198 1672 stante praedicta omnimoda simplicitate diuina, multa ta¬
1354 1672 2196 1731 nen trassumptiue, ex creaturarum similitudine dici pos¬
1335 1708 1544 1759 sunt de Deo.
1537 1780 2031 1845 RES OLVTIO.
1340 1872 2203 1940 Persona diuina neque re absoluta, neque ve velata, sed ratione diui¬
1386 1929 2198 1975 ta differt ab essentia Dei, cui quidem, licet simplicissimus exi¬
1377 1970 2199 2034 stat, plura tamen creaturarum nomina metaph. ascribi possunt
1494 2056 2043 2121 CO NCLV S10 t.
1399 2139 2151 2220 Quod in dumis persona ab essentia non differt
1665 2192 1863 2273 re absolista.
1408 2292 2208 2358 ICO ergo primo, quod persona diuina non potest
1337 2303 2057 2384 differre ab essentia per aliquid absolutum.
1364 2382 2199 2435 1 Quia cum essentia diuina sit in qualibet diuina per
1348 2410 2207 2467 sona, si persona diuina distingueretur ab essentia per ali¬
1362 2456 2207 2508 uod absolutum, cum huiusmodi principium distinctiuum
1344 2494 2197 2538 etiam esset in persona, quae per ipsum distingueretur, hu¬
1348 2533 2208 2592 iusmodi persona esset confsata ex duobus principiis abso
1346 2572 2202 2633 lutis, & per consequens non esset Deus, qui, vt patet 12.
1341 2612 2199 2670 meth. est actus simplicissimus, & purissimus: vnum enim
1350 2652 2201 2706 illorum principiorum necessario esset in potentia ad al¬
1351 2686 1849 2742 terum, quod repugnat actui puro
1365 2737 2202 2785 2 Praeterea, quicquid re absoluta differt ab essentia
1344 2756 2207 2830 diuina, hoc non est Deus: igitur persona diuina non esset
1356 2807 2195 2864 Deus consequentia patet: probatio antecedentis; nam il¬
1343 2843 2208 2918 lud, quod re absoluta differt a diuina essentia, hoc vide¬
1348 2889 1991 2939 tur existere in alia natura a natura deitatis.
1356 2925 2201 2981 3 Praeterea, omne, quod est, aut est creatura, aut crea¬
1353 2973 2201 3023 rix essentia, igitur tale absolutum vel esset creatura, &
1350 3011 2201 3064 tunc non posset esse in persona diuina, nec per consequens
1355 3044 2207 3105 psam distingueret a diuina essentia; vel esset creatrix es¬
1338 3081 2199 3142 sentia, & tunc similiter non distingueret personam ab es¬
1343 3115 2198 3185 entia, quia tunc distingueret a seipso.
