2215 3547
69 261 878 341 4 Preterea, illud absolutum vel esset vltimus finis onm
59 323 887 372 nium, & tunc non posset differre a diuina essentia, quia
57 367 881 408 ipsa est vltimus finis omnium; implicatio etiam contra¬
60 405 878 450 dictionis esset, plures ponere vltimos fines: vel esset ordi¬
55 438 882 490 natum, rel ordinabile ad finem, & tunc esset creatura, nec
63 481 882 534 per consequens posset esse in diuina persona: indigeret
65 526 876 576 uim causa ipsum ordinante ad finem, quod simplicit er
50 552 426 607 repugnat diuinae personae.
111 583 878 650 Praeterea, si diuina persona per entitatem absolutam
48 636 878 682 dfferret adiuina essentia, tunc vel ipsa diuina essentia
59 674 878 727 set forma illius absolutae entitatis, qua persona diuina
57 711 866 768 lifferret ab essentia: vel informaretur ab ea, sed consequen
50 750 882 811 ti falsum, quia cum diuina essentia sit purus actus & ens sim
55 789 872 838 lititer simplex, ergo nec pot informari, nec informare:
49 837 866 880 nam quicquid informat, vel informatur, est saltem compon
49 868 872 923 bie hic, nec per consequens poterit esse purus actus, vel
43 909 870 955 emi simpliciter simplex. Consequentia patet, nam secun
52 942 866 1005 luam commentatorem, quaecumque sunt in eodem, vel
43 992 862 1039 vmum se habet ad alterum vt actus, vel vt potentia, & per
46 1032 852 1076 tensenuens vel vt informans, vel vt informatum.
48 1066 857 1120 4 Praeterea, quandocumque aliqua absoluta distin
51 1109 876 1161 piintur in eodem, tunc indigent causa superiori coniun
43 1149 866 1202 ente gitur esset aliquid superius diuina essentia coniu¬
36 1185 738 1228 vne plam cum tali absoluto in eadem persona
54 1227 863 1276 Praeterea, Deatus bern. in concilio Hemensi contra
41 1254 860 1317 bubertum Porretanum, qui dixit, quod Deus non erat
46 1297 860 1357 bitas, occasionem accipiens ex hoc, quod dixerat per¬
48 1335 869 1393 tum diuinam realiter differre a deitate, arguit sic: Si
36 1373 865 1425 na est aliquid, aut est idem quod Deus, aut aliud, Si
36 1414 861 1471 Hrem, tunc habetur propositum contra te. Si est aliud;
47 1460 856 1505 Seaut est aliquid maius Deo, aut minus, aut aequale
44 1495 863 1553 aprimum, quia Deo nihil potest esse maius, nec etiam
42 1541 854 1590 tettari Nec secundum, quia tunc Deo derogaretur ex
24 1572 857 1615 No quod haberet deitatem. Nec tertium, quia tunc es¬
27 1610 844 1661 snpiure; Dij. Sic eodem modo posset argui in proposi
26 1653 856 1706 propter iam dictam etiam rationem factam a bernar¬
48 1692 860 1750 rra dictus Cilbertus reuocauit suum errorem in fe
29 1734 761 1788 neni concilio, prout recitat Innocentius quartus.
143 1817 705 1889 c 0 NcLV S1O I.
60 1856 816 1945 Quod n diluinis persona ab esscitia non dissert
351 1922 498 1979 re relata
47 1934 845 2023 VNDO dico, quod persona diuina non differt al
68 2012 847 2056 entia re relata, quia si sic, tunc relatio diuina reali¬
54 2051 848 2095 ninerret ab essentia diuina, quia propter quod vnum
47 2095 849 2141 rn, tale, & ipsum magis: Falsitas consequentis patet quod
84 2136 854 2181 ma praecedenti. Est etiam pro istis duabus conclu¬
54 2166 852 2216 tbus determinatio vniuersalis concilij extra. de sum
42 2206 278 2257 n, & fide catho
48 2242 845 2291 Sed contra illam conclusionem possent multa adduc
42 2289 850 2326 I5 rationibus adductis in quaestione proxima prae
30 2325 855 2377 Nenti, & specialiter tres probationes adductae pro iad¬
38 2367 850 2407 one, sed, quia ad omnia illa ibi respondi; ideo ad prae¬
62 2400 263 2454 dimrtantur.
117 2482 725 2554 EONCLVSIO II
107 2523 827 2601 Quod persona diuina differt ab essentia
366 2594 496 2645 ratione.
60 2604 844 2683 fario dico, quod persona diuina differt ab essen
78 2678 359 2725 tia diuina ratione,
81 2718 841 2762 Quia omne suppositum includens aliquid in sua ra
75 2755 857 2802 trmali, quod formalis ratio suae naturae non inclu
73 2799 848 2845 minus oportet, quod a sua natura differat secun¬
89 2835 853 2886 atiomem si non differt secundum rem: sed quodli¬
50 2875 847 2913 mioum suppositum in sua ratione formali includit
81 2916 850 2964 rem relationis, puta esse ad aliud, cum ipsum in esse
75 2953 835 3001 nial constituitur relatione, siue relatiua proprio
118 2992 833 3032 t quidem ratio relationis non includitur in ra
96 3034 854 3079 uentiae vt patuit in. qu. praecedenti, igitur cum non
78 3066 847 3120 ta realiter ab essentia, vt probaui in 1. & 2. conclu¬
81 3109 593 3172 anecesse est quod differat ratione.
931 291 1771 350 2 Praeterea, a quocumque differt principiunrcansti¬
934 329 1761 394 tutiuum alicuius, ab eodem differt illud quod est consti¬
938 375 1762 436 tutum per ipsum, sed proprietas relatiua, quae est prin¬
933 408 1766 474 cipium constitutiuum diuinae personae differt ratione ab
927 447 1395 509 essentia, ergo & persona.
1060 517 1625 601 CONCEVSIOIIII
911 572 1767 658 Quod non obstante praedicta omnmimoda simplicitate
977 636 1755 701 Dei, puta quod nulla realis, diuersitas potest esse
968 681 1773 749 in Deo, multa tamen nomina proprie significantia.
965 725 1763 804 res mixtas, et corporales smilitudinarie, & tras¬
972 773 1501 861 sumptiue poterunt de Deo dici.
1001 847 1757 936 VARTO dico, quod non obstante predicta simpli¬
911 919 1756 962 citate Dei, puta quod nulla realis diuersitas po¬
912 954 1757 1019 test esse in Deo, multa tamen nomina proprie significan¬
910 995 1760 1065 tia res mixtas, & corporales similitudinarie, & transsum¬
912 1032 1367 1088 ptiue poterunt de Deo dici.
997 1081 1747 1121 Quia, vt dicitur in topicis, Omnes transferentos se¬
909 1109 1754 1166 cundum aliquam similitudinem transferunt, sed omnis
910 1154 1754 1213 creatura aliqualiter assimilatur Deo, quia ipsum imita¬
907 1191 1767 1252 tur, sicut exemplatum suum exemplar, & ideatum suam
906 1223 1274 1279 ideam, vt infra patebit.
922 1270 1742 1320 2 Praeterea, omne continens aliquas perfectiones po
908 1312 1751 1365 test denominari per eas, vel proprie, si formaliter continet
909 1347 1748 1395 eat, vel metaphorice, seu transsumptiue, si eminenter con
903 1388 1752 1440 tinet eas, sed Deus omnium creaturarum perfectionem
913 1423 1755 1485 continet, aut formaliter, aut emineter, vt patuit, superius,
913 1460 1749 1522 ergo ab omni creatura poterit nominari, & si non semper
909 1508 1749 1549 proprie, tamen transsumptiue: propter hoc ait Aug. quod
906 1543 1748 1605 Deus dicitur Leo, Petra, Fapis angularis, & cetera hu¬
894 1585 1728 1637 iusmodi per similitudinem non per proprictatem.
918 1623 1740 1677 3 Praeterea, illae transsumptiuae locutiones de Deo
898 1667 1743 1716 multum sunt nobis necessariae, quia quanto minor est
900 1701 1740 1750 proportio intellectus ad intelligibile, tanto magis est no
896 1750 1748 1795 cesse vti similitudinaria declaratione, vt per ipsam simili¬
907 1780 1739 1823 tudinem deueniamus ad notitiam veritatis, sed obiecti
898 1820 1736 1869 diuinum maxime excedit nostrum intellectum, quia si¬
901 1859 1745 1910 cut se habet oculus noctuae ad lucem solis, sic se habet a¬
906 1897 1751 1946 nimae nostrae intellectus ad ea, quae sunt manifestissima in
904 1935 1736 1981 natura, vt dicitur 2. metaph ipse enim lucem inhabita
900 1969 1748 2024 inaccessibilem, quem nullus hominum vidit, nec videre
912 2015 1740 2069 potest, ergo necesse est nobis vti metaphorieis, & trans¬
903 2054 1736 2098 sumptiuis, quod ad Deum, appellationibsrupropter hos
900 2095 1739 2145 ait Diony. 1. de angelica hierarchia, Non enim est possi¬
895 2131 1740 2180 bile aliter nobis lucere diuinum radium, nisi varietate sa
906 2171 1598 2210 crorum velaminum anagogice circumuelatum
903 2206 1745 2258 Sed contra illud occasione precedentium conclusio¬
894 2244 1177 2294 num potest instari.
911 2292 1737 2333 1 Quia purus actus non videtur habere aliquam simi
902 2322 1739 2375 litudinem cum co, quod essentialiter habet admixtam
907 2369 1733 2410 potentiam, sed Deus est purus actus, & omnis corporalis
904 2409 1743 2458 troatura habet essentialiter admixtam potentiam, puta
906 2447 1731 2498 primam materiam, quae est pura potentia, vt patet 2. phy¬
899 2484 1740 2526 sicorum: ipsa enim substantificatur per posse, & potentia
904 2521 1742 2563 est eius differentia essentialis, sen substantialis, Vt dicit
906 2555 1736 2607 Commen. in de substantia orbis: Cum igitur omnes trans
904 2594 1742 2654 ferentes secundum aliquam similitudinem transferant,
906 2636 1735 2682 videtur, quod nullum nomen videlicet illarum rerum cor¬
907 2678 1592 2727 porarlium sibi possit competere traussumpiue,
922 2717 1737 2762 2 Praeterea, illud, quod est omnino simplex, nullam
907 2749 1733 2799 videtur habere similitudinem cum re fimpliciter compo
891 2788 1736 2849 sita, sed Deus est omino simplex, cum in supposito qi¬
895 2828 1732 2875 uino nulla sit omnino realis distinctio, & suppositum in
894 2872 1742 2918 eo realiter sit idem, quod natura, vt patet per predicta;
894 2911 1726 2961 omnis autem corporalis creatura est simpliciter compo¬
891 2947 1101 3000 sita, ergo &c.
936 2961 1727 3035 3 Praeterea, similitudo est rerum differentiam eaden
897 3031 1734 3083 ualitas, vt patet s. metaph sed in Deo nulla est qualitas;
897 3068 1732 3124 quia secundum August. 5. de trini: Deus dicitur bonus
896 3106 1106 3171 une qualitate.
