2381 3525
438 264 1317 325 suam productiue, sic necesse est, quod per intellectio¬
447 312 1295 361 nem suam insum attingat obiectiue : sed Deus cum non
447 352 1295 395 agat ex necessitate naturae, ipse enim est agens per intelle
441 387 1289 433 ctum, & voluntatem, & omnem effectum atte ngit per sul
451 429 1287 483 operationem productiue, ergo etiam attinget eum pe
435 473 1274 510 intellectionem & volitionem fuam obiectiue.
446 504 1286 550 2 Preterea, Deus intelligens creaturam intuendo esset
454 547 1287 589 tiam suam modo, quo ille ponit, aut intelligit creaturan
444 584 1287 637 esse aliam ab essentia sua, aut non intelligit eam esse alis
443 625 1293 668 ab essentia sua. Si primo modo, tunc necessarin Deus, si¬
443 665 1277 706 ue diuina essentia, & creatura sumt apprehensa, vt duo in
449 709 1294 756 tellecta, seu duo intuita, quod ille firmissime negat. Si se¬
441 741 1288 784 cundo modo, tunc diuina intellectio esset falsa, quod es
435 773 638 829 impossibile
452 818 1285 869 3 Praeterea, ea, quae a Deo intelliguntur cum assertio¬
441 861 1290 907 ne contradictoriorum, illa necessario intelligutur, vt mul
440 904 1289 944 ta intellecta, & non vt vnum tantum intellectum. illa pa¬
447 941 1283 989 ter: quia contradictoria praedicata non possunt intellig
441 978 1287 1020 eidem competere secundum que idem est: sed Deus om-
445 1017 1287 1066 nem oreaturam intolligit, uel esse productam, vel esse pro
447 1055 1279 1099 ducibilem, essentiam vero suam intelligit omnino esse
442 1094 1295 1143 neciproductam, nec producibilem, ergo essentiam suam,
447 1133 1286 1184 & creaturam necessario intelligit, ut plura intellecta, &
451 1176 872 1217 non vt vnum tantum.
459 1199 1292 1262 4 Praeterea., Si cognitio Dei in solius suae essentiae in¬
448 1251 1287 1298 tuitione sisteret, &cultorius ad nihil aliud se extenderet.
438 1295 1289 1345 tunc Deus nec posset esse vltor malorum, nec praemiator
444 1330 1281 1373 honorum, quod est contra omnem catholicam veritatem
431 1368 1283 1412 consequentia fatis patetri quihomnino sistondo in solius
439 1407 1286 1451 suae essentiae simplitissimo intuitu cum abnegatione om
442 1443 1280 1498 nis extensionis suae cognitionis ad quodcunque, quod non
438 1483 1277 1526 est sua essentia, tunc nex i homim, nec malum cruaturae, v
447 1522 1279 1565 creatura est, apprehendenet, & per consequens talium nes
448 1562 1244 1615 praen; iator esse posset, necpinitor.
449 1599 1277 1652 3 Praeterea, malum nullun aequiualens habet in Deo
432 1645 1278 1693 maxime loquendo de malo culpae, quod nec virtualiter,
435 1683 1275 1737 nec formaliter continetur in Deo cuigitur Deus cogn¬
445 1717 1277 1770 fcat malum culpae culuscunque peccatoris, ergo non om
441 1763 1280 1813 ne, quod Deus cognoscit de his, quae sunt extra se, cogno
435 1798 1280 1843 scit totaliter sistendo in illo eminenti, & vlus quam aequi
439 1836 1286 1881 ualenti, sicut tu ponis, cum non solum Deus cognoseat
437 1875 1283 1929 bonum, sed etiam malum, inta illud. In omni loco oculi
438 1911 1049 1966 Domini contemplantur bonos, & malos.
448 1958 1280 2002 Rationes etiam suae non concludunt: quilibet enim
442 1997 1279 2036 cataa licus, vt ego puto, habet soluere illas rationes, nec
432 2036 1274 2087 magis sunt contra nos, quam contra istum, qui facit eas
429 2073 1283 2121 nam tacendo de illa terminatione obiectiua; & solummo
438 2118 1278 2165 do ponendo, quod Deus cognoscat ercaturam, non mi¬
435 2147 1277 2199 nus protedunt illae rationes, quam adiungendo praedictam
441 2196 1280 2232 terminationenm.
449 2229 1283 2278 Ad primum igitur dicendum, quod minor est falsa: Ad
440 2270 1277 2318 probationem dico, quod notitia, qua Deus creaturas in¬
436 2309 1281 2354 telligit, non mutatur mutata creatura: quia creatura nec
438 2350 1274 2394 mensuratur, nec causatur; Ex sola igitur mutatione facta
435 2389 1270 2433 in creatura nulla mutatione facta in Dei notitia; Deum
438 2427 1271 2472 candem creaturam, quam quandoque cognouit treabilem
434 2465 1283 2518 & non creatam, nunc cognoscit esse creatam, qua desinen
435 2510 1280 2555 te esse, item cognescit ipsam esse creabilem, & quandoque
438 2544 1280 2591 fuisse creatam. Etiam illa probatio est contra illum Do¬
435 2584 1273 2625 ctorem: quia ipse in distinctione 38. quaestio n articulo 2¬
434 2624 1273 2664 dicit, quod scientia nostra nec requirit, quod res scita sut
431 2660 1264 2703 in se, nec ut habeat esse in suis principijs: quia scienti
422 2702 1273 2743 abstrahit tam ab esse actuali ipsius scibilis, quam ab esse
438 2738 1280 2792 eius potentiali, & sic scientia nostra haberet maiorem sta
429 2777 1280 2821 bilitatem, quam notitia Dei, si notitia Dei ad res crea¬
423 2823 1274 2868 tas quamuiscumque secundarie terminata, mutatur ad
437 2860 1274 2911 mutationem rerum, sicut assumitur in probatione il¬
428 2891 758 2948 lius minoris.
458 2938 1274 2981 Ad secundum dicendum, quod Deum perfici creatura
432 2980 1274 3022 coexigenter, potest dupliciter intellipi. Vno modo, quod
424 3008 1268 3068 Deus coexigat creaturam quantum ad proprium esse ip¬
431 3054 1268 3107 sius creaturae. Alio modo quantum ad esse repraesenta¬
431 3096 1273 3142 tum, seu quantum ad esse cognitum. Primo modo Deus
1328 250 2172 331 non conexigit creaturam: sed secundo modo necessario
1348 321 2186 371 coexigit eam: eadem enim necessitate, qua Deus est per¬
1341 352 2185 403 fectus omni perfectione, vt patets. metaphysic. ipsa ea¬
1334 392 2202 438 dem necessitate omnis creatura, est virtualiter conten¬
1335 433 2186 480 ta, & originaliter representata in ipsa diuina essentia, &
1338 474 2180 520 necessario a Deo cognita. Sicut igitur Deus ad esse suum
1344 515 2186 555 diuinum, puta ad hoc quod sit Deus, coexigit necessario
1343 555 2185 590 continentiam omnis creaturae, vel formalem, vel uirtua¬
1345 589 2176 640 lem, sic ex consequenti necessario coexigit determinat,
1344 632 2181 681 notitiam omnis entitatis ab ipso differentis, siue creatae.
1347 663 2177 717 siue creabilis; ideo non potest Deus suam notitiam non
1343 708 2186 765 extendere ad creaturam factam, vel fiendam, seu possibi¬
1335 744 2180 790 lem fieri; & quia essentia diuina nec est facta, nec fien¬
1341 784 2186 831 da, nec vmquam fuit possibilis fieri, ideo talis notitia
1336 822 2177 870 Dei, qua Deus cognoscit proprie creaturam, aliquo mo¬
1338 860 2175 910 do se extendit vltra diuinam essentiam, nec sistit omni
1335 904 2162 951 no ibi: quia attingit alia, saltem ut obiecta secundaria.
1344 941 2181 990 Ad tertium dicendum, quod multi sollemnes Docto¬
1339 983 2183 1025 res non reputant illud consequens esse impossibile: quia
1332 1022 2183 1064 ipsi ponunt, quod continuum sit compositum ex indiui¬
1328 1053 2181 1112 sibilibus, & illa ratio est vna de potioribus, quas ipsi
1338 1097 2170 1155 adducunt: sed quia quasi omnes Peripatetici, quos egi
1334 1140 2177 1180 sequor in philosophia, ubi eorum dicta fidei non repu¬
1334 1180 2180 1228 gnant, oppositum asserunt. Ideo respondeo ad formam
1329 1221 2183 1260 rationis negando consequentiam. Ad probationem di¬
1341 1254 2187 1311 co, quod numquam omnes partes cuiuscunque continui
1345 1296 2171 1352 ponentur simul in Dei intuitu: quia sicut Deus non po¬
1336 1343 2183 1384 test intelligere partes motus tamquam entia permanen¬
1335 1372 2179 1418 tia: quia de natura earum est, quod sint in quadam suc¬
1335 1418 2182 1457 cessione: sic Deus non potest omnes tales partes, quae
1322 1457 2184 1504 futcessiue fiunt ex diuisione continui, simul intueri:
1323 1496 2180 1547 quia de natura talium partium est, quod semper sint
1328 1528 2162 1581 in fieri, & numquam in totali facto esse, vt patet per Ari
1332 1570 2158 1617 stotel. & Comment. 5. physicorum. Nec ex hoc scien
1336 1606 2168 1656 tia Dei est in aliquo imperfecta, quod illud non intel¬
1331 1648 2169 1699 ligit, quod non est intelligibile, sicut nec potenti¬
1338 1687 2171 1743 sua ex hoc est imperfecta, quia non producit illud, quod
1324 1731 2168 1773 non est producibile; puta contradictoria simul; Net
1331 1767 2180 1817 etiam proficit Deus in notitia ex hoc; quod tales par¬
1329 1811 2180 1860 tes noscit distincte; quas quandoque nouit indistin¬
1332 1842 2177 1892 cte, sicut non proficit ex hoc, quod nunc cognoscit ali¬
1323 1885 2174 1939 quid esse creatum, quod ab aeterno non cognouit esse
1320 1924 2174 1975 creatum. Etiam ratio non est plus contta nos, quam con¬
1323 1965 2177 2017 tra istum, qui eam adducit: quia aut ipse dicit Deum ni-
1329 2003 2180 2058 hil intelligere de his, quae sunt extra se, & tunc ipse ha¬
1322 2040 2171 2093 bebit fidem catholicam, & sacram scripturam contra se
1325 2086 2165 2139 aut concedit eum intelligere ea, quae sunt extra se, &
1327 2127 2171 2176 tunc illa ratio non minus procederet contra eum, quam
1323 2157 1487 2205 contra me
1331 2198 2173 2244 Ad quartum dicendum, quod consequens non est fal¬
1328 2231 2171 2299 sum. Ad probationem dicendum, quod Deus plura po¬
1323 2282 2171 2332 test intelligere, quam natura rei potest suscipere, vel
1330 2326 2168 2370 quam effectus possit pati; potest. n. Deus intelligere ma¬
1316 2362 2162 2414 teriam sine forma, eo quod materia de se aliquid habeat
1316 2401 2159 2453 entitatis praeter omnem entitatem cuiuscumque for¬
1320 2441 2162 2483 mae, impossibile tamen est materiam produci in esse sinc
1313 2474 2168 2527 omni forma: quia tunc materia simul esset, & non esset,
1328 2516 2174 2563 quia omne esse est a forma: Dato ergo, quod Deus simul
1326 2559 2174 2614 apprehendat magnitudinem infinitam: quia ipse potest
1322 2598 2168 2650 omnes magnitudines simul apprehendere, quas suceessi¬
1316 2633 2171 2689 ue potest producere, quae sunt numero infinitae, & per con
1322 2668 2174 2733 sequens in suo prospectu simul iunctae faciunt magnitudi
1327 2713 2165 2762 nem infinitam, huiusmodi tamen magnitudo infinita non
1330 2748 2203 2807 potest produci, vt aliqui Doctores dicunt, propter ropu¬
1329 2790 2202 2831 guantiam ex parte effectus producti; Etiam falsum assumi
1326 2821 2203 2887 tur cum dicitur, qud infinitas, & actualitas repuguant, iit pa¬
1325 2860 1525 2910 tebit in 2. libr
1340 2902 2161 2954 Ad quintum concedo consequens & consequentiam, &
1326 2946 2165 3009 nego impossibilitatem consequentis: quia beatus Augusi
1316 2983 2162 3043 expresse dicit Deum comprehendere omnem speciem
1319 3025 2174 3075 numerorum; Vnde 12. de cinitate Dei contra ponentes ani
1313 3065 2159 3123 marum circulationem ad saluandum mundi aeternitatem
1320 3105 2162 3166 ait sic. Quamuis infinitorum numerorum nullus sit nu¬
