<?xml version="1.0" encoding="UTF-8" standalone="yes"?>
<PcGts xmlns="http://schema.primaresearch.org/PAGE/gts/pagecontent/2013-07-15" xmlns:xsi="http://www.w3.org/2001/XMLSchema-instance" xsi:schemaLocation="http://schema.primaresearch.org/PAGE/gts/pagecontent/2013-07-15 http://schema.primaresearch.org/PAGE/gts/pagecontent/2013-07-15/pagecontent.xsd">
    <Metadata>
        <Creator>prov=University of Rostock/Institute of Mathematics/CITlab|PLANET AI GmbH/Gundram Leifert/gundram.leifert@planet-ai.de:name=cod-P122zz-m2(htr_id=26330)::::v=2.6.7
prov=University of Rostock/Institute of Mathematics/CITlab|PLANET AI GmbH/Tobias Gruening/tobias.gruening@planet-ai.de:name=de.uros.citlab.module.baseline2polygon.B2PSeamMultiOriented:v=2.6.7
prov=University of Rostock/Institute of Mathematics/CITlab|PLANET AI GmbH/Tobias Gruening/tobias.gruening@planet-ai.de:name=/net_tf/LA73_249_0mod360.pb:de.uros.citlab.segmentation.CITlab_LA_ML:v=2.6.6
Transkribus</Creator>
        <Created>2020-10-05T23:23:02.850+02:00</Created>
        <LastChange>2020-10-19T03:44:06.442+02:00</LastChange>
        <TranskribusMetadata docId="505580" pageId="20954123" pageNr="254" tsid="46272124" status="IN_PROGRESS" userId="25065" imgUrl="https://files.transkribus.eu/Get?id=JMMLJWMYQJKDQUEJWKDPXRCY&amp;fileType=view" xmlUrl="https://files.transkribus.eu/Get?id=QJPGYWZUDLMOIDXWBWCHDQXY" imageId="16095320"/>
    </Metadata>
    <Page imageFilename="253.jpg" imageWidth="2414" imageHeight="3565">
        <ReadingOrder>
            <OrderedGroup id="ro_1603930985741" caption="Regions reading order">
                <RegionRefIndexed index="0" regionRef="r2"/>
                <RegionRefIndexed index="1" regionRef="r3"/>
            </OrderedGroup>
        </ReadingOrder>
        <TextRegion orientation="0.0" id="r2" custom="readingOrder {index:0;}">
            <Coords points="422,238 422,3135 1299,3135 1299,238"/>
            <TextLine id="r2l2" custom="readingOrder {index:0;}">
                <Coords points="456,355 1296,345 1284,293 456,294"/>
                <Baseline points="461,344 502,344 543,342 585,342 626,342 668,341 709,341 751,341 792,341 834,339 875,339 916,339 958,339 999,339 1041,339 1082,338 1124,338 1165,338 1207,338 1248,339 1290,339"/>
                <TextEquiv>
                    <Unicode>sint in Deo, ponam tres conclusiones. Prima, est quod</Unicode>
                </TextEquiv>
            </TextLine>
            <TextLine id="r2l3" custom="readingOrder {index:1;}">
                <Coords points="463,390 1305,390 1283,346 463,350"/>
                <Baseline points="468,383 509,383 551,382 592,381 634,381 675,381 717,381 758,380 800,380 841,380 883,378 925,378 966,378 1008,378 1049,378 1091,378 1132,378 1174,379 1215,380 1257,380 1299,381"/>
                <TextEquiv>
                    <Unicode>ideae in diuinis non sunt distinctae ex natura rei. Secunda</Unicode>
                </TextEquiv>
            </TextLine>
            <TextLine id="r2l4" custom="readingOrder {index:2;}">
                <Coords points="462,426 1278,431 1292,386 462,391"/>
                <Baseline points="467,422 508,422 549,420 590,420 631,420 672,420 713,419 754,419 795,419 836,419 877,419 918,419 959,419 1000,419 1041,419 1082,419 1123,419 1164,419 1205,419 1246,419 1287,419"/>
                <TextEquiv>
                    <Unicode>conclusio est, quod non sunt distinctae per actum intelle¬</Unicode>
                </TextEquiv>
            </TextLine>
            <TextLine id="r2l5" custom="readingOrder {index:3;}">
                <Coords points="449,468 888,491 948,465 1292,463 1292,426 1255,424 678,442 449,421"/>
                <Baseline points="455,459 496,459 538,459 579,459 621,459 663,459 704,459 746,459 787,459 829,459 871,461 912,461 954,461 995,461 1037,461 1079,460 1120,459 1162,459 1203,459 1245,458 1287,456"/>
                <TextEquiv>
                    <Unicode>ctus creati. Tertia est, quod sunt distinctae per actum in¬</Unicode>
                </TextEquiv>
            </TextLine>
            <TextLine id="r2l6" custom="readingOrder {index:4;}">
                <Coords points="463,508 701,504 701,473 664,464 637,474 623,463 564,480 550,470 529,477 462,467"/>
                <Baseline points="468,501 493,500 518,500 544,499 569,498 594,497 620,497 645,497 670,499 696,501"/>
                <TextEquiv>
                    <Unicode>tellectus diuini. </Unicode>
                </TextEquiv>
            </TextLine>
            <TextLine id="r2l7" custom="readingOrder {index:5;}">
                <Coords points="493,543 1199,554 1301,540 1301,508 819,487 493,509"/>
                <Baseline points="498,539 537,538 577,537 617,537 657,537 697,537 737,536 777,536 817,536 857,536 897,536 936,536 976,536 1016,536 1056,536 1096,536 1136,536 1176,536 1216,536 1256,536 1296,534"/>
                <TextEquiv>
                    <Unicode>1 Primum probo sic; Si enim ideae distinguerentur for¬</Unicode>
                </TextEquiv>
            </TextLine>
            <TextLine id="r2l8" custom="readingOrder {index:6;}">
                <Coords points="453,585 1303,587 1294,539 1111,557 764,537 657,559 453,537"/>
                <Baseline points="458,581 500,579 542,578 584,576 626,576 668,576 710,575 752,575 794,575 836,575 878,576 920,576 962,576 1004,576 1046,576 1088,576 1130,576 1172,576 1214,576 1256,576 1298,575"/>
                <TextEquiv>
                    <Unicode>maliter, &amp; ex natura rel in mente diuina, aut distinguerem</Unicode>
                </TextEquiv>
            </TextLine>
            <TextLine id="r2l9" custom="readingOrder {index:7;}">
                <Coords points="460,623 1304,616 1285,577 460,584"/>
                <Baseline points="465,618 506,617 548,615 590,615 631,615 673,614 715,614 756,614 798,614 840,614 882,615 923,615 965,615 1007,615 1048,615 1090,615 1132,615 1173,615 1215,614 1257,614 1299,612"/>
                <TextEquiv>
                    <Unicode>tur vt absoluta, aut respectiua; sed nec sic, vt probabo, er¬</Unicode>
                </TextEquiv>
            </TextLine>
            <TextLine id="r2l10" custom="readingOrder {index:8;}">
                <Coords points="464,671 1226,671 1292,660 1292,623 464,624"/>
                <Baseline points="470,654 510,654 551,654 592,654 633,654 674,654 715,654 755,654 796,654 837,654 878,654 919,654 960,654 1001,654 1041,654 1082,654 1123,654 1164,654 1205,654 1246,654 1287,653"/>
                <TextEquiv>
                    <Unicode>go &amp; cetera. Maior patet per sufficientem diuisionem</Unicode>
                </TextEquiv>
            </TextLine>
            <TextLine id="r2l11" custom="readingOrder {index:9;}">
                <Coords points="448,706 1257,709 1292,700 1292,659 448,666"/>
                <Baseline points="453,696 494,695 536,695 577,693 619,693 661,693 702,693 744,693 786,693 827,693 869,693 911,693 952,693 994,693 1036,693 1077,693 1119,693 1161,693 1202,693 1244,693 1286,692"/>
                <TextEquiv>
                    <Unicode>Minorem probo quantum ad ambas suas partes : primo quo</Unicode>
                </TextEquiv>
            </TextLine>
            <TextLine id="r2l12" custom="readingOrder {index:10;}">
                <Coords points="451,742 1300,737 1284,698 451,706"/>
                <Baseline points="456,735 500,734 544,733 588,732 632,732 676,732 720,732 765,732 809,732 853,732 897,732 941,732 985,732 1030,732 1074,732 1118,732 1162,732 1206,732 1250,732 1295,731"/>
                <TextEquiv>
                    <Unicode>ad primam: quia sicut se habet entitas ad ens, seu materialis</Unicode>
                </TextEquiv>
            </TextLine>
            <TextLine id="r2l13" custom="readingOrder {index:11;}">
                <Coords points="450,779 1194,788 1292,774 1292,738 450,748"/>
                <Baseline points="455,773 496,773 538,773 579,771 621,771 662,771 704,771 745,771 787,771 828,771 870,771 912,771 953,771 995,771 1036,771 1078,771 1119,771 1161,771 1202,771 1244,771 1286,770"/>
                <TextEquiv>
                    <Unicode>ad materiam, sic formalitas ad formam, sicut ergo non possum</Unicode>
                </TextEquiv>
            </TextLine>
            <TextLine id="r2l14" custom="readingOrder {index:12;}">
                <Coords points="455,816 539,836 655,814 1298,821 1298,776 455,790"/>
                <Baseline points="461,810 502,810 544,810 585,810 627,810 669,809 710,809 752,809 793,809 835,809 877,809 918,810 960,810 1001,810 1043,810 1085,810 1126,810 1168,810 1209,810 1251,810 1293,810"/>
                <TextEquiv>
                    <Unicode>esse distinctae entitates, nisi sint distincta entia; nec distin</Unicode>
                </TextEquiv>
            </TextLine>
            <TextLine id="r2l15" custom="readingOrder {index:13;}">
                <Coords points="456,862 1278,857 1288,817 456,822"/>
                <Baseline points="461,851 502,849 543,849 584,849 625,849 666,849 707,849 748,849 789,849 830,849 872,849 913,849 954,849 995,849 1036,849 1077,849 1118,849 1159,849 1200,849 1241,849 1283,849"/>
                <TextEquiv>
                    <Unicode>ctae materialitates, nisi sint distinctae materiae, sic nec di¬</Unicode>
                </TextEquiv>
            </TextLine>
            <TextLine id="r2l16" custom="readingOrder {index:14;}">
                <Coords points="450,901 1284,897 1301,852 450,856"/>
                <Baseline points="455,891 497,890 539,890 581,888 623,888 665,888 707,888 749,887 791,887 833,887 875,887 917,887 959,887 1001,887 1043,888 1085,888 1127,888 1169,888 1211,888 1253,888 1296,888"/>
                <TextEquiv>
                    <Unicode>stinctae absolutae formalitates ex natura rei, nisi sint distin</Unicode>
                </TextEquiv>
            </TextLine>
            <TextLine id="r2l17" custom="readingOrder {index:15;}">
                <Coords points="451,941 1283,940 1293,896 451,901"/>
                <Baseline points="456,930 497,929 539,929 580,929 622,927 663,927 705,927 746,927 788,926 829,926 871,926 913,926 954,926 996,926 1037,926 1079,927 1120,927 1162,927 1203,927 1245,927 1287,927"/>
                <TextEquiv>
                    <Unicode>ctae formae absolutae, quas impossibile est ponere in diui¬</Unicode>
                </TextEquiv>
            </TextLine>
            <TextLine id="r2l18" custom="readingOrder {index:16;}">
                <Coords points="446,976 1279,978 1289,939 446,943"/>
                <Baseline points="452,969 493,969 535,968 576,968 618,968 660,968 701,966 743,966 784,966 826,965 868,965 909,965 951,965 992,965 1034,965 1076,965 1117,965 1159,966 1200,966 1242,967 1284,968"/>
                <TextEquiv>
                    <Unicode>nis, ergo &amp;c. lsta minor etiam potest probari per omnia</Unicode>
                </TextEquiv>
            </TextLine>
            <TextLine id="r2l19" custom="readingOrder {index:17;}">
                <Coords points="449,1024 1243,1016 1289,1013 1289,975 449,987"/>
                <Baseline points="455,1008 496,1008 537,1007 579,1007 620,1006 662,1005 703,1005 745,1005 786,1004 828,1004 869,1004 910,1004 952,1004 993,1004 1035,1004 1076,1004 1118,1004 1159,1004 1201,1004 1242,1005 1284,1005"/>
                <TextEquiv>
                    <Unicode>quae dixi superius contra formalitates, &amp; per tres rationes;</Unicode>
                </TextEquiv>
            </TextLine>
            <TextLine id="r2l20" custom="readingOrder {index:18;}">
                <Coords points="453,1062 1258,1058 1300,1049 1300,1015 453,1025"/>
                <Baseline points="458,1047 499,1047 541,1046 583,1044 625,1044 667,1044 709,1043 750,1043 792,1043 834,1043 876,1043 918,1043 960,1043 1002,1044 1043,1044 1085,1044 1127,1044 1169,1044 1211,1044 1253,1043 1295,1043"/>
                <TextEquiv>
                    <Unicode>quibus quaestione proxima praecedenti probaui secundam</Unicode>
                </TextEquiv>
            </TextLine>
            <TextLine id="r2l21" custom="readingOrder {index:19;}">
                <Coords points="450,1104 1297,1097 1297,1067 1262,1056 1129,1048 450,1062"/>
                <Baseline points="455,1088 496,1086 538,1085 580,1085 622,1083 664,1083 706,1083 747,1082 789,1082 831,1082 873,1082 915,1082 957,1082 999,1082 1040,1082 1082,1082 1124,1083 1166,1083 1208,1083 1250,1083 1292,1082"/>
                <TextEquiv>
                    <Unicode>parte tertiae conclusionis, Sel alteram partem istius mino¬</Unicode>
                </TextEquiv>
            </TextLine>
            <TextLine id="r2l22" custom="readingOrder {index:20;}">
                <Coords points="450,1134 1286,1137 1286,1097 450,1104"/>
                <Baseline points="456,1125 497,1125 538,1124 579,1124 621,1122 662,1122 703,1122 744,1122 786,1122 827,1121 868,1121 909,1121 951,1121 992,1121 1033,1121 1074,1121 1116,1121 1157,1121 1198,1122 1239,1122 1281,1122"/>
                <TextEquiv>
                    <Unicode>ris probo sic. Si ideae in diuina essentia intrinsece ex natu</Unicode>
                </TextEquiv>
            </TextLine>
            <TextLine id="r2l23" custom="readingOrder {index:21;}">
                <Coords points="454,1174 1236,1184 1294,1165 1294,1138 453,1142"/>
                <Baseline points="459,1164 500,1164 542,1163 583,1163 625,1163 666,1161 708,1161 749,1161 791,1161 832,1161 874,1161 915,1161 957,1161 998,1161 1040,1161 1081,1161 1123,1161 1164,1161 1206,1161 1247,1160 1289,1160"/>
                <TextEquiv>
                    <Unicode>ra rei dicerent distinctas relationes, sequerentur tria in¬</Unicode>
                </TextEquiv>
            </TextLine>
            <TextLine id="r2l24" custom="readingOrder {index:22;}">
                <Coords points="457,1208 487,1214 501,1208 562,1212 569,1206 574,1211 594,1206 605,1215 613,1208 636,1212 653,1207 653,1179 610,1183 590,1170 570,1169 559,1170 546,1183 457,1177"/>
                <Baseline points="462,1203 488,1202 515,1202 541,1200 568,1201 594,1202 621,1202 648,1203"/>
                <TextEquiv>
                    <Unicode>conuenientia</Unicode>
                </TextEquiv>
            </TextLine>
            <TextLine id="r2l25" custom="readingOrder {index:23;}">
                <Coords points="484,1249 1269,1251 1286,1200 484,1213"/>
                <Baseline points="489,1242 528,1242 568,1241 607,1241 647,1241 687,1240 726,1239 766,1239 805,1239 845,1239 885,1239 924,1239 964,1239 1003,1239 1043,1239 1083,1239 1122,1239 1162,1239 1201,1239 1241,1239 1281,1239"/>
                <TextEquiv>
                    <Unicode>Primum est, quod Deus infinitis realibus relationibus re¬</Unicode>
                </TextEquiv>
            </TextLine>
            <TextLine id="r2l26" custom="readingOrder {index:24;}">
                <Coords points="444,1287 1208,1296 1284,1287 1284,1246 444,1249"/>
                <Baseline points="449,1280 490,1280 531,1280 573,1280 614,1280 656,1280 697,1280 739,1278 780,1278 822,1278 863,1278 904,1278 946,1278 987,1278 1029,1278 1070,1278 1112,1278 1153,1278 1195,1278 1236,1278 1278,1278"/>
                <TextEquiv>
                    <Unicode>ferretur ad creaturam, quia infinitae sunt ideae in Deo, vt in</Unicode>
                </TextEquiv>
            </TextLine>
            <TextLine id="r2l27" custom="readingOrder {index:25;}">
                <Coords points="442,1325 1288,1328 1288,1289 1236,1282 442,1287"/>
                <Baseline points="447,1320 488,1319 530,1319 572,1319 614,1317 656,1317 697,1317 739,1317 781,1317 823,1317 865,1317 906,1317 948,1317 990,1317 1032,1317 1074,1317 1115,1317 1157,1317 1199,1318 1241,1319 1283,1319"/>
                <TextEquiv>
                    <Unicode>fra patebit, quarum qualibet Deus refertur ad creaturam, vel</Unicode>
                </TextEquiv>
            </TextLine>
            <TextLine id="r2l28" custom="readingOrder {index:26;}">
                <Coords points="446,1367 1280,1365 1263,1323 768,1322 729,1345 447,1326"/>
                <Baseline points="452,1359 493,1358 534,1358 575,1358 616,1358 657,1358 698,1358 740,1358 781,1358 822,1358 863,1358 904,1358 945,1358 986,1358 1028,1359 1069,1359 1110,1359 1151,1359 1192,1358 1233,1358 1275,1358"/>
                <TextEquiv>
                    <Unicode>conceptam, vt crcata est, vel vt creabilis est, falsitas conse¬</Unicode>
                </TextEquiv>
            </TextLine>
            <TextLine id="r2l29" custom="readingOrder {index:27;}">
                <Coords points="443,1407 470,1418 525,1401 570,1415 602,1402 668,1403 684,1415 724,1401 785,1405 785,1375 749,1363 719,1374 679,1361 653,1373 565,1366 547,1378 506,1364 443,1366"/>
                <Baseline points="449,1398 474,1397 499,1397 525,1396 550,1395 576,1395 601,1395 627,1395 652,1395 678,1395 703,1395 729,1395 754,1395 780,1394"/>
                <TextEquiv>
                    <Unicode>quentis patet superius</Unicode>
                </TextEquiv>
            </TextLine>
            <TextLine id="r2l30" custom="readingOrder {index:28;}">
                <Coords points="447,1439 1283,1452 1283,1412 1126,1390 447,1408"/>
                <Baseline points="452,1431 493,1433 534,1433 575,1434 617,1434 658,1434 699,1436 740,1436 782,1436 823,1436 864,1436 905,1436 947,1436 988,1436 1029,1436 1070,1436 1112,1436 1153,1436 1194,1436 1235,1437 1277,1437"/>
                <TextEquiv>
                    <Unicode>Secundum inconueniens est, quod aliqua res, quae</Unicode>
                </TextEquiv>
            </TextLine>
            <TextLine id="r2l31" custom="readingOrder {index:29;}">
                <Coords points="446,1484 1286,1483 1286,1451 1192,1438 940,1443 900,1467 867,1438 446,1439"/>
                <Baseline points="452,1476 493,1475 534,1475 576,1473 617,1473 659,1473 700,1473 742,1473 783,1473 825,1473 866,1473 907,1475 949,1475 990,1475 1032,1475 1073,1476 1115,1476 1156,1476 1198,1476 1239,1475 1281,1475"/>
                <TextEquiv>
                    <Unicode>identice idem est, quod Deus, non erit naturaliter prior</Unicode>
                </TextEquiv>
            </TextLine>
            <TextLine id="r2l32" custom="readingOrder {index:30;}">
                <Coords points="443,1519 1280,1523 1280,1492 1195,1482 701,1503 668,1481 443,1483"/>
                <Baseline points="449,1514 490,1514 531,1514 572,1514 614,1514 655,1514 696,1514 738,1514 779,1514 820,1514 862,1514 903,1514 944,1514 985,1514 1027,1514 1068,1514 1109,1514 1151,1514 1192,1514 1233,1515 1275,1515"/>
                <TextEquiv>
                    <Unicode>creatura: quia, vt patet in praedicamentis, relatiu¬</Unicode>
                </TextEquiv>
            </TextLine>
            <TextLine id="r2l33" custom="readingOrder {index:31;}">
                <Coords points="445,1560 1289,1557 1262,1528 1114,1520 746,1519 716,1540 445,1519"/>
                <Baseline points="450,1554 491,1553 533,1552 575,1551 616,1551 658,1551 700,1551 741,1551 783,1551 825,1551 867,1551 908,1552 950,1553 992,1553 1033,1553 1075,1553 1117,1553 1158,1553 1200,1553 1242,1553 1284,1553"/>
                <TextEquiv>
                    <Unicode>sunt simul natura, siue naturali intelligentia, ergo re¬</Unicode>
                </TextEquiv>
            </TextLine>
            <TextLine id="r2l34" custom="readingOrder {index:32;}">
                <Coords points="439,1601 1203,1613 1279,1603 1280,1565 439,1563"/>
                <Baseline points="444,1593 485,1592 527,1591 568,1590 610,1590 651,1590 693,1590 734,1590 776,1590 817,1590 859,1590 900,1590 942,1592 983,1592 1025,1592 1066,1592 1108,1593 1149,1593 1191,1593 1232,1592 1274,1592"/>
                <TextEquiv>
                    <Unicode>latio, quam dicit idea, &amp; relatio, quam dicit ideatum simul</Unicode>
                </TextEquiv>
            </TextLine>
            <TextLine id="r2l35" custom="readingOrder {index:33;}">
                <Coords points="433,1645 1274,1653 1274,1612 1149,1597 433,1609"/>
                <Baseline points="438,1632 479,1632 521,1631 562,1631 604,1629 645,1629 687,1629 728,1629 770,1629 811,1629 853,1629 895,1629 936,1630 978,1631 1019,1631 1061,1631 1102,1631 1144,1631 1185,1632 1227,1632 1269,1632"/>
                <TextEquiv>
                    <Unicode>sunt natura, sed relatio, quam dicit idea, si est enti</Unicode>
                </TextEquiv>
            </TextLine>
            <TextLine id="r2l36" custom="readingOrder {index:34;}">
                <Coords points="448,1678 1287,1677 1287,1651 1019,1633 448,1648"/>
                <Baseline points="453,1671 494,1670 535,1670 577,1669 618,1668 660,1668 701,1668 742,1668 784,1667 825,1667 867,1667 908,1667 949,1667 991,1668 1032,1668 1074,1668 1115,1668 1156,1670 1198,1670 1239,1670 1281,1671"/>
                <TextEquiv>
                    <Unicode>tas realis, tunc necessario est identice idem Deo: quia</Unicode>
                </TextEquiv>
            </TextLine>
            <TextLine id="r2l37" custom="readingOrder {index:35;}">
                <Coords points="438,1722 1214,1729 1287,1699 1190,1673 1135,1693 438,1681"/>
                <Baseline points="444,1709 485,1709 527,1709 569,1709 611,1707 653,1707 695,1707 736,1707 778,1707 820,1707 862,1707 904,1707 946,1709 988,1709 1029,1709 1071,1709 1113,1709 1155,1710 1197,1710 1239,1710 1281,1712"/>
                <TextEquiv>
                    <Unicode>omne, quod est in Deo, est idem Deo: relatio autem,</Unicode>
                </TextEquiv>
            </TextLine>
            <TextLine id="r2l38" custom="readingOrder {index:36;}">
                <Coords points="441,1762 1282,1774 1282,1722 1259,1715 441,1722"/>
                <Baseline points="446,1749 487,1749 529,1749 570,1748 612,1748 653,1748 695,1748 736,1748 778,1748 819,1748 861,1748 903,1748 944,1749 986,1749 1027,1749 1069,1749 1110,1751 1152,1751 1193,1751 1235,1751 1277,1751"/>
                <TextEquiv>
                    <Unicode>quam dicit ideatum, est vera creatura, cum fundetur in</Unicode>
                </TextEquiv>
            </TextLine>
            <TextLine id="r2l40" custom="readingOrder {index:37;}">
                <Coords points="439,1803 473,1794 628,1808 793,1789 793,1767 763,1762 439,1759"/>
                <Baseline points="444,1788 470,1788 496,1787 523,1787 549,1787 576,1787 602,1787 629,1787 655,1787 682,1787 708,1787 735,1787 761,1787 788,1787"/>
                <TextEquiv>
                    <Unicode>treatura, ergo &amp;c.</Unicode>
                </TextEquiv>
            </TextLine>
            <TextLine id="r2l41" custom="readingOrder {index:38;}">
                <Coords points="432,1836 1277,1839 1269,1796 432,1794"/>
                <Baseline points="437,1826 478,1826 520,1826 562,1826 604,1826 645,1826 687,1826 729,1826 771,1826 812,1826 854,1826 896,1826 938,1826 979,1826 1021,1826 1063,1826 1105,1826 1146,1826 1188,1827 1230,1827 1272,1827"/>
                <TextEquiv>
                    <Unicode>Tertium inconueniens est, quod res, quae est penitus iden</Unicode>
                </TextEquiv>
            </TextLine>
            <TextLine id="r2l42" custom="readingOrder {index:39;}">
                <Coords points="438,1873 1278,1875 1247,1834 438,1836"/>
                <Baseline points="443,1866 484,1866 525,1865 567,1865 608,1863 650,1863 691,1863 733,1863 774,1863 816,1863 857,1864 898,1865 940,1865 981,1865 1023,1865 1064,1866 1106,1866 1147,1866 1189,1866 1230,1866 1272,1868"/>
                <TextEquiv>
                    <Unicode>tice idem quoe Deus, nullam haberet causalitatem super prae</Unicode>
                </TextEquiv>
            </TextLine>
            <TextLine id="r2l43" custom="readingOrder {index:40;}">
                <Coords points="432,1915 1277,1912 1277,1881 1196,1874 432,1870"/>
                <Baseline points="437,1905 478,1904 520,1904 562,1904 604,1904 645,1903 687,1902 729,1902 771,1904 812,1904 854,1904 896,1904 938,1904 979,1904 1021,1904 1063,1905 1105,1905 1146,1905 1188,1905 1230,1905 1272,1905"/>
                <TextEquiv>
                    <Unicode>dictam realitatem relationis se tenentis ex parte creatu</Unicode>
                </TextEquiv>
            </TextLine>
            <TextLine id="r2l44" custom="readingOrder {index:41;}">
                <Coords points="445,1957 1284,1947 1256,1912 445,1917"/>
                <Baseline points="450,1946 491,1945 532,1943 574,1943 615,1943 657,1941 698,1941 739,1941 781,1943 822,1943 864,1943 905,1944 946,1944 988,1944 1029,1945 1071,1946 1112,1946 1153,1944 1195,1944 1236,1944 1278,1943"/>
                <TextEquiv>
                    <Unicode>rae, quae tamen est vera creatura: quia secundum Ansel¬</Unicode>
                </TextEquiv>
            </TextLine>
            <TextLine id="r2l45" custom="readingOrder {index:42;}">
                <Coords points="432,1995 1251,1998 1276,1993 1276,1949 432,1960"/>
                <Baseline points="437,1983 478,1983 520,1983 562,1983 603,1983 645,1983 687,1983 728,1983 770,1983 812,1983 854,1983 895,1985 937,1985 979,1985 1020,1985 1062,1985 1104,1985 1145,1986 1187,1986 1229,1985 1271,1985"/>
                <TextEquiv>
                    <Unicode>mum monologion, nulla relatio est causa relationis sibi</Unicode>
                </TextEquiv>
            </TextLine>
            <TextLine id="r2l47" custom="readingOrder {index:43;}">
                <Coords points="430,2034 442,2033 475,2044 504,2030 526,2029 548,2041 573,2033 571,1998 538,1996 525,1986 504,1995 485,1989 475,1994 428,1996"/>
                <Baseline points="435,2028 461,2026 487,2023 514,2022 540,2021 567,2022"/>
                <TextEquiv>
                    <Unicode>oppositae.</Unicode>
                </TextEquiv>
            </TextLine>
            <TextLine id="r2l48" custom="readingOrder {index:44;}">
                <Coords points="468,2070 1252,2073 1265,2038 932,2022 468,2043"/>
                <Baseline points="473,2061 512,2061 551,2061 590,2061 630,2061 669,2061 708,2060 748,2060 787,2060 826,2060 866,2060 905,2060 944,2061 983,2061 1023,2061 1062,2061 1101,2061 1141,2063 1180,2063 1219,2063 1259,2064"/>
                <TextEquiv>
                    <Unicode>2 Praeterea, quicquid perfectionis est, Deo attribuen¬</Unicode>
                </TextEquiv>
            </TextLine>
            <TextLine id="r2l49" custom="readingOrder {index:45;}">
                <Coords points="429,2113 1269,2124 1278,2076 429,2059"/>
                <Baseline points="434,2100 475,2100 517,2100 559,2100 601,2099 643,2099 685,2099 727,2099 769,2099 811,2099 853,2100 894,2100 936,2100 978,2100 1020,2100 1062,2102 1104,2102 1146,2102 1188,2102 1230,2103 1272,2103"/>
                <TextEquiv>
                    <Unicode>dum est, cum ipse sit solus illimitatae pfectionis; sed distincta</Unicode>
                </TextEquiv>
            </TextLine>
            <TextLine id="r2l50" custom="readingOrder {index:46;}">
                <Coords points="439,2152 1268,2157 1268,2122 1190,2106 439,2109"/>
                <Baseline points="444,2139 487,2139 530,2139 573,2138 616,2138 659,2138 702,2138 745,2138 788,2139 831,2139 875,2139 918,2139 961,2139 1004,2139 1047,2141 1090,2141 1133,2141 1176,2141 1219,2141 1263,2141"/>
                <TextEquiv>
                    <Unicode>cognoscere vno formali principio ex natura rei formali¬</Unicode>
                </TextEquiv>
            </TextLine>
            <TextLine id="r2l51" custom="readingOrder {index:47;}">
                <Coords points="432,2187 1271,2196 1271,2159 1171,2146 432,2152"/>
                <Baseline points="437,2180 478,2179 519,2178 561,2178 602,2178 644,2177 685,2177 727,2177 768,2177 810,2177 851,2178 892,2178 934,2178 975,2178 1017,2178 1058,2179 1100,2180 1141,2180 1183,2180 1224,2180 1266,2180"/>
                <TextEquiv>
                    <Unicode>ter indistincto perfectius est, quam cognoscere dictincta</Unicode>
                </TextEquiv>
            </TextLine>
            <TextLine id="r2l52" custom="readingOrder {index:48;}">
                <Coords points="448,2224 1268,2228 1268,2190 1140,2184 448,2194"/>
                <Baseline points="453,2216 493,2216 533,2217 574,2217 614,2217 655,2217 695,2217 736,2217 776,2217 817,2217 857,2217 897,2217 938,2217 978,2217 1019,2217 1059,2217 1100,2218 1140,2219 1181,2219 1221,2219 1262,2220"/>
                <TextEquiv>
                    <Unicode>principiis ex natura rei formaliter distinctis. Maior patet</Unicode>
                </TextEquiv>
            </TextLine>
            <TextLine id="r2l53" custom="readingOrder {index:49;}">
                <Coords points="431,2265 1118,2277 1257,2268 1271,2228 431,2232"/>
                <Baseline points="437,2258 478,2257 519,2256 561,2256 602,2256 644,2256 685,2256 727,2256 768,2256 810,2256 851,2256 892,2256 934,2256 975,2256 1017,2257 1058,2258 1100,2258 1141,2258 1183,2258 1224,2259 1266,2259"/>
                <TextEquiv>
                    <Unicode>Minorem probo, quia uniuersaliter videmus, qud in omni-</Unicode>
                </TextEquiv>
            </TextLine>
            <TextLine id="r2l54" custom="readingOrder {index:50;}">
                <Coords points="432,2303 1133,2317 1270,2305 1271,2263 432,2265"/>
                <Baseline points="437,2295 478,2295 519,2294 561,2294 602,2294 644,2294 685,2294 726,2294 768,2294 809,2295 851,2295 892,2295 933,2295 975,2295 1016,2297 1058,2297 1099,2297 1140,2297 1182,2297 1223,2298 1265,2298"/>
                <TextEquiv>
                    <Unicode>bus rebus cognitiuis quanto res est nobilior, &amp; perfectior</Unicode>
                </TextEquiv>
            </TextLine>
            <TextLine id="r2l55" custom="readingOrder {index:51;}">
                <Coords points="437,2347 1266,2347 1251,2305 438,2303"/>
                <Baseline points="443,2334 483,2334 524,2334 565,2334 606,2334 647,2334 688,2334 728,2334 769,2334 810,2334 851,2334 892,2334 933,2336 974,2336 1014,2336 1055,2336 1096,2336 1137,2337 1178,2337 1219,2337 1260,2337"/>
                <TextEquiv>
                    <Unicode>tanto paucioribus principijs plura distincta cognoscit, vn</Unicode>
                </TextEquiv>
            </TextLine>
            <TextLine id="r2l56" custom="readingOrder {index:52;}">
                <Coords points="436,2382 1274,2391 1274,2353 1230,2346 436,2347"/>
                <Baseline points="441,2375 482,2373 523,2373 565,2373 606,2373 648,2373 689,2373 730,2373 772,2374 813,2375 855,2375 896,2375 937,2375 979,2375 1020,2376 1062,2376 1103,2376 1144,2376 1186,2376 1227,2376 1269,2376"/>
                <TextEquiv>
                    <Unicode>de etiam in ipsis Angelis, et patebit in lib. 2 quanto An¬</Unicode>
                </TextEquiv>
            </TextLine>
            <TextLine id="r2l57" custom="readingOrder {index:53;}">
                <Coords points="434,2431 1268,2424 1268,2386 1208,2381 434,2386"/>
                <Baseline points="440,2414 481,2412 522,2412 563,2412 604,2412 645,2412 686,2412 727,2412 768,2412 809,2412 851,2412 892,2412 933,2413 974,2414 1015,2414 1056,2414 1097,2414 1138,2415 1179,2415 1220,2415 1262,2417"/>
                <TextEquiv>
                    <Unicode>gelus est persectior, tanto paucioribus speciebus indiget</Unicode>
                </TextEquiv>
            </TextLine>
            <TextLine id="r2l58" custom="readingOrder {index:54;}">
                <Coords points="442,2460 1248,2472 1266,2423 442,2431"/>
                <Baseline points="447,2453 487,2451 528,2451 568,2451 609,2451 650,2451 690,2451 731,2451 772,2451 812,2451 853,2451 894,2451 934,2451 975,2453 1016,2453 1056,2453 1097,2454 1138,2454 1178,2455 1219,2456 1260,2456"/>
                <TextEquiv>
                    <Unicode>cognoscendo, cum ergo Deus infinitae sit perfectionis, ergo</Unicode>
                </TextEquiv>
            </TextLine>
            <TextLine id="r2l59" custom="readingOrder {index:55;}">
                <Coords points="429,2503 1265,2508 1265,2468 1218,2460 429,2466"/>
                <Baseline points="434,2493 475,2493 516,2492 557,2492 599,2492 640,2492 681,2492 723,2492 764,2492 805,2492 847,2492 888,2492 929,2492 970,2492 1012,2492 1053,2492 1094,2492 1136,2493 1177,2493 1218,2495 1260,2495"/>
                <TextEquiv>
                    <Unicode>in illo, quod sibi est ratio omnia cognoscendi, nulla peni</Unicode>
                </TextEquiv>
            </TextLine>
            <TextLine id="r2l60" custom="readingOrder {index:56;}">
                <Coords points="425,2540 1267,2546 1245,2501 426,2502"/>
                <Baseline points="431,2532 472,2532 514,2531 555,2531 597,2531 638,2531 680,2531 721,2531 763,2531 804,2531 846,2531 888,2531 929,2531 971,2531 1012,2531 1054,2531 1095,2532 1137,2532 1178,2532 1220,2532 1262,2534"/>
                <TextEquiv>
                    <Unicode>tus cadit distinctio ex natura rei;cum igitur ideae sint prin¬</Unicode>
                </TextEquiv>
            </TextLine>
            <TextLine id="r2l61" custom="readingOrder {index:57;}">
                <Coords points="439,2591 1265,2579 1265,2545 439,2543"/>
                <Baseline points="444,2570 484,2570 525,2571 566,2571 607,2571 648,2571 688,2571 729,2570 770,2570 811,2570 852,2570 892,2570 933,2570 974,2570 1015,2570 1056,2570 1096,2571 1137,2571 1178,2571 1219,2573 1260,2573"/>
                <TextEquiv>
                    <Unicode>cipia cognoscendi, quibus Deus cognoscit creaturas, vt</Unicode>
                </TextEquiv>
            </TextLine>
            <TextLine id="r2l62" custom="readingOrder {index:58;}">
                <Coords points="426,2623 1261,2623 1261,2587 1194,2578 426,2579"/>
                <Baseline points="432,2609 473,2610 514,2610 555,2610 596,2610 638,2610 679,2610 720,2610 761,2610 802,2610 844,2610 885,2610 926,2610 967,2610 1008,2610 1050,2610 1091,2610 1132,2612 1173,2612 1214,2613 1256,2613"/>
                <TextEquiv>
                    <Unicode>infra patebit, ergo non poterunt in Deo esse distinctae ex</Unicode>
                </TextEquiv>
            </TextLine>
            <TextLine id="r2l63" custom="readingOrder {index:59;}">
                <Coords points="432,2659 458,2660 464,2655 485,2664 508,2654 523,2657 531,2653 539,2659 578,2655 577,2616 544,2626 535,2618 515,2629 479,2617 454,2623 432,2619"/>
                <Baseline points="437,2649 464,2648 491,2646 518,2646 545,2646 572,2649"/>
                <TextEquiv>
                    <Unicode>natura rei</Unicode>
                </TextEquiv>
            </TextLine>
            <TextLine id="r2l64" custom="readingOrder {index:60;}">
                <Coords points="468,2703 1272,2704 1252,2650 468,2659"/>
                <Baseline points="473,2688 512,2688 552,2688 591,2688 631,2687 671,2687 710,2687 750,2687 790,2687 829,2687 869,2687 909,2687 948,2688 988,2688 1028,2688 1067,2688 1107,2689 1147,2690 1186,2690 1226,2690 1266,2691"/>
                <TextEquiv>
                    <Unicode>3 Praeterea, si ideae, quae sunt creatorum &amp; creabilium</Unicode>
                </TextEquiv>
            </TextLine>
            <TextLine id="r2l65" custom="readingOrder {index:61;}">
                <Coords points="430,2734 1266,2736 1266,2701 1196,2695 430,2693"/>
                <Baseline points="435,2724 476,2724 517,2726 558,2726 600,2726 641,2726 682,2726 723,2726 765,2726 806,2726 847,2726 888,2726 930,2726 971,2726 1012,2727 1053,2727 1095,2727 1136,2727 1177,2727 1218,2729 1260,2729"/>
                <TextEquiv>
                    <Unicode>representatiuae, essent in diuina essentia distinctae ex natu</Unicode>
                </TextEquiv>
            </TextLine>
            <TextLine id="r2l66" custom="readingOrder {index:62;}">
                <Coords points="428,2772 1261,2776 1249,2736 429,2736"/>
                <Baseline points="434,2766 475,2766 516,2765 557,2765 598,2765 639,2765 680,2765 721,2765 762,2765 803,2765 845,2765 886,2765 927,2765 968,2765 1009,2766 1050,2766 1091,2766 1132,2768 1173,2768 1214,2768 1256,2769"/>
                <TextEquiv>
                    <Unicode>ra rei, tunc omnes beati aeque plura viderent in diuina es</Unicode>
                </TextEquiv>
            </TextLine>
            <TextLine id="r2l67" custom="readingOrder {index:63;}">
                <Coords points="420,2810 1265,2822 1265,2779 1233,2772 420,2775"/>
                <Baseline points="426,2805 467,2805 509,2805 551,2805 592,2804 634,2804 676,2804 717,2804 759,2804 801,2804 843,2805 884,2805 926,2805 968,2805 1009,2805 1051,2805 1093,2807 1134,2807 1176,2807 1218,2807 1260,2807"/>
                <TextEquiv>
                    <Unicode>sentia, &amp; per consequens nulla posset fieri diuina reuela¬</Unicode>
                </TextEquiv>
            </TextLine>
            <TextLine id="r2l68" custom="readingOrder {index:64;}">
                <Coords points="438,2856 1268,2857 1268,2824 1209,2810 438,2811"/>
                <Baseline points="443,2844 484,2844 525,2844 566,2844 607,2844 648,2844 689,2844 730,2844 771,2844 812,2844 853,2844 894,2844 935,2844 976,2844 1017,2844 1058,2844 1099,2846 1140,2846 1181,2846 1222,2847 1263,2847"/>
                <TextEquiv>
                    <Unicode>io, cuius oppositum patet in sacra scriptura. Angelus enim</Unicode>
                </TextEquiv>
            </TextLine>
            <TextLine id="r2l69" custom="readingOrder {index:65;}">
                <Coords points="438,2903 1192,2905 1263,2891 1263,2856 438,2858"/>
                <Baseline points="443,2885 483,2883 524,2883 565,2883 605,2883 646,2882 687,2882 727,2882 768,2882 809,2882 850,2883 890,2883 931,2883 972,2883 1012,2883 1053,2883 1094,2885 1134,2885 1175,2885 1216,2885 1257,2886"/>
                <TextEquiv>
                    <Unicode>regni Persarum restitit Angelo populi lsraelitici quan¬</Unicode>
                </TextEquiv>
            </TextLine>
            <TextLine id="r2l70" custom="readingOrder {index:66;}">
                <Coords points="427,2929 1256,2934 1252,2895 427,2897"/>
                <Baseline points="432,2921 475,2921 518,2921 561,2922 604,2922 647,2922 690,2922 733,2922 776,2922 819,2922 863,2922 906,2922 949,2922 992,2924 1035,2924 1078,2924 1121,2925 1164,2925 1207,2927 1251,2927"/>
                <TextEquiv>
                    <Unicode>tum ad liberationem huius populi, quod non fecisset, si</Unicode>
                </TextEquiv>
            </TextLine>
            <TextLine id="r2l71" custom="readingOrder {index:67;}">
                <Coords points="435,2971 1261,2973 1261,2937 1178,2930 435,2938"/>
                <Baseline points="440,2961 480,2961 521,2961 562,2961 603,2960 644,2960 684,2960 725,2960 766,2960 807,2960 848,2960 888,2961 929,2961 970,2961 1011,2961 1052,2963 1092,2963 1133,2964 1174,2964 1215,2966 1256,2967"/>
                <TextEquiv>
                    <Unicode>n diuina essentia vidisset populum tali tempore liberan</Unicode>
                </TextEquiv>
            </TextLine>
            <TextLine id="r2l72" custom="readingOrder {index:68;}">
                <Coords points="427,3008 1176,3017 1262,3011 1263,2978 427,2969"/>
                <Baseline points="432,3000 473,3000 514,2999 555,2999 597,2999 638,2999 679,2999 720,2999 762,2999 803,3000 844,3000 885,3000 927,3000 968,3002 1009,3002 1050,3002 1092,3002 1133,3003 1174,3003 1215,3003 1257,3003"/>
                <TextEquiv>
                    <Unicode>dum. Etiam dicit Deatus Dyoni. quod Angeli superio¬</Unicode>
                </TextEquiv>
            </TextLine>
            <TextLine id="r2l73" custom="readingOrder {index:69;}">
                <Coords points="422,3046 1190,3062 1250,3048 1251,3009 422,3013"/>
                <Baseline points="428,3039 468,3039 509,3039 550,3038 591,3038 632,3038 673,3038 713,3038 754,3038 795,3038 836,3039 877,3039 918,3039 959,3039 999,3039 1040,3041 1081,3041 1122,3041 1163,3042 1204,3042 1245,3042"/>
                <TextEquiv>
                    <Unicode>res purgant &amp; illuminant inferiores. Consequentiam pro¬</Unicode>
                </TextEquiv>
            </TextLine>
            <TextLine id="r2l74" custom="readingOrder {index:70;}">
                <Coords points="433,3093 1259,3091 1259,3044 478,3062 433,3042"/>
                <Baseline points="438,3077 478,3077 519,3077 560,3077 601,3077 642,3077 682,3077 723,3077 764,3078 805,3078 846,3078 886,3078 927,3078 968,3080 1009,3080 1050,3080 1090,3081 1131,3081 1172,3081 1213,3082 1254,3083"/>
                <TextEquiv>
                    <Unicode>bo: quia quicquid in aliqua natura ex natura rei intrinse</Unicode>
                </TextEquiv>
            </TextLine>
            <TextLine id="r2l75" custom="readingOrder {index:71;}">
                <Coords points="416,3122 1087,3120 1254,3152 1265,3091 416,3093"/>
                <Baseline points="422,3119 463,3119 505,3119 547,3119 589,3119 631,3119 673,3119 714,3119 756,3120 798,3120 840,3120 882,3120 924,3122 966,3122 1007,3122 1049,3123 1091,3123 1133,3123 1175,3123 1217,3125 1259,3125"/>
                <TextEquiv>
                    <Unicode>ee, seu naturaliter est distinctum, hoc videtur ab eo, qui</Unicode>
                </TextEquiv>
            </TextLine>
            <TextEquiv>
                <Unicode>sint in Deo, ponam tres conclusiones. Prima, est quod
ideae in diuinis non sunt distinctae ex natura rei. Secunda
conclusio est, quod non sunt distinctae per actum intelle¬
ctus creati. Tertia est, quod sunt distinctae per actum in¬
tellectus diuini. 
1 Primum probo sic; Si enim ideae distinguerentur for¬
maliter, &amp; ex natura rel in mente diuina, aut distinguerem
tur vt absoluta, aut respectiua; sed nec sic, vt probabo, er¬
go &amp; cetera. Maior patet per sufficientem diuisionem
Minorem probo quantum ad ambas suas partes : primo quo
ad primam: quia sicut se habet entitas ad ens, seu materialis
ad materiam, sic formalitas ad formam, sicut ergo non possum
esse distinctae entitates, nisi sint distincta entia; nec distin
ctae materialitates, nisi sint distinctae materiae, sic nec di¬
stinctae absolutae formalitates ex natura rei, nisi sint distin
ctae formae absolutae, quas impossibile est ponere in diui¬
nis, ergo &amp;c. lsta minor etiam potest probari per omnia
quae dixi superius contra formalitates, &amp; per tres rationes;
quibus quaestione proxima praecedenti probaui secundam
parte tertiae conclusionis, Sel alteram partem istius mino¬
ris probo sic. Si ideae in diuina essentia intrinsece ex natu
ra rei dicerent distinctas relationes, sequerentur tria in¬
conuenientia
Primum est, quod Deus infinitis realibus relationibus re¬
ferretur ad creaturam, quia infinitae sunt ideae in Deo, vt in
fra patebit, quarum qualibet Deus refertur ad creaturam, vel
conceptam, vt crcata est, vel vt creabilis est, falsitas conse¬
quentis patet superius
Secundum inconueniens est, quod aliqua res, quae
identice idem est, quod Deus, non erit naturaliter prior
creatura: quia, vt patet in praedicamentis, relatiu¬
sunt simul natura, siue naturali intelligentia, ergo re¬
latio, quam dicit idea, &amp; relatio, quam dicit ideatum simul
sunt natura, sed relatio, quam dicit idea, si est enti
tas realis, tunc necessario est identice idem Deo: quia
omne, quod est in Deo, est idem Deo: relatio autem,
quam dicit ideatum, est vera creatura, cum fundetur in
treatura, ergo &amp;c.
Tertium inconueniens est, quod res, quae est penitus iden
tice idem quoe Deus, nullam haberet causalitatem super prae
dictam realitatem relationis se tenentis ex parte creatu
rae, quae tamen est vera creatura: quia secundum Ansel¬
mum monologion, nulla relatio est causa relationis sibi
oppositae.
2 Praeterea, quicquid perfectionis est, Deo attribuen¬
dum est, cum ipse sit solus illimitatae pfectionis; sed distincta
cognoscere vno formali principio ex natura rei formali¬
ter indistincto perfectius est, quam cognoscere dictincta
principiis ex natura rei formaliter distinctis. Maior patet
Minorem probo, quia uniuersaliter videmus, qud in omni-
bus rebus cognitiuis quanto res est nobilior, &amp; perfectior
tanto paucioribus principijs plura distincta cognoscit, vn
de etiam in ipsis Angelis, et patebit in lib. 2 quanto An¬
gelus est persectior, tanto paucioribus speciebus indiget
cognoscendo, cum ergo Deus infinitae sit perfectionis, ergo
in illo, quod sibi est ratio omnia cognoscendi, nulla peni
tus cadit distinctio ex natura rei;cum igitur ideae sint prin¬
cipia cognoscendi, quibus Deus cognoscit creaturas, vt
infra patebit, ergo non poterunt in Deo esse distinctae ex
natura rei
3 Praeterea, si ideae, quae sunt creatorum &amp; creabilium
representatiuae, essent in diuina essentia distinctae ex natu
ra rei, tunc omnes beati aeque plura viderent in diuina es
sentia, &amp; per consequens nulla posset fieri diuina reuela¬
io, cuius oppositum patet in sacra scriptura. Angelus enim
regni Persarum restitit Angelo populi lsraelitici quan¬
tum ad liberationem huius populi, quod non fecisset, si
n diuina essentia vidisset populum tali tempore liberan
dum. Etiam dicit Deatus Dyoni. quod Angeli superio¬
res purgant &amp; illuminant inferiores. Consequentiam pro¬
bo: quia quicquid in aliqua natura ex natura rei intrinse
ee, seu naturaliter est distinctum, hoc videtur ab eo, qui</Unicode>
            </TextEquiv>
        </TextRegion>
        <TextRegion orientation="0.0" id="r3" custom="readingOrder {index:1;}">
            <Coords points="1301,246 1301,3193 2198,3193 2198,246"/>
            <TextLine id="r3l3" custom="readingOrder {index:0;}">
                <Coords points="1349,351 2203,359 2191,296 1349,303"/>
                <Baseline points="1355,339 1397,339 1439,339 1481,339 1523,339 1565,339 1607,339 1650,339 1692,339 1734,339 1776,339 1818,339 1860,339 1902,339 1945,340 1987,341 2029,341 2071,341 2113,341 2155,341 2198,342"/>
                <TextEquiv>
                    <Unicode>videt illam naturam, propter hoc enim impossibile est vi</Unicode>
                </TextEquiv>
            </TextLine>
            <TextLine id="r3l4" custom="readingOrder {index:1;}">
                <Coords points="1354,385 2193,392 2171,345 1354,347"/>
                <Baseline points="1359,377 1400,378 1441,378 1483,378 1524,378 1566,378 1607,378 1648,378 1690,378 1731,378 1773,378 1814,378 1855,378 1897,379 1938,380 1980,380 2021,380 2062,380 2104,381 2145,381 2187,381"/>
                <TextEquiv>
                    <Unicode>dere diuinam essentiam quin distincte videantur diuinae</Unicode>
                </TextEquiv>
            </TextLine>
            <TextLine id="r3l5" custom="readingOrder {index:2;}">
                <Coords points="1357,426 2198,433 2198,394 2134,387 1357,386"/>
                <Baseline points="1362,416 1403,417 1445,417 1486,417 1528,419 1569,419 1611,419 1652,419 1694,419 1735,419 1777,419 1818,419 1860,419 1901,419 1943,419 1984,419 2026,419 2067,420 2109,420 2150,422 2192,423"/>
                <TextEquiv>
                    <Unicode>personae: quia personarum distinctio est intrinseca sine</Unicode>
                </TextEquiv>
            </TextLine>
            <TextLine id="r3l6" custom="readingOrder {index:3;}">
                <Coords points="1346,469 2195,471 2195,429 2129,423 1347,431"/>
                <Baseline points="1352,456 1393,456 1435,458 1477,458 1519,458 1561,458 1603,459 1644,459 1686,459 1728,459 1770,459 1812,459 1854,459 1896,459 1937,459 1979,459 2021,459 2063,459 2105,461 2147,461 2189,462"/>
                <TextEquiv>
                    <Unicode>omni ad extra comparatione independens ab omni actu</Unicode>
                </TextEquiv>
            </TextLine>
            <TextLine id="r3l8" custom="readingOrder {index:4;}">
                <Coords points="1351,507 1384,507 1392,501 1413,508 1432,501 1480,507 1481,469 1461,468 1455,462 1444,466 1435,458 1413,470 1391,463 1370,471 1351,469"/>
                <Baseline points="1356,497 1385,495 1415,495 1445,496 1475,498"/>
                <TextEquiv>
                    <Unicode>rationis.</Unicode>
                </TextEquiv>
            </TextLine>
            <TextLine id="r3l9" custom="readingOrder {index:5;}">
                <Coords points="1353,532 1674,556 2193,546 2193,505 2163,496 1353,507"/>
                <Baseline points="1358,531 1399,532 1440,533 1482,533 1523,534 1565,534 1606,536 1648,536 1689,536 1731,536 1772,536 1813,536 1855,536 1896,536 1938,536 1979,536 2021,536 2062,536 2104,537 2145,537 2187,537"/>
                <TextEquiv>
                    <Unicode>4 Praeterea, illud, quod est primum in genere intelli¬</Unicode>
                </TextEquiv>
            </TextLine>
            <TextLine id="r3l10" custom="readingOrder {index:6;}">
                <Coords points="1357,588 2186,579 2165,542 1675,557 1357,532"/>
                <Baseline points="1362,575 1405,575 1448,576 1491,576 1534,576 1577,576 1620,576 1663,575 1706,575 1749,575 1793,575 1836,575 1879,575 1922,575 1965,575 2008,576 2051,576 2094,576 2137,577 2181,578"/>
                <TextEquiv>
                    <Unicode>gibilium, est ex natura rei formaliter unum &amp; indistinctum;</Unicode>
                </TextEquiv>
            </TextLine>
            <TextLine id="r3l11" custom="readingOrder {index:7;}">
                <Coords points="1345,618 2179,623 2169,583 1345,589"/>
                <Baseline points="1350,611 1391,612 1432,612 1473,612 1514,614 1556,614 1597,614 1638,614 1679,614 1720,614 1762,614 1803,614 1844,614 1885,615 1926,615 1968,615 2009,615 2050,615 2091,617 2132,617 2174,618"/>
                <TextEquiv>
                    <Unicode>essentia diuina est huiusmodi, vt de se patet, ergo &amp;c. Mi</Unicode>
                </TextEquiv>
            </TextLine>
            <TextLine id="r3l12" custom="readingOrder {index:8;}">
                <Coords points="1348,668 2182,663 2182,624 1348,622"/>
                <Baseline points="1353,651 1394,653 1435,653 1476,653 1517,654 1559,654 1600,654 1641,654 1682,653 1723,653 1765,653 1806,653 1847,653 1888,653 1929,653 1971,653 2012,654 2053,654 2094,654 2135,656 2177,657"/>
                <TextEquiv>
                    <Unicode>iorem probo: quia primum est mensura ceterorum, vt pa</Unicode>
                </TextEquiv>
            </TextLine>
            <TextLine id="r3l13" custom="readingOrder {index:9;}">
                <Coords points="1344,701 2182,705 2182,673 2135,663 1344,664"/>
                <Baseline points="1349,690 1390,692 1431,692 1473,692 1514,692 1556,693 1597,693 1638,693 1680,693 1721,693 1763,692 1804,692 1845,692 1887,693 1928,693 1970,693 2011,693 2052,693 2094,695 2135,696 2177,696"/>
                <TextEquiv>
                    <Unicode>tet 10 metaphysic. &amp; per consequens debet esse maxime</Unicode>
                </TextEquiv>
            </TextLine>
            <TextLine id="r3l14" custom="readingOrder {index:10;}">
                <Coords points="1350,739 2182,744 2176,704 1350,698"/>
                <Baseline points="1355,729 1396,731 1437,731 1478,731 1519,732 1560,732 1601,732 1642,732 1683,732 1724,732 1766,732 1807,732 1848,732 1889,732 1930,732 1971,732 2012,732 2053,734 2094,734 2135,735 2177,735"/>
                <TextEquiv>
                    <Unicode>simplex, &amp; indiuisum, vt patet ibidem; propter quod ait</Unicode>
                </TextEquiv>
            </TextLine>
            <TextLine id="r3l15" custom="readingOrder {index:11;}">
                <Coords points="1347,779 2192,784 2192,749 2136,736 1347,738"/>
                <Baseline points="1352,768 1393,770 1435,770 1477,770 1518,771 1560,771 1602,771 1643,771 1685,771 1727,771 1769,771 1810,770 1852,770 1894,770 1935,771 1977,771 2019,771 2060,771 2102,773 2144,774 2186,776"/>
                <TextEquiv>
                    <Unicode>Commenta. 10. metaphysic. quod vnitas illius, quod est</Unicode>
                </TextEquiv>
            </TextLine>
            <TextLine id="r3l16" custom="readingOrder {index:12;}">
                <Coords points="1340,816 2190,825 2177,779 1341,780"/>
                <Baseline points="1346,810 1387,810 1429,810 1471,810 1513,810 1555,809 1597,809 1639,809 1681,809 1723,809 1765,809 1806,810 1848,810 1890,810 1932,810 1974,810 2016,812 2058,812 2100,813 2142,814 2184,815"/>
                <TextEquiv>
                    <Unicode>mensura ceterorum sui generis, est talis, quod non est di</Unicode>
                </TextEquiv>
            </TextLine>
            <TextLine id="r3l17" custom="readingOrder {index:13;}">
                <Coords points="1337,855 2189,868 2189,827 2146,817 1338,817"/>
                <Baseline points="1343,846 1385,846 1427,848 1469,848 1511,848 1553,848 1595,848 1637,848 1679,849 1721,849 1763,849 1805,849 1847,849 1889,849 1931,851 1973,851 2015,851 2057,852 2099,852 2141,854 2183,855"/>
                <TextEquiv>
                    <Unicode>uisibilis neque secundum locum, neque secundum for¬</Unicode>
                </TextEquiv>
            </TextLine>
            <TextLine id="r3l18" custom="readingOrder {index:14;}">
                <Coords points="1348,896 1949,900 1949,860 1348,856"/>
                <Baseline points="1353,888 1382,888 1412,887 1441,887 1471,887 1500,887 1530,887 1559,887 1589,888 1618,888 1648,888 1678,888 1707,888 1737,888 1766,888 1796,888 1825,887 1855,887 1884,887 1914,887 1944,885"/>
                <TextEquiv>
                    <Unicode>mam, neque secundum cognitionem.</Unicode>
                </TextEquiv>
            </TextLine>
            <TextLine id="r3l19" custom="readingOrder {index:15;}">
                <Coords points="1353,926 2178,936 2169,892 1353,901"/>
                <Baseline points="1358,926 1398,926 1439,926 1480,926 1520,926 1561,926 1602,927 1642,927 1683,927 1724,927 1765,927 1805,927 1846,927 1887,927 1927,927 1968,929 2009,929 2049,929 2090,930 2131,930 2172,932"/>
                <TextEquiv>
                    <Unicode>3 Preterea, illud idem probari potest quam plurimis</Unicode>
                </TextEquiv>
            </TextLine>
            <TextLine id="r3l20" custom="readingOrder {index:16;}">
                <Coords points="1338,970 2173,982 2173,944 2093,937 1338,925"/>
                <Baseline points="1343,966 1384,966 1425,966 1466,966 1508,965 1549,965 1590,965 1631,965 1673,965 1714,965 1755,965 1796,966 1838,966 1879,966 1920,966 1961,966 2003,968 2044,968 2085,969 2126,969 2168,971"/>
                <TextEquiv>
                    <Unicode>sanctorum auctoritatibus. Dicit enim Anselmus de pro¬</Unicode>
                </TextEquiv>
            </TextLine>
            <TextLine id="r3l21" custom="readingOrder {index:17;}">
                <Coords points="1344,1011 2167,1025 2181,972 1344,972"/>
                <Baseline points="1349,1005 1390,1005 1431,1004 1472,1004 1514,1004 1555,1004 1596,1004 1638,1004 1679,1005 1720,1005 1762,1005 1803,1005 1844,1005 1885,1005 1927,1007 1968,1007 2009,1007 2051,1008 2092,1008 2133,1010 2175,1010"/>
                <TextEquiv>
                    <Unicode>cessione spiritus sancti, quod omnia in diuinis sunt idem</Unicode>
                </TextEquiv>
            </TextLine>
            <TextLine id="r3l22" custom="readingOrder {index:18;}">
                <Coords points="1356,1054 2183,1068 2184,1020 1356,1012"/>
                <Baseline points="1361,1043 1401,1043 1442,1043 1483,1044 1524,1044 1565,1044 1606,1044 1646,1044 1687,1044 1728,1044 1769,1046 1810,1046 1851,1046 1892,1046 1932,1047 1973,1047 2014,1049 2055,1050 2096,1052 2137,1052 2178,1055"/>
                <TextEquiv>
                    <Unicode>bi non obuiat relationis opposito, sed vna idea non op</Unicode>
                </TextEquiv>
            </TextLine>
            <TextLine id="r3l23" custom="readingOrder {index:19;}">
                <Coords points="1348,1093 1684,1089 1711,1101 1760,1090 1760,1064 1735,1052 1601,1059 1564,1049 1510,1060 1348,1047"/>
                <Baseline points="1353,1082 1378,1083 1403,1083 1428,1083 1453,1083 1478,1083 1503,1082 1528,1082 1553,1082 1578,1082 1603,1082 1628,1082 1653,1083 1678,1083 1703,1083 1728,1083 1754,1083"/>
                <TextEquiv>
                    <Unicode>ponitur alteri ideae relatiue.</Unicode>
                </TextEquiv>
            </TextLine>
            <TextLine id="r3l24" custom="readingOrder {index:20;}">
                <Coords points="1359,1127 2183,1136 2183,1100 2117,1085 1359,1094"/>
                <Baseline points="1364,1121 1404,1121 1445,1121 1486,1121 1526,1121 1567,1121 1608,1122 1648,1122 1689,1122 1730,1122 1771,1124 1811,1124 1852,1125 1893,1125 1933,1127 1974,1127 2015,1127 2055,1128 2096,1128 2137,1128 2178,1128"/>
                <TextEquiv>
                    <Unicode>3 Et Damascen ait, quod omnia, quae sunt in diuinis</Unicode>
                </TextEquiv>
            </TextLine>
            <TextLine id="r3l25" custom="readingOrder {index:21;}">
                <Coords points="1346,1166 2183,1180 2171,1134 1347,1128"/>
                <Baseline points="1352,1161 1393,1161 1434,1161 1475,1163 1517,1163 1558,1163 1599,1163 1641,1164 1682,1164 1723,1164 1765,1166 1806,1166 1847,1166 1888,1167 1930,1167 1971,1167 2012,1168 2054,1169 2095,1169 2136,1169 2178,1169"/>
                <TextEquiv>
                    <Unicode>vnum, praeter ingenerationem, generationem &amp; pro¬</Unicode>
                </TextEquiv>
            </TextLine>
            <TextLine id="r3l26" custom="readingOrder {index:22;}">
                <Coords points="1336,1207 1366,1209 1371,1203 1387,1212 1423,1203 1458,1214 1481,1213 1493,1204 1511,1214 1530,1203 1564,1207 1564,1171 1514,1178 1463,1170 1451,1180 1411,1167 1371,1172 1353,1166 1336,1175"/>
                <Baseline points="1341,1203 1368,1200 1395,1200 1422,1200 1450,1201 1477,1202 1504,1202 1531,1200 1559,1196"/>
                <TextEquiv>
                    <Unicode>cessionem.</Unicode>
                </TextEquiv>
            </TextLine>
            <TextLine id="r3l28" custom="readingOrder {index:23;}">
                <Coords points="1356,1247 2180,1257 2180,1218 2054,1207 1356,1208"/>
                <Baseline points="1361,1239 1401,1239 1442,1239 1483,1239 1523,1240 1564,1241 1605,1241 1645,1241 1686,1242 1727,1242 1768,1242 1808,1244 1849,1244 1890,1244 1930,1245 1971,1245 2012,1246 2052,1247 2093,1247 2134,1247 2175,1247"/>
                <TextEquiv>
                    <Unicode>Sed quidam istius opinionis contrarium tenentes ar¬</Unicode>
                </TextEquiv>
            </TextLine>
            <TextLine id="r3l29" custom="readingOrder {index:24;}">
                <Coords points="1344,1298 1487,1282 1531,1300 1776,1281 1900,1295 1915,1293 1915,1257 1585,1247 1537,1263 1343,1244"/>
                <Baseline points="1349,1280 1377,1280 1405,1280 1433,1281 1461,1281 1489,1281 1517,1281 1545,1281 1573,1281 1601,1281 1629,1280 1657,1280 1685,1280 1713,1280 1741,1280 1769,1279 1797,1278 1825,1278 1853,1277 1881,1276 1910,1275"/>
                <TextEquiv>
                    <Unicode>guunt pro sua positone sic. </Unicode>
                </TextEquiv>
            </TextLine>
            <TextLine id="r3l30" custom="readingOrder {index:25;}">
                <Coords points="1352,1319 2168,1339 2168,1300 2082,1283 1353,1294"/>
                <Baseline points="1358,1314 1398,1316 1438,1317 1478,1317 1518,1317 1559,1319 1599,1319 1639,1319 1679,1319 1719,1319 1760,1319 1800,1320 1840,1320 1880,1320 1920,1320 1961,1322 2001,1322 2041,1323 2081,1323 2121,1325 2162,1326"/>
                <TextEquiv>
                    <Unicode>1 Ratio cognoscendi praecedit actu cognoscendi, erge</Unicode>
                </TextEquiv>
            </TextLine>
            <TextLine id="r3l31" custom="readingOrder {index:26;}">
                <Coords points="1335,1365 2171,1375 2171,1339 2107,1333 1335,1323"/>
                <Baseline points="1340,1359 1381,1359 1422,1358 1463,1358 1505,1358 1546,1358 1587,1358 1629,1358 1670,1359 1711,1359 1753,1359 1794,1359 1835,1360 1876,1361 1918,1361 1959,1362 2000,1362 2042,1362 2083,1364 2124,1364 2166,1364"/>
                <TextEquiv>
                    <Unicode>distincta ratio distinctam cognitionem: cum ergo Deus</Unicode>
                </TextEquiv>
            </TextLine>
            <TextLine id="r3l32" custom="readingOrder {index:27;}">
                <Coords points="1341,1409 2155,1418 2172,1375 1342,1365"/>
                <Baseline points="1347,1397 1390,1397 1433,1397 1476,1397 1519,1397 1562,1397 1605,1398 1648,1398 1691,1398 1734,1398 1778,1398 1821,1398 1864,1399 1907,1400 1950,1400 1993,1401 2036,1401 2079,1403 2122,1404 2166,1406"/>
                <TextEquiv>
                    <Unicode>eodem actu, quo cognoscit se, cognoscat distincte omnia</Unicode>
                </TextEquiv>
            </TextLine>
            <TextLine id="r3l33" custom="readingOrder {index:28;}">
                <Coords points="1332,1442 2156,1459 2171,1417 1332,1406"/>
                <Baseline points="1337,1437 1378,1437 1419,1436 1461,1436 1502,1436 1544,1436 1585,1436 1626,1437 1668,1437 1709,1437 1751,1437 1792,1439 1833,1439 1875,1439 1916,1440 1958,1440 1999,1442 2040,1442 2082,1442 2123,1443 2165,1443"/>
                <TextEquiv>
                    <Unicode>alia a se; igitur ante omnem actum intelligendi praece¬</Unicode>
                </TextEquiv>
            </TextLine>
            <TextLine id="r3l34" custom="readingOrder {index:29;}">
                <Coords points="1331,1486 2086,1500 2171,1495 2172,1455 1332,1449"/>
                <Baseline points="1337,1476 1378,1476 1419,1475 1461,1475 1502,1475 1544,1475 1585,1475 1627,1476 1668,1476 1710,1476 1751,1476 1792,1476 1834,1477 1875,1478 1917,1478 1958,1479 2000,1479 2041,1481 2083,1482 2124,1482 2166,1484"/>
                <TextEquiv>
                    <Unicode>dunt in Deo distinctae rationes cognoscendi creaturas;</Unicode>
                </TextEquiv>
            </TextLine>
            <TextLine id="r3l35" custom="readingOrder {index:30;}">
                <Coords points="1339,1532 2171,1541 2171,1495 2027,1485 1339,1495"/>
                <Baseline points="1344,1515 1385,1515 1426,1515 1467,1515 1508,1515 1549,1515 1590,1515 1631,1515 1672,1517 1713,1517 1755,1517 1796,1517 1837,1518 1878,1518 1919,1518 1960,1520 2001,1520 2042,1521 2083,1521 2124,1522 2166,1523"/>
                <TextEquiv>
                    <Unicode>quas ideas vocamus, &amp; per consequens erunt distinctae in</Unicode>
                </TextEquiv>
            </TextLine>
            <TextLine id="r3l37" custom="readingOrder {index:31;}">
                <Coords points="1326,1564 1697,1562 1697,1536 1615,1521 1517,1532 1473,1520 1422,1528 1406,1516 1382,1529 1326,1529"/>
                <Baseline points="1331,1557 1356,1556 1382,1555 1408,1554 1434,1554 1459,1554 1485,1553 1511,1553 1537,1553 1563,1553 1588,1553 1614,1554 1640,1554 1666,1555 1692,1556"/>
                <TextEquiv>
                    <Unicode>trinsece, &amp; ex natura rei.</Unicode>
                </TextEquiv>
            </TextLine>
            <TextLine id="r3l38" custom="readingOrder {index:32;}">
                <Coords points="1347,1592 2162,1608 2162,1573 1952,1554 1347,1565"/>
                <Baseline points="1352,1592 1392,1592 1432,1592 1472,1592 1512,1592 1553,1592 1593,1592 1633,1593 1673,1593 1713,1593 1754,1595 1794,1595 1834,1595 1874,1596 1914,1596 1955,1597 1995,1598 2035,1599 2075,1599 2115,1599 2156,1601"/>
                <TextEquiv>
                    <Unicode>2 Praeterea, assimilatio cognoscentis ad cognitum prae¬</Unicode>
                </TextEquiv>
            </TextLine>
            <TextLine id="r3l39" custom="readingOrder {index:33;}">
                <Coords points="1325,1641 2165,1652 2149,1606 1326,1604"/>
                <Baseline points="1331,1634 1372,1633 1413,1632 1455,1632 1496,1631 1538,1631 1579,1631 1621,1631 1662,1632 1704,1632 1745,1632 1786,1634 1828,1634 1869,1634 1911,1635 1952,1635 1994,1637 2035,1637 2077,1638 2118,1638 2160,1640"/>
                <TextEquiv>
                    <Unicode>cedit in ipso intellectu naturaliter actum cognoscendis</Unicode>
                </TextEquiv>
            </TextLine>
            <TextLine id="r3l40" custom="readingOrder {index:34;}">
                <Coords points="1338,1688 2127,1696 2170,1689 2171,1652 1338,1645"/>
                <Baseline points="1343,1673 1384,1671 1425,1671 1466,1671 1507,1670 1548,1670 1589,1670 1630,1671 1671,1671 1712,1671 1754,1671 1795,1673 1836,1673 1877,1674 1918,1674 1959,1675 2000,1676 2041,1677 2082,1677 2123,1678 2165,1679"/>
                <TextEquiv>
                    <Unicode>quia intellectus non cognoscit, nisi sit cognito assimila¬</Unicode>
                </TextEquiv>
            </TextLine>
            <TextLine id="r3l41" custom="readingOrder {index:35;}">
                <Coords points="1332,1721 2087,1738 2167,1729 2168,1693 1332,1685"/>
                <Baseline points="1337,1712 1378,1711 1419,1710 1460,1710 1502,1710 1543,1710 1584,1710 1625,1710 1667,1710 1708,1712 1749,1712 1790,1712 1832,1713 1873,1713 1914,1715 1955,1715 1997,1716 2038,1716 2079,1718 2120,1718 2162,1719"/>
                <TextEquiv>
                    <Unicode>tus, cum omnis cognitio fiat per assimilationem, vt patet</Unicode>
                </TextEquiv>
            </TextLine>
            <TextLine id="r3l42" custom="readingOrder {index:36;}">
                <Coords points="1329,1757 2165,1764 2153,1725 1329,1723"/>
                <Baseline points="1334,1752 1375,1751 1416,1751 1457,1751 1499,1751 1540,1751 1581,1751 1622,1751 1664,1751 1705,1751 1746,1751 1787,1752 1829,1752 1870,1753 1911,1754 1952,1754 1994,1755 2035,1755 2076,1757 2117,1757 2159,1758"/>
                <TextEquiv>
                    <Unicode>1. de anima: sed ideae in mente diuina sunt quaedam as¬</Unicode>
                </TextEquiv>
            </TextLine>
            <TextLine id="r3l43" custom="readingOrder {index:37;}">
                <Coords points="1326,1798 2158,1815 2158,1770 2127,1767 1326,1762"/>
                <Baseline points="1331,1791 1372,1790 1413,1790 1454,1788 1495,1788 1536,1788 1577,1788 1618,1788 1659,1788 1700,1788 1742,1790 1783,1790 1824,1790 1865,1791 1906,1791 1947,1793 1988,1793 2029,1794 2070,1795 2111,1796 2153,1797"/>
                <TextEquiv>
                    <Unicode>milationes, quibus distincte Deus cognoscit ea, qua</Unicode>
                </TextEquiv>
            </TextLine>
            <TextLine id="r3l44" custom="readingOrder {index:38;}">
                <Coords points="1329,1836 2170,1847 2170,1813 2104,1802 1329,1796"/>
                <Baseline points="1334,1830 1375,1829 1417,1829 1458,1827 1500,1827 1541,1827 1583,1827 1624,1827 1666,1829 1707,1829 1749,1829 1791,1830 1832,1830 1874,1832 1915,1832 1957,1833 1998,1833 2040,1835 2081,1835 2123,1835 2165,1836"/>
                <TextEquiv>
                    <Unicode>sunt extra eum, ergo talium assimilationum distinctio</Unicode>
                </TextEquiv>
            </TextLine>
            <TextLine id="r3l45" custom="readingOrder {index:39;}">
                <Coords points="1333,1874 2156,1892 2156,1853 2125,1841 1334,1842"/>
                <Baseline points="1338,1868 1378,1868 1419,1868 1459,1868 1500,1869 1541,1869 1581,1869 1622,1869 1663,1869 1703,1869 1744,1871 1785,1871 1825,1871 1866,1872 1907,1872 1947,1874 1988,1874 2029,1875 2069,1875 2110,1877 2151,1877"/>
                <TextEquiv>
                    <Unicode>praecedit actum intelligendi, quo illa cognoscuntui</Unicode>
                </TextEquiv>
            </TextLine>
            <TextLine id="r3l46" custom="readingOrder {index:40;}">
                <Coords points="1324,1915 1351,1914 1358,1920 1375,1913 1380,1918 1409,1912 1417,1917 1463,1913 1463,1885 1455,1888 1433,1875 1414,1882 1343,1873 1331,1884 1324,1884"/>
                <Baseline points="1329,1908 1354,1908 1380,1908 1406,1908 1432,1908 1458,1908"/>
                <TextEquiv>
                    <Unicode>distincte.</Unicode>
                </TextEquiv>
            </TextLine>
            <TextLine id="r3l47" custom="readingOrder {index:41;}">
                <Coords points="1349,1955 2162,1962 2140,1916 1350,1918"/>
                <Baseline points="1355,1947 1395,1947 1435,1947 1475,1947 1515,1947 1555,1947 1595,1947 1635,1947 1675,1947 1715,1947 1756,1947 1796,1949 1836,1949 1876,1949 1916,1950 1956,1950 1996,1952 2036,1952 2076,1953 2116,1953 2157,1955"/>
                <TextEquiv>
                    <Unicode>3 Praeterea, illa quae consequuntur diuinam essentiam</Unicode>
                </TextEquiv>
            </TextLine>
            <TextLine id="r3l48" custom="readingOrder {index:42;}">
                <Coords points="1326,1992 2165,2004 2165,1968 2125,1960 1327,1955"/>
                <Baseline points="1332,1985 1373,1985 1414,1986 1456,1986 1497,1986 1539,1986 1580,1986 1621,1986 1663,1986 1704,1986 1746,1988 1787,1988 1828,1988 1870,1989 1911,1989 1953,1989 1994,1991 2035,1992 2077,1992 2118,1994 2160,1995"/>
                <TextEquiv>
                    <Unicode>ex natura essentiae, non consequuntur eam ex aliqua com</Unicode>
                </TextEquiv>
            </TextLine>
            <TextLine id="r3l49" custom="readingOrder {index:43;}">
                <Coords points="1342,2040 2163,2046 2163,2004 2099,1996 1342,2000"/>
                <Baseline points="1347,2024 1387,2024 1428,2024 1468,2024 1509,2025 1549,2025 1590,2025 1630,2025 1671,2025 1711,2025 1752,2027 1792,2027 1833,2027 1873,2027 1914,2028 1954,2028 1995,2030 2035,2030 2076,2031 2116,2032 2157,2033"/>
                <TextEquiv>
                    <Unicode>aratione facta por intellectum: quia sicut essentia non est</Unicode>
                </TextEquiv>
            </TextLine>
            <TextLine id="r3l50" custom="readingOrder {index:44;}">
                <Coords points="1335,2072 2111,2090 2162,2086 2163,2046 1335,2046"/>
                <Baseline points="1341,2063 1381,2063 1422,2064 1463,2064 1504,2064 1545,2064 1585,2064 1626,2064 1667,2064 1708,2066 1749,2066 1789,2066 1830,2066 1871,2067 1912,2067 1953,2067 1993,2069 2034,2069 2075,2070 2116,2071 2157,2072"/>
                <TextEquiv>
                    <Unicode>er intellectum, sic nec illud, quod naturaliter consequi¬</Unicode>
                </TextEquiv>
            </TextLine>
            <TextLine id="r3l51" custom="readingOrder {index:45;}">
                <Coords points="1318,2120 2154,2122 2154,2084 2012,2071 1318,2079"/>
                <Baseline points="1323,2102 1364,2102 1405,2103 1446,2103 1488,2103 1529,2103 1570,2103 1611,2103 1653,2105 1694,2105 1735,2105 1776,2106 1818,2106 1859,2106 1900,2107 1941,2108 1983,2108 2024,2109 2065,2109 2106,2111 2148,2111"/>
                <TextEquiv>
                    <Unicode>tur essentiam, sed ista distincta exemplaria consequuntui</Unicode>
                </TextEquiv>
            </TextLine>
            <TextLine id="r3l52" custom="readingOrder {index:46;}">
                <Coords points="1316,2154 2158,2155 2158,2121 2127,2117 1317,2117"/>
                <Baseline points="1322,2142 1363,2142 1405,2141 1446,2141 1488,2141 1529,2142 1571,2142 1612,2142 1654,2144 1695,2144 1737,2144 1779,2145 1820,2145 1862,2147 1903,2147 1945,2147 1986,2148 2028,2148 2069,2148 2111,2148 2153,2148"/>
                <TextEquiv>
                    <Unicode>essentiam ex natura essentiae: quia quicquid est in persoa</Unicode>
                </TextEquiv>
            </TextLine>
            <TextLine id="r3l53" custom="readingOrder {index:47;}">
                <Coords points="1323,2193 2164,2204 2164,2173 2094,2157 1324,2160"/>
                <Baseline points="1329,2183 1370,2181 1412,2181 1453,2181 1495,2181 1536,2181 1578,2181 1619,2183 1661,2183 1702,2183 1744,2184 1785,2184 1827,2184 1868,2186 1910,2186 1951,2187 1993,2187 2034,2188 2076,2189 2117,2189 2159,2190"/>
                <TextEquiv>
                    <Unicode>na diuina, aut conuenit sibi per essentiam, aut per relatio</Unicode>
                </TextEquiv>
            </TextLine>
            <TextLine id="r3l54" custom="readingOrder {index:48;}">
                <Coords points="1327,2239 2152,2239 2152,2210 2052,2190 1328,2192"/>
                <Baseline points="1332,2222 1372,2222 1413,2222 1454,2220 1495,2220 1535,2220 1576,2222 1617,2222 1658,2222 1698,2222 1739,2223 1780,2223 1821,2225 1861,2225 1902,2226 1943,2226 1984,2228 2024,2228 2065,2228 2106,2229 2147,2229"/>
                <TextEquiv>
                    <Unicode>nem, eo quod in persona diuina non possumus plura da¬</Unicode>
                </TextEquiv>
            </TextLine>
            <TextLine id="r3l55" custom="readingOrder {index:49;}">
                <Coords points="1317,2268 2156,2283 2138,2236 1318,2237"/>
                <Baseline points="1323,2261 1364,2259 1405,2259 1447,2259 1488,2259 1530,2259 1571,2261 1612,2261 1654,2261 1695,2261 1737,2262 1778,2262 1819,2264 1861,2264 1902,2265 1944,2265 1985,2267 2026,2267 2068,2267 2109,2268 2151,2270"/>
                <TextEquiv>
                    <Unicode>re, quam essentiam, &amp; relationem, sed ideae, siue rationes</Unicode>
                </TextEquiv>
            </TextLine>
            <TextLine id="r3l56" custom="readingOrder {index:50;}">
                <Coords points="1315,2309 2162,2322 2162,2284 2093,2273 1315,2275"/>
                <Baseline points="1320,2297 1361,2298 1403,2298 1445,2298 1487,2298 1529,2300 1571,2300 1612,2300 1654,2300 1696,2301 1738,2301 1780,2301 1822,2303 1864,2303 1905,2304 1947,2304 1989,2305 2031,2306 2073,2307 2115,2308 2157,2309"/>
                <TextEquiv>
                    <Unicode>rerum repraesentatiuae sunt in qualibet diuina persona,</Unicode>
                </TextEquiv>
            </TextLine>
            <TextLine id="r3l57" custom="readingOrder {index:51;}">
                <Coords points="1333,2354 2154,2363 2137,2315 2057,2335 1883,2305 1333,2316"/>
                <Baseline points="1338,2337 1378,2338 1419,2339 1459,2339 1500,2339 1540,2340 1581,2340 1621,2340 1662,2340 1702,2340 1743,2341 1783,2342 1824,2342 1864,2342 1905,2342 1945,2343 1986,2343 2026,2345 2067,2345 2107,2346 2148,2348"/>
                <TextEquiv>
                    <Unicode>uia quaelibet diuina persona cognoscit distincte omnia</Unicode>
                </TextEquiv>
            </TextLine>
            <TextLine id="r3l58" custom="readingOrder {index:52;}">
                <Coords points="1320,2389 2104,2405 2155,2396 2156,2364 1320,2351"/>
                <Baseline points="1325,2378 1366,2378 1407,2378 1448,2378 1490,2378 1531,2378 1572,2378 1613,2379 1655,2379 1696,2379 1737,2379 1778,2379 1820,2380 1861,2381 1902,2381 1943,2381 1985,2382 2026,2383 2067,2384 2108,2384 2150,2385"/>
                <TextEquiv>
                    <Unicode>&amp; non per proprietatem relatiuam, nam quicquid con¬</Unicode>
                </TextEquiv>
            </TextLine>
            <TextLine id="r3l59" custom="readingOrder {index:53;}">
                <Coords points="1314,2427 2147,2437 2147,2407 2049,2391 1315,2384"/>
                <Baseline points="1320,2417 1361,2417 1402,2418 1443,2418 1484,2418 1525,2418 1566,2418 1607,2418 1648,2418 1689,2419 1730,2420 1771,2420 1812,2420 1853,2420 1894,2421 1935,2421 1976,2421 2017,2423 2058,2423 2099,2424 2141,2424"/>
                <TextEquiv>
                    <Unicode>uenit personae ratione proprietatis relatiuae non est com¬</Unicode>
                </TextEquiv>
            </TextLine>
            <TextLine id="r3l60" custom="readingOrder {index:54;}">
                <Coords points="1317,2474 1965,2454 2160,2478 2160,2442 2101,2433 1317,2431"/>
                <Baseline points="1322,2454 1363,2455 1405,2456 1446,2456 1488,2457 1530,2457 1571,2457 1613,2457 1654,2457 1696,2459 1738,2459 1779,2459 1821,2459 1862,2459 1904,2460 1946,2460 1987,2461 2029,2462 2070,2463 2112,2463 2154,2465"/>
                <TextEquiv>
                    <Unicode>mune tribus, igitur praedictae rationes conueniunt</Unicode>
                </TextEquiv>
            </TextLine>
            <TextLine id="r3l61" custom="readingOrder {index:55;}">
                <Coords points="1330,2505 2149,2513 2149,2470 1960,2460 1330,2474"/>
                <Baseline points="1335,2495 1375,2495 1415,2496 1456,2496 1496,2496 1537,2496 1577,2496 1618,2496 1658,2496 1699,2496 1739,2496 1779,2496 1820,2498 1860,2498 1901,2498 1941,2499 1982,2499 2022,2501 2063,2502 2103,2504 2144,2505"/>
                <TextEquiv>
                    <Unicode>personae ratione essentiae, &amp; per consequens secundum</Unicode>
                </TextEquiv>
            </TextLine>
            <TextLine id="r3l62" custom="readingOrder {index:56;}">
                <Coords points="1315,2543 2153,2553 2153,2516 2124,2510 1315,2512"/>
                <Baseline points="1320,2534 1361,2535 1402,2535 1444,2535 1485,2535 1526,2534 1568,2534 1609,2535 1650,2535 1692,2535 1733,2535 1774,2535 1816,2535 1857,2536 1898,2537 1940,2537 1981,2538 2022,2540 2064,2540 2105,2542 2147,2544"/>
                <TextEquiv>
                    <Unicode>nostrum modum intelligendi consequuntur naturam di</Unicode>
                </TextEquiv>
            </TextLine>
            <TextLine id="r3l63" custom="readingOrder {index:57;}">
                <Coords points="1317,2582 2101,2598 2161,2591 2162,2553 1318,2540"/>
                <Baseline points="1323,2573 1364,2573 1406,2574 1447,2574 1489,2574 1531,2574 1572,2574 1614,2574 1656,2574 1697,2576 1739,2576 1781,2576 1822,2576 1864,2577 1906,2577 1947,2579 1989,2579 2031,2580 2072,2580 2114,2582 2156,2583"/>
                <TextEquiv>
                    <Unicode>uinam naturaliter, &amp; non innascuntur per actum cuiuscum</Unicode>
                </TextEquiv>
            </TextLine>
            <TextLine id="r3l64" custom="readingOrder {index:58;}">
                <Coords points="1319,2618 2150,2629 2128,2589 1320,2589"/>
                <Baseline points="1325,2613 1368,2613 1411,2612 1454,2612 1497,2612 1540,2612 1583,2613 1626,2613 1669,2613 1712,2613 1756,2614 1799,2615 1842,2615 1885,2616 1928,2616 1971,2618 2014,2618 2057,2619 2100,2621 2144,2622"/>
                <TextEquiv>
                    <Unicode>que intellectus, siue sit creatus, siue increatus. Ideo quae¬</Unicode>
                </TextEquiv>
            </TextLine>
            <TextLine id="r3l65" custom="readingOrder {index:59;}">
                <Coords points="1313,2657 2147,2667 2147,2633 2076,2627 1314,2619"/>
                <Baseline points="1319,2651 1360,2651 1401,2651 1442,2651 1483,2651 1524,2651 1565,2652 1606,2652 1647,2652 1688,2652 1730,2652 1771,2652 1812,2654 1853,2654 1894,2654 1935,2655 1976,2656 2017,2657 2058,2658 2099,2660 2141,2661"/>
                <TextEquiv>
                    <Unicode>dam illorum concludunt, quod illae formae ante omnem</Unicode>
                </TextEquiv>
            </TextLine>
            <TextLine id="r3l66" custom="readingOrder {index:60;}">
                <Coords points="1314,2705 1972,2694 2146,2717 2140,2667 1315,2661"/>
                <Baseline points="1319,2691 1360,2691 1401,2690 1442,2690 1483,2690 1524,2690 1565,2690 1606,2691 1647,2691 1688,2691 1730,2691 1771,2692 1812,2693 1853,2693 1894,2694 1935,2694 1976,2696 2017,2697 2058,2697 2099,2699 2141,2700"/>
                <TextEquiv>
                    <Unicode>actum intelligendi sunt distinctae in essentia diuina tam</Unicode>
                </TextEquiv>
            </TextLine>
            <TextLine id="r3l67" custom="readingOrder {index:61;}">
                <Coords points="1314,2740 1723,2738 1857,2768 2155,2748 2155,2713 2034,2722 1972,2695 1315,2704"/>
                <Baseline points="1319,2730 1360,2729 1402,2729 1443,2729 1485,2729 1526,2729 1568,2730 1609,2730 1651,2732 1692,2732 1734,2733 1776,2733 1817,2735 1859,2736 1900,2736 1942,2737 1983,2738 2025,2738 2066,2738 2108,2739 2150,2739"/>
                <TextEquiv>
                    <Unicode>quam in speculo clarissimo omnium factibilium reprae¬</Unicode>
                </TextEquiv>
            </TextLine>
            <TextLine id="r3l68" custom="readingOrder {index:62;}">
                <Coords points="1321,2780 1577,2776 1697,2790 1764,2778 1764,2747 1723,2738 1321,2744"/>
                <Baseline points="1326,2768 1351,2769 1376,2769 1402,2769 1427,2768 1453,2768 1478,2768 1503,2768 1529,2768 1554,2768 1580,2769 1605,2769 1630,2769 1656,2769 1681,2771 1707,2771 1732,2772 1758,2774"/>
                <TextEquiv>
                    <Unicode>sentatiuo, &amp; exemplificatiuo.</Unicode>
                </TextEquiv>
            </TextLine>
            <TextLine id="r3l70" custom="readingOrder {index:63;}">
                <Coords points="1347,2819 2137,2831 2122,2776 1954,2797 1347,2774"/>
                <Baseline points="1352,2808 1391,2808 1430,2808 1469,2808 1508,2808 1547,2808 1586,2808 1625,2808 1664,2809 1703,2810 1742,2810 1781,2811 1820,2812 1859,2813 1898,2814 1937,2814 1976,2816 2015,2816 2054,2817 2093,2817 2132,2817"/>
                <TextEquiv>
                    <Unicode>4 Praeterea, si illae ideae essent distinctae per actum in</Unicode>
                </TextEquiv>
            </TextLine>
            <TextLine id="r3l71" custom="readingOrder {index:64;}">
                <Coords points="1308,2857 2137,2865 2121,2828 1308,2821"/>
                <Baseline points="1313,2847 1356,2847 1399,2847 1442,2846 1485,2846 1528,2847 1571,2847 1614,2847 1657,2847 1700,2849 1744,2849 1787,2850 1830,2851 1873,2852 1916,2853 1959,2854 2002,2855 2045,2856 2088,2858 2132,2859"/>
                <TextEquiv>
                    <Unicode>tellectus concipientis essentiam diuinam imitabilem e</Unicode>
                </TextEquiv>
            </TextLine>
            <TextLine id="r3l72" custom="readingOrder {index:65;}">
                <Coords points="1312,2896 2124,2913 2144,2867 1312,2857"/>
                <Baseline points="1317,2885 1358,2885 1399,2885 1440,2886 1481,2886 1522,2886 1563,2886 1604,2886 1645,2888 1686,2888 1727,2889 1768,2889 1809,2890 1850,2891 1891,2891 1932,2892 1973,2894 2014,2894 2055,2895 2096,2897 2138,2898"/>
                <TextEquiv>
                    <Unicode>distinctis rebus extra, tunc necessario essent ab intelle¬</Unicode>
                </TextEquiv>
            </TextLine>
            <TextLine id="r3l73" custom="readingOrder {index:66;}">
                <Coords points="1315,2940 2123,2954 2145,2910 1315,2897"/>
                <Baseline points="1320,2927 1363,2925 1406,2925 1449,2925 1492,2925 1535,2925 1578,2925 1621,2925 1664,2927 1707,2928 1751,2928 1794,2930 1837,2930 1880,2931 1923,2933 1966,2934 2009,2936 2052,2937 2095,2937 2139,2939"/>
                <TextEquiv>
                    <Unicode>ctu formatae. consequens est falsum: quia ait August. 85.</Unicode>
                </TextEquiv>
            </TextLine>
            <TextLine id="r3l74" custom="readingOrder {index:67;}">
                <Coords points="1332,2975 2150,2988 2150,2956 2110,2947 1333,2934"/>
                <Baseline points="1338,2964 1378,2964 1418,2964 1458,2964 1499,2964 1539,2964 1579,2964 1620,2966 1660,2966 1700,2966 1741,2967 1781,2968 1821,2969 1861,2970 1902,2971 1942,2972 1982,2974 2023,2975 2063,2976 2103,2978 2144,2979"/>
                <TextEquiv>
                    <Unicode>uaestionum, quod ideae sunt rationes rerum stabiles, at¬</Unicode>
                </TextEquiv>
            </TextLine>
            <TextLine id="r3l75" custom="readingOrder {index:68;}">
                <Coords points="1308,3016 2138,3027 2138,2998 2101,2983 1309,2985"/>
                <Baseline points="1314,3003 1357,3003 1400,3003 1443,3003 1486,3004 1529,3005 1572,3005 1615,3005 1658,3006 1701,3007 1745,3008 1788,3009 1831,3011 1874,3011 1917,3012 1960,3014 2003,3015 2046,3017 2089,3018 2133,3020"/>
                <TextEquiv>
                    <Unicode>que immutabiles, quae &amp; ipsae formatae non sunt, ac per</Unicode>
                </TextEquiv>
            </TextLine>
            <TextLine id="r3l76" custom="readingOrder {index:69;}">
                <Coords points="1309,3059 1341,3050 1359,3058 1388,3048 1444,3059 1462,3049 1556,3052 1556,3014 1541,3022 1502,3012 1474,3022 1462,3012 1429,3019 1408,3009 1395,3016 1364,3009 1322,3023 1309,3016"/>
                <Baseline points="1314,3045 1340,3044 1366,3043 1393,3042 1419,3042 1445,3042 1472,3042 1498,3042 1524,3042 1551,3044"/>
                <TextEquiv>
                    <Unicode>hoc aeternae sunt</Unicode>
                </TextEquiv>
            </TextLine>
            <TextLine id="r3l77" custom="readingOrder {index:70;}">
                <Coords points="1311,3085 2141,3108 2142,3062 1312,3057"/>
                <Baseline points="1316,3078 1357,3079 1398,3080 1439,3081 1480,3083 1521,3083 1562,3084 1603,3084 1644,3086 1685,3086 1726,3087 1767,3087 1808,3089 1849,3089 1890,3090 1931,3091 1972,3092 2013,3094 2054,3096 2095,3097 2136,3099"/>
                <TextEquiv>
                    <Unicode>3 Praeterea, si ideae non distinguerentur ex natura rei,</Unicode>
                </TextEquiv>
            </TextLine>
            <TextLine id="r3l78" custom="readingOrder {index:71;}">
                <Coords points="1314,3133 2138,3151 2130,3105 1315,3097"/>
                <Baseline points="1320,3123 1360,3123 1401,3123 1441,3125 1482,3125 1523,3125 1563,3126 1604,3126 1645,3128 1685,3128 1726,3129 1767,3131 1807,3131 1848,3132 1889,3134 1929,3134 1970,3134 2011,3135 2051,3135 2092,3135 2133,3135"/>
                <TextEquiv>
                    <Unicode>ut distinguutur, per intellectu creatu, aut incrcatu. Non</Unicode>
                </TextEquiv>
            </TextLine>
            <TextEquiv>
                <Unicode>videt illam naturam, propter hoc enim impossibile est vi
dere diuinam essentiam quin distincte videantur diuinae
personae: quia personarum distinctio est intrinseca sine
omni ad extra comparatione independens ab omni actu
rationis.
4 Praeterea, illud, quod est primum in genere intelli¬
gibilium, est ex natura rei formaliter unum &amp; indistinctum;
essentia diuina est huiusmodi, vt de se patet, ergo &amp;c. Mi
iorem probo: quia primum est mensura ceterorum, vt pa
tet 10 metaphysic. &amp; per consequens debet esse maxime
simplex, &amp; indiuisum, vt patet ibidem; propter quod ait
Commenta. 10. metaphysic. quod vnitas illius, quod est
mensura ceterorum sui generis, est talis, quod non est di
uisibilis neque secundum locum, neque secundum for¬
mam, neque secundum cognitionem.
3 Preterea, illud idem probari potest quam plurimis
sanctorum auctoritatibus. Dicit enim Anselmus de pro¬
cessione spiritus sancti, quod omnia in diuinis sunt idem
bi non obuiat relationis opposito, sed vna idea non op
ponitur alteri ideae relatiue.
3 Et Damascen ait, quod omnia, quae sunt in diuinis
vnum, praeter ingenerationem, generationem &amp; pro¬
cessionem.
Sed quidam istius opinionis contrarium tenentes ar¬
guunt pro sua positone sic. 
1 Ratio cognoscendi praecedit actu cognoscendi, erge
distincta ratio distinctam cognitionem: cum ergo Deus
eodem actu, quo cognoscit se, cognoscat distincte omnia
alia a se; igitur ante omnem actum intelligendi praece¬
dunt in Deo distinctae rationes cognoscendi creaturas;
quas ideas vocamus, &amp; per consequens erunt distinctae in
trinsece, &amp; ex natura rei.
2 Praeterea, assimilatio cognoscentis ad cognitum prae¬
cedit in ipso intellectu naturaliter actum cognoscendis
quia intellectus non cognoscit, nisi sit cognito assimila¬
tus, cum omnis cognitio fiat per assimilationem, vt patet
1. de anima: sed ideae in mente diuina sunt quaedam as¬
milationes, quibus distincte Deus cognoscit ea, qua
sunt extra eum, ergo talium assimilationum distinctio
praecedit actum intelligendi, quo illa cognoscuntui
distincte.
3 Praeterea, illa quae consequuntur diuinam essentiam
ex natura essentiae, non consequuntur eam ex aliqua com
aratione facta por intellectum: quia sicut essentia non est
er intellectum, sic nec illud, quod naturaliter consequi¬
tur essentiam, sed ista distincta exemplaria consequuntui
essentiam ex natura essentiae: quia quicquid est in persoa
na diuina, aut conuenit sibi per essentiam, aut per relatio
nem, eo quod in persona diuina non possumus plura da¬
re, quam essentiam, &amp; relationem, sed ideae, siue rationes
rerum repraesentatiuae sunt in qualibet diuina persona,
uia quaelibet diuina persona cognoscit distincte omnia
&amp; non per proprietatem relatiuam, nam quicquid con¬
uenit personae ratione proprietatis relatiuae non est com¬
mune tribus, igitur praedictae rationes conueniunt
personae ratione essentiae, &amp; per consequens secundum
nostrum modum intelligendi consequuntur naturam di
uinam naturaliter, &amp; non innascuntur per actum cuiuscum
que intellectus, siue sit creatus, siue increatus. Ideo quae¬
dam illorum concludunt, quod illae formae ante omnem
actum intelligendi sunt distinctae in essentia diuina tam
quam in speculo clarissimo omnium factibilium reprae¬
sentatiuo, &amp; exemplificatiuo.
4 Praeterea, si illae ideae essent distinctae per actum in
tellectus concipientis essentiam diuinam imitabilem e
distinctis rebus extra, tunc necessario essent ab intelle¬
ctu formatae. consequens est falsum: quia ait August. 85.
uaestionum, quod ideae sunt rationes rerum stabiles, at¬
que immutabiles, quae &amp; ipsae formatae non sunt, ac per
hoc aeternae sunt
3 Praeterea, si ideae non distinguerentur ex natura rei,
ut distinguutur, per intellectu creatu, aut incrcatu. Non</Unicode>
            </TextEquiv>
        </TextRegion>
    </Page>
</PcGts>
