2428 3547
282 277 1114 345 autem vsus tamquam forifactor a iusto iudice puniatur
320 341 1129 388 Ad argumentum principale patet per iam dicta, qui¬
272 376 1145 423 ad cognitionem mali non oportet ponere ideam mali, quia
282 416 1045 477 illa poni non potest, sed sufficit idea boni, ergo &c
351 477 1055 553 DISTINCTIO SNNVII
268 568 1136 647 Pretus ac dilucida diuisio huius distinctionis, in qua
372 629 1040 700 muestigatur, quibus modis Deus in rebus
606 676 816 747 esse dicatur.
621 767 1124 819 I QVONIAM DEMONSTARTVM
625 813 1124 859 EST. Hic Magister iuuestigat quo
630 848 1127 893 modo Deus habeat esse in rebus)
634 891 1124 941 & diuiditur in duas partes; nam
626 927 1122 980 primo circa esse Dei in rebus de¬
615 970 1118 1021 clarat quosdam modos veros: se
615 1007 1131 1049 cundo reprobat quosdam modos
621 1044 1121 1097 falsos ibi, Cumque diuina natura
272 1082 1125 1133 Prima in tres: nam primo circa hoc duos modos insfinuat
275 1123 1116 1169 secundo, quod dixerat auctoritatibus sanctorum confir
276 1159 1116 1206 mat, Tertio de illis duobus modis distincte determinat
270 1201 1120 1244 Secunda ibi, Ne autem ista. Tertia ibi. In sanctis vero. E
280 1238 1118 1288 haec in duas: nam primo ostendit quomodo est in aliqui
278 1277 1134 1340 bus rebus specialiter per gratiam: secundo quomodo est
272 1319 1127 1367 in omnibus rebus generaliter per naturam ibi, Ex praedi¬
278 1360 1123 1405 ctis patet. Prima in duas: nam primo ostendit, quod Deus
271 1392 1115 1445 habitat in hominibus sanctis, secundo respondet quibus
272 1444 1124 1485 dam dubiis ibi, Si autem quaeris. Sequitur illa pars, Ex prae
276 1475 1119 1525 dictis patet, & diuiditur in tres partes, quia primo magi¬
264 1521 1118 1567 ster illius modi, quo Deus per suam essentiam est in re
272 1558 1129 1600 bus, tangit excessum & incomprehensionem, secundo
278 1597 1111 1643 tangit circa hoc quorundam praesumptionem, tertio mi
276 1642 1120 1678 uet, & tollit vnam incidentem dubitationem. Secunda ibi
273 1676 1135 1717 Quidam tamen. Tertia ibi, Solet etiam Sequitur illa pars,
282 1713 1127 1751 Cumque diuina natura: & diuiditur in duas partes: nam
284 1754 1138 1808 primo magister ostendit, quod quamuis Deus est in omnibus
278 1786 1115 1840 rebus, tamen remouetur ab eo omnis localis circumscri
273 1827 1111 1883 ptio & determinatio: secundo adiungitur istorum confi
276 1868 1121 1917 matio ibi, Fateamur itaque. Prima in tres, quia primo mo
275 1903 1127 1960 gister ostendit, quod Deus nec circumscriptiue, nec dif¬
273 1943 1124 1992 finitiue est in loco: secundo, quod spirituales creaturae li¬
281 1991 1115 2030 cet non circumscriptiue, tamen diffinitiue sunt in locon
293 2032 1130 2075 Tertio quaerit, vtrum talibus spiritualibus creaturis com
276 2064 1126 2129 petat loci mutatio. Secunda ibi, Spiritus vero creatus
279 2109 1130 2151 Tertia ibi, De mutatione vero loci; & haec in duas: nam
282 2136 1130 2197 primo circa motum spirituum creatorum excludit cuius¬
285 2188 1120 2229 dam opinionis falsitatem. Secundo concludet asseueran
277 2216 1122 2273 dam veritatem ibi, Sunt ergo spiritus. Circa istam 37. dist
289 2258 669 2312 quaero hanc quaestionem.
621 2325 902 2411 Questio.
431 2421 988 2503 An substantia quaelibet spiritualis
601 2479 800 2548 loco existat
328 3012 1131 3104 TRVM omnis substantia spiritualis sit in loco; & vide
309 3063 1124 3137 tur quod sic, quia Deus est in loco, ergo omnis substi
278 3119 1127 3177 tia spiritualis est in loco, Consequentia patet: nam cun
1173 283 2021 353 Deus omnium spirituum sit spiritualissimus & summo
1179 343 2026 385 immaterialis & abstractus, si sibi competit esse in loco, nul¬
1173 381 2027 432 li alteri substantiae ratione suae spiritualitatis repugnabit
1180 424 2020 473 esse in loco. Antecedens probatur, quia in quacumque ro
1181 460 2018 508 non esset Deus, illa sicut ex nihilo facta est immediate re
1179 500 2009 546 diret in nihil, Vt patet per August. super Sen ad litte
1166 535 2021 581 ram: Sed locus est vera res extra animam, cum sit species
1173 575 2015 623 praedicamenti realis, puta quantitatis, ergo Deus veri
1173 619 2011 659 est in loco, cum vere sint multa loca, quae non sunt in ni¬
1170 650 1382 706 hilum redacta
1208 693 2018 748 Contra secundum Docthium in de hebdomadibus, com
1176 734 2015 772 munis animae conceptio est incorporea, siue spiritualia in
1176 770 2006 819 loco non esse, Cum substantiae spirituales sint quadrupli¬
1172 815 2010 857 ces; est enim quaedam substantia spiritualis increata, sicus
1174 849 2011 895 Deus, alia creata, & haec triplex. Quia quaedam est in¬
1173 891 2014 931 tellectualis, sicut angelus. Quaedam rationalis, sicut ani¬
1164 925 2017 973 ma intellectiua hominis. Quaedam vuiuersalis, sicut na¬
1176 970 2005 1013 tura etiam rei corporalis abstracta secundum esse cogni
1163 1010 2019 1050 tum dicitur spiritualis. Et secundum haec quattuor erunt
1160 1045 2017 1091 articuli istius quaestionis. Primus, vtrum Deus sit in loco¬
1173 1084 2004 1129 Secundus, vtrum angelus. Tertius, vtrum anima rationa.
1175 1121 1728 1172 lis. Quartus vtrum natura vniuersalis
1362 1207 1845 1279 RESOLVTI O.
1168 1277 2016 1352 Deus neque circumscriptiue, neque diffinitiue loco determinatur,
1206 1354 2019 1397 quamuis vbique attinctiue & conseruatiue solus sentiatur. An
1206 1390 2017 1441 gelus tamen per operationem loco diffinitur, etsi pluribus in
1211 1414 2009 1482 tocis simul, ar semel esse sibi repugnat, quem tamen de loco a¬
1203 1462 1607 1520 locum moueri non inconuenit.
1316 1549 1849 1615 ARTICVLVS L
1400 1631 1763 1719 otrum Deus sit in loco
1241 1720 2012 1796 VANTVM ad primum, vtrum Deus sit in loco
1305 1789 2012 1837 ponam tres conclusiones. Prima, quod Deus non
1178 1824 2010 1876 est in aliquo loco localiter, nec circumscriptiue, nec de¬
1176 1861 2018 1917 terminatiue, Secunda, quod Deus est in omni loco attin¬
1176 1900 2012 1949 ctiue, & conseruatiue. Tertia quod esse vbique simplici¬
1176 1948 1593 1997 ter proprium est solius Dei.
1209 1955 2011 2032 Primum probo sic. lllud, quod est simpliciter infinitum
1173 2019 2016 2066 non potest esse localiter in loco, nec circumscriptiue, nec
1175 2058 2003 2111 determinatiue, sed Deus est simpliciter infinitus. Mino
1177 2095 2010 2148 patet ex superioribus dictis, & patebit ex dicendis. Maio¬
1166 2147 2011 2185 rem probo, quia omne, quod loco circumscribitur, loco
1185 2173 2009 2226 quodammodo commensuratur: omne etiam, quod ad de
1173 2219 2012 2264 terminatum locum determinatur, ita est ibi, quod non alibis
1176 2253 1979 2304 & per consequens necessario conuincitur esse finitum.
1217 2288 2018 2345 Secundo dico, quod Deus est vbique, seu in omni loco
1178 2329 1586 2381 attinctiue, & conseruatiue¬
1264 2344 2021 2423 Quia sicut se haberet magnitudo molis infinita, si
1179 2421 2012 2461 esset ad omnem locum occupatiue: sic se habet magnitu¬
1177 2444 2011 2499 do virtutis infinita ad omnem locum attinctiue & con¬
1180 2486 2009 2537 seruatiue, sed infinitum magnitudine molis totum oc¬
1178 2536 2011 2578 cuparet si daretur, vt patet 1. physicorum, ergo infinitum
1170 2563 2007 2612 magnitudine virtutis omnem locum contingit ipsum con
1182 2613 2011 2657 seruando. Propter quod dicitur de huiusmodi magnitu¬
1176 2643 2010 2693 dine; attingit enim vbique propter suam munditiam. Ei
1179 2683 2011 2734 in principio octaui ca. dicitur. Attingit enim a fine vsquo
1182 2726 1840 2771 ad finem fortiter, & disponit omnia suauiter
1193 2753 2012 2812 2 Praeterea, substantia spiritualis est vbi operatur, sec
1172 2797 2010 2854 Deus operatur in omnibus. Maior patebit infra in 2 art
1179 2838 2012 2892 principali. Minor patet per auctorem de causis, qui ait, quod
1173 2888 2022 2928 causa primaria plus influit, quam causa secundaria. Deus
1182 2929 2018 2971 igitur, qui respectu omnis causae particularis, est causa pri
1182 2954 2025 3009 ma plus influit ad esse cuiuslibet effectus, quam faciat sua
1179 2993 1628 3039 causa secundaria & immediata
1251 3028 2022 3088 Praeterea, illud est in omnibus attinctiue, seu con¬
1177 3074 2018 3117 seruatiue, quod omnia continet, ne labantur in non esse,
1180 3109 2018 3163 Deus est huiusmodi. Maior patet. Minorem ponit Aug.¬
