2401 3558
222 246 1082 300 appellant perfectam essentiae diuinae notitiam. Primo
221 294 953 353 quidem arguit contra maiorem rationis suae sic.
270 335 1086 376 Si voluntas diuina potest immediate quicquid Deus
225 375 1079 418 facit in nobis mediante diuina essentia, tunc, cum Deus
228 406 1084 459 intuitiuam cognitionem causet in nobis mediante essen
223 453 1092 503 tia, voluntas diuina sine essentia potest huiusmodi in tui
224 489 1082 543 tiuam causare: & sic esset intuitiua, & non esset intuitiua:
237 535 1078 582 quia secundum te, intuitiua terminatur ad essentiam, vi
236 569 576 623 existens, & praesens est
264 603 1095 662 2 Praeterea aut ista abstractiua est magis perfecta, quam
216 645 1086 696 Intuitiua aut aeque perfecta, aut minus perfecta: non pri¬
215 686 1084 736 mis duobus modis, quia tunc, sicut intuitiua est beatifica,
222 722 1085 776 sic & illa esset, quod tu negas: nec tertio modo, quia, cum
218 771 1089 816 Deus creaturas, antequam fiant, cognoscat cognitione
213 808 1082 855 abstractiua, & postquam creatae sunt, cognoscat eas intui¬
220 845 1089 898 tiue, tunc cognitio diuina esset de imperfecto ad perfe¬
215 884 1094 933 ctum, & ex progressu rerum in esse cognitio Dei profice¬
222 926 619 976 ret, quod est impossibile
259 962 1073 1011 3 Praeterea, quando duae notitiae sunt de eodem obie
217 1000 1086 1050 cto, & sub eadem ratione ambae nudae, & perfectae, si vna
220 1042 1089 1092 est beatifica, & altera: sed secundum te, abstractiua, & in¬
228 1081 725 1127 tuitiua sunt huiusmodi, ergo &c.
273 1123 1087 1173 4 Praeterea, sola relatio rationis, addita alicui notitiae,
217 1158 1086 1209 non potest eam facere beatificam: nisi ipsa de se sit beati¬
215 1196 1087 1247 fica: sed praesentialitas obiecti (quam praesentialitatem
222 1247 1082 1287 tu, & tui dicunt esse relationem rationis) addita notitiae
224 1276 1082 1329 abstractiuae facit notitiam intuitiuam: ergo si abstractiu¬
218 1320 934 1368 non esset beatifica, nec intuitiua esset beatifica.
267 1352 1084 1402 3 Praeterea, illud non potest concipi abstractiue, in
219 1393 1089 1448 euius conceptu quidditatiuo clauditur esse, sed essentia
230 1435 1085 1480 diuina est huiusmodi, ergo &c. Maior patet, quia secun¬
225 1473 1091 1522 dum te cognitio abstractiua abstrahit ab esse, & non es¬
212 1518 1090 1566 se minot est nota, quia Deus est summe necesse esse, &
224 1556 698 1598 non potest concipi non esse.
256 1601 1094 1644 e Praeterea, omnis cognitio abstractiua praesupponit
219 1633 1092 1684 cognitionem intuitiuam, sed secundum te essentia diui¬
224 1673 1088 1718 na non potest a viatore cognosci intuitiue, ergo nec abstra
213 1709 1092 1756 ctiue. Minor patet inductiue, quia Deus prius secundum
213 1756 1083 1804 rationem cognoscit essentiam suam intuitiue, quam res
224 1793 1088 1839 fendas abstractiue. In angelis quia angelus prius cogno¬
222 1840 1087 1875 scit essentiam propriam intuitiue, quam alia a se abstra¬
232 1868 1082 1915 tiue. In hominibus, quia omnem hominis cognitio¬
227 1910 1081 1957 nem abstractam praecedit sensitiua intuitiua. Et in bestiis
240 1945 1094 1993 maginatiuam abstractiuam praecedit sensitiua intuitiua.
275 1994 1091 2031 Preterea, quidquid viator cognoscit abstractiue, hoc
226 2024 1092 2077 abstrahit a phantasmate: sed essentiae diuinae nullum po¬
227 2063 677 2116 test esse phantasma, ergo &c.
271 2102 1094 2149 lsti respondet quidam doctor. Ad primum dicit, quod
222 2143 1086 2190 notanter dicitur in ratione illa, quicquid potest diuina
235 2179 1094 2235 roluntas mediante essentia diuina &c. & non dicitur om
215 2222 1078 2271 ne ad aliquid, quia intuitiua includit necessario respecti
226 2257 1079 2311 ad actualitatem obiecti, & quia Deus non potest illum re
230 2303 1081 2358 spectum facere sine praesentialitate tormini: ideo Deus
225 2341 1091 2389 non potest facere intuitiuam, nisi mediante essentia, sicut
234 2381 1081 2429 non potest facere filium sine patre: abstractiuam autem
218 2425 1085 2480 potest. quia non includit respectum ad essentiam, & eius
222 2458 438 2509 actualitatem.
262 2490 1085 2545 Sed illud non valet, nam omnis cognitio refertur ad
233 2541 1084 2585 obiectum, vt mensuratum ad mensuram: & ideo realem
231 2577 1079 2628 includit respectum ab obiectum: quia vt patet 5. metaph¬
228 2613 1079 2664 quamuis mensura referatur secundum rationem ad men¬
234 2650 1076 2703 suratum, econuerso tamen, ipsum mensuratum realiter
222 2688 1083 2745 refertur ad mensuram, & ideo nec abstractiua, nec intui¬
234 2735 1082 2780 tiua potest absolui ab huinsmodi respectu, maxime si nu¬
231 2764 1076 2822 de & perfecte cognoscitur essentia: sicut tu ponis. Etiam
225 2812 1075 2865 dicta tua destruunt hanc solutionem: quia tu inferius in
229 2849 1088 2898 eadem quaestione probas, quod intuitiua cognitio potest
222 2890 1090 2938 absolui a respectu predicto, & est illa ratio tua. Res de¬
240 2925 1086 2977 pendens realiter, & res, quae non dependet realiter, non
223 2966 1086 3022 sunt eadem res: sed intuitiua notitia, secundum suam en¬
234 3012 1078 3058 titatem absolutam, est independens formaliter ab omni
231 3057 1089 3096 alio extra se, licet effectiue dependeat a Deo & ab obie¬
222 3094 1090 3147 cto, sed respectus, fundatus in ea ad obiectum intuitum,
1134 237 1984 305 est res dependens realiter : ergo differunt realiter, & po¬
1127 292 1991 350 terunt per diuinam potentiam ad inuicem separari. Ista
1132 333 1974 377 sunt verba tua, quae tollunt penitus praedictam solutionem
1167 370 1979 421 Ad secundum dicit ille doctor, quod est ignobilior in
1135 417 1989 464 tuitiua. Ad probationem dicit, quod Deus ab aeterno habuit
1131 452 1980 506 cognitionem intuitiuam de rebus ipsis non existentibus,
1164 494 1980 541 Sed ista solutio est contra doctorem, pro quo tu res¬
1133 534 1988 584 pondes, quia ipse ponit, & in hoc benc dicit, quod intui¬
1137 579 1976 629 tiua est rei praesentis vt praesentis, & existentis, vt existen¬
1146 604 1876 662 is, sed existentia creaturarum non fuit ab aeterno.
1167 648 1988 694 Ad tertium dicit, quod licet illae duae notitiae sint de
1129 689 1976 733 eodem, non tamen transeunt vniformiter super ipsum: &
1132 726 1970 782 ideo non oportet, si vna est beatifica, quod altera sit beatific.
1147 768 1979 815 Sed illud nihil te iuuat, cum opinio, pro qua respon¬
1136 807 1979 855 des, ponit, quod per ambas notitias perfecte, & aperte co¬
1127 850 1973 899 gnoscatur obiectum, ergo si obiectum vnam facit beatifi¬
1131 879 1977 939 cam, & aliam. Ad idem, tu nihil respondes, cum im¬
1130 923 1475 975 plicetur in argumento.
1174 964 1982 1013 Ad quartum dicit, quod relatio praesentialitatis non beati
1134 997 1979 1058 ficat intuentem, sed ipsa diuina essentia nobilissimo mo¬
1141 1041 1586 1096 do cognoscendi comprehensa¬
1166 1076 1979 1131 Sed nec illud valet, quia sicut relatio non beatificat, sic
1137 1122 1975 1168 nec modus, sed ipsa diuina essentia: & ideo eodem modo
1128 1155 1682 1211 arguetur de modo, sicut de relatione.
1180 1197 1977 1241 Ad quintum dicit dupliciter. Primo aat, quod essentia
1152 1242 1972 1295 ei, & suum esse differunt conceptibiliter. Sed illud
1129 1276 1430 1329 reprobaui superius.
1177 1304 1979 1369 2 Praeterea, concipiendo essentiam diuinam, vel con¬
1132 1365 1974 1409 cibis eam, vt ens omnino necesse esse, vel ens possibile
1143 1392 1982 1440 esse: si, primo modo, tunc esse erit de intrinseco conceptu
1146 1437 1973 1486 ssentiae, & per consequens non differunt conceptibiliter
1144 1476 1972 1519 i autem secundo modo, tunc conceptus tuus omnino
1130 1512 1976 1556 est falsus : & contradicit philosophiae, & theologiae. Se¬
1128 1557 1985 1611 cundo dicit, quod esse, & actualitas dei potest cognosci
1146 1587 1604 1638 quasi imaginarie, & abstractiue¬
1169 1630 1994 1674 Sed nec illud valet: quia sicut quaecunque essentia ad¬
1132 1671 1969 1719 iuncto sibi esse, existit, siue est existens, sic essentia cogni¬
1132 1712 1970 1753 ta cum suo esse cognoscitur vt existens, sed (vt superius
1147 1751 1982 1795 st dictum) intuitiua est existentis vt existens est, ergo ta¬
1126 1789 1874 1831 lis cognitio, quam ponis, abstractiua erit intuitiua.
1180 1827 1966 1870 Ad sextum dicit, quod illa abstractiua non acquiritui
1128 1872 1888 1911 mediante intuitiua, sed a Deo in intellectu creatur
1164 1908 1973 1952 Sedlicet rationem illam modicum ponderem, solutio
1131 1946 1971 1991 tamen potest calumniari: quia dato, quod Deus creet hu
1128 1982 1983 2035 iusmodi notitiam, oportet tamen, quod ipsa terminetur
1137 2025 1964 2067 ad obiectum, a quo etiam specificatur, vel ergo termina
1132 2063 1977 2109 bitur ad essentiam diuinam mediante aliquo creato, &
1140 2103 1982 2145 tunc imperfecte cognoscetur essentia, quia illud medium
1129 2142 1986 2188 non continet virtualiter, & perfecte essentiam diuinam,
1134 2184 1980 2228 vel immediate, & tunc erit cognitio intuitiua, ponendo
1145 2217 1845 2269 gitur abstractiuam necessario ponis intuitiuam.
1174 2260 1994 2311 Ad septimum dicit ficut ad 8. & ideo eodem modo
1133 2296 1381 2351 potest reprobari.
1169 2329 1982 2385 Quantum ad quartum, ponam duas conclusiones, quas
1144 2385 1978 2423 romisi. Prima est, quod perfecta notitia intuitiua essen
1137 2414 1976 2456 tiae diuinae per potentiam Dei communicabilis est viato¬
1130 2457 1988 2501 ri. Secunda, quod perfecta cognitio abstractiua essentiae
1128 2495 1969 2537 diuinae nec viatori, nec cuicunque alteri potest commu¬
1137 2536 1982 2579 nicari. Pro prima conclusione sunt directe illae duae ra¬
1140 2573 1967 2615 iones, quas in principio istius questionis pro primario at
1131 2613 1576 2660 ticulo satis euidenter deduxi.
1169 2653 1972 2694 Praeterea, ad idem arguo sic. De absoluta Dei poten¬
1137 2692 1964 2737 tia damnatus manens damnatus, potest intuitiue vide¬
1138 2731 1973 2774 e essentiam Dei, ergo per eandem potentiam viator
1128 2768 1967 2816 manens viator, intuitiue poterit eam videre, consequen¬
1140 2810 1973 2857 ia tenet per locum a minori affirmatiue; probo antece¬
1127 2848 1967 2894 dens pro vtraque sua parte. Et primo quod damnatus
1132 2885 1964 2932 de potentia Dei possit videre essentiam Dei, quia natura
1134 2925 1974 2973 ia, etiam ipsius luciferi, ceterorumque complicum suo¬
1138 2968 1965 3013 tum, integra remanserunt, vt patet per Aug. & alios san¬
1128 3007 1975 3052 ctos doctores. Cum ergo Deus sit intime praesens cuilibet
1129 3049 1986 3094 creaturae, potest se tali intellectui, puta lucifero, vel alteri
1128 3081 1985 3147 damnato angelo, per modum obiecti intuitiue reuelare
