2332 3551
422 194 1237 271 Praeterea, sicut Deus, sine prquia dispositione in instam¬
390 250 1229 297 ti quancumque formam potest inducere in sensibilem ma
390 297 1229 342 teriam, eo quod sit agens primum,; & per consequens in
387 340 1229 380 agendo nihil praesupponat, & agat sine motu & transmu¬
384 371 1222 421 tatione, fic intellectui tali, quantumlibet disposito, pe
391 406 1235 454 suam potentiam huiusmodi dispositiones supplendo, vel
384 445 1224 503 non requirendo, Deus potest inducere sui notitiam in
387 484 1224 534 tuitiuam: quantumlibet enim infirmus sit oculus non
388 525 1217 569 ctuae: posset tamen Deus per suam potentiam facere, quo
390 567 1223 613 clarius solem videret, quam quaecumque aquila. Sed quod
382 601 1220 648 talis non sit necessario beatus, sed possit manere damna
375 640 1221 687 tus, probo, quia sine caritate nullus potest esse beatus
387 679 1229 727 sed ille relinqui poterit sine caritate, quia caritas non esi
382 719 1227 762 virtus acquisita, vel acquisibilis a nobis, sed a solo Deo
387 761 1233 806 creata, vel creabilis; & Deus non necessitatur ad crean¬
387 797 1223 848 dum caritatem in voluntate ex hoc, quod praedicto mo
378 841 1226 888 do operatur circa intellectum, ergo talis angelus potes
382 880 653 933 manere damnatus
408 915 1235 970 Dices forte, quod non sit bona consequentia, non est
381 958 1232 1005 beatus, ergo manet damnatus: quia potest manere via¬
387 1007 1073 1048 tor, & sic mediat inter damnatum, & beatum.
432 1034 1234 1079 Respondeo, quod sicut Deus non necessitabatur ad
384 1075 1225 1120 dandum illi caritatem, sic non necessitatur ad dandum
384 1118 1236 1165 illi spatium paenitentiae, & sic necessario sequitur, si non
384 1159 1235 1205 est beatus, quod maneat damnatus. Et idem modus arguen¬
375 1193 1223 1245 di potest deduci de viatore peccatore: ergo multo magi¬
375 1230 1019 1281 Deus potest hoc in intellectu iusti viatoris
429 1265 1226 1317 Praeterea, non apparet, quare magis negare debeamu
393 1308 1233 1361 Deum per sui potentiam huiusmodi mirabilia posse fa¬
381 1354 1226 1401 cere in natura spirituali, quam in natura corporali, cum
375 1388 1233 1437 intellectiua anima, quae est perfecta gratia, & caritate,
374 1431 1235 1477 maiorem inclinationem habe at ad intuitiuam visionem
384 1469 1219 1518 Dei, quam ista corporalia ad ea, quae per diuina miracul
382 1505 1218 1555 saepius in eis facta leguntur. Quae enim conformitas con
387 1549 1221 1603 poris humani ad statuam salis: in quam tamen conuer
386 1592 1221 1631 sum est per diuinam potentiam, vt patet &en. 18. Ve
383 1624 1233 1671 pulueris per terram, & mare dispersi ad verum corpus
376 1667 1238 1715 humanum integrandum, sicut fiet per diuinam potentiam
384 1703 1220 1748 in resurrectione mortuorum: & sic de aliis multis mira
386 1744 1232 1790 bilibus Dei miraculis, in quibus ad propositum semper
386 1789 1234 1835 potest argui, & vel per locum a simili, vel per locum a
381 1822 670 1873 minori affirmatiue¬
422 1859 1232 1908 Praeterea, dominus lesus Christus fuit verus viator,
392 1902 1226 1943 tamen numquam destitit inituitiue videre diuinam
383 1939 541 1988 essentiam.
423 1974 1133 2022 Hic dices forte, quod ipse etiam fuerit vere beatus.
423 2020 1223 2068 Dico, quod fuit beatus quandocumque voluit, quam¬
375 2060 1223 2102 uis non semper beatus fuerit, quia si in beatifica fruitio¬
379 2098 1229 2147 ne continue permansisset, nullum dolorem sensisset. Cum
387 2136 1217 2188 enim modica stilla spiritualis iucunditatis, & refrigeri
380 2176 1214 2224 fecerit martvres quandoque in acerbissimis, & exquisiti
380 2221 1212 2263 cormentis passiones quasi pro nihilo ducere, teste Lau
381 2251 1214 2298 rentio, qui positus super craticulam dixit ad tvrannum
374 2295 1222 2342 Carbones tui mihi refrigerium praestant, tibi autem ae¬
378 2340 1222 2376 ternum supplicium. Si igitur Christus viator existens
375 2374 1214 2424 semper beatus fuisset, videtur, quod quasi nihil passu
376 2410 1215 2455 fuisset. Hoc tamen ad praesens solum dico disputatiuc
378 2452 1216 2512 quia in tertio libro distinctione 15. forte oppositum
378 2489 576 2539 istius tenebo.
417 2529 1211 2573 Praeterea, pro iam dicta conclusione videtur esse ma
378 2570 1220 2619 nifeste auctoritas sanctorum. Deatus enim Ambros: su¬
386 2608 1210 2658 per illud verbum Luc. 1. Angelus domini apparuit Sa
386 2646 1220 2693 tharie, sic ait. Non immerito angelus domini apparuit
369 2692 1217 2736 sacerdoti, quia veri sacerdotis nunciabatur aduentus, in
376 2723 1214 2772 euius voluntate fuit videri, cuius naturae est non vide¬
377 2764 1223 2813 ri. videtur enim, si vult, non videtur, si non vult. Vnde
378 2802 1214 2847 & beatus Aug. in lib de videndo Deum, illud iam dictu
372 2841 1220 2886 Ambrosij commendans sic ait, Cum Deus absens puta¬
377 2883 1226 2929 tur, videtur, si vult: & cum praesens est, non videtur, si
369 2922 1218 2967 non vult, quia non est in potestate nostra videre, sed in
372 2961 1211 3009 sua voluntate est apparere. Et subdit August. Si queris
375 3000 1225 3057 quomodo Deus dictus est inuisibilis, si potest videri. He¬
366 3040 1230 3091 spodendum estinuisibilem esse natura, videri autem, cum
1279 199 2120 261 vult, & sicut vult. Ex quibus verbis euidenter apparet
1278 249 2125 295 Augustinum illud sentire, quod superius dixi, alias non
1275 289 1877 330 diceret, quod videtur, cum vult, & sicut vult
1308 324 2122 369 Praeterea, non minus dependet accidens a substantia in
1267 370 2120 418 essendo, & operando, quam intellectus a voluntate, sed
1281 406 2123 458 per potentiam Dei accidens & in essendo, & in operando
1273 447 2123 491 separatur a substantia, ergo poterit intellectus habere o¬-
1281 486 2120 529 perationem perfectam sine operatione voluntatis, & per
1276 526 2123 568 consequens sine beatitudine. Maior patet: quia plus de¬
1281 564 2112 606 pendet posterius a priori, quam prius a posteriori: sec
1266 614 2126 653 intellectus in sua operatione est naturaliter prior vo¬
1272 641 2129 686 luntate, cum bonum cognitum sit nostrae voluntatis
1274 684 2122 725 obiectum, sed accidens est posterius substantia, vt ua¬
1271 723 2126 769 tet 7. physicorum. Minor patet in sacramento altaris:
1274 761 2122 806 vbi accidentia sunt sine subiecto, & tamen omnem ope¬
1268 806 2125 851 rationem exercent, quam habuerunt in subiecto; quan¬
1274 839 2136 887 titas enim locum occupat, albedo disgregat, & sic de alius
1268 877 1469 920 accidentibus
1295 913 2142 964 Sed his dictis videtur repugnare sententia venerabi¬
1272 956 2125 999 lis nostri doctoris, qui expresse tenet, quod impossibile
1263 997 2117 1037 sit essentiam diuinam ab intellectu aperte videri; &
1277 1037 2128 1087 voluntatem non diligere: in actu enim intellectus, vt ipse
1267 1078 2126 1121 ait, necessario requiritur intentio voluntatis propter tria¬
1300 1114 2120 1162 Primo, quia si non adesset intentio voluntatis, intel¬
1275 1149 1733 1200 lectus posset auerti ab obiecto
1310 1190 2120 1240 Secundo, quia licet multae species sint in intellectu,
1269 1233 2118 1276 nulla tamen potest mouere intellectum ad actum pro¬
1275 1275 2123 1324 prium intelligendum, nisi per intentionem voluntatis
1275 1307 2129 1353 feramur super phantasmata: quia species de se non est tam¬
1268 1352 2130 1400 tae actualitatis, quod possit causare actum intelligendi,
1269 1394 1915 1441 praeter huiusmodi intentionem voluntatis
1312 1428 2117 1476 Tertio, requiritur intentio, propter ordinatum, & de¬
1272 1465 2127 1511 bitum iudicium, sicut oculo enim dormientis posset fieri
1264 1509 2121 1559 lucis impressio, nullum tamen esset iudicium, sic, vt ait,
1266 1547 2125 1588 non implicat contradictionem, quod in nostro intelle¬
1267 1586 2131 1635 ctu fiat impressio a diuina essentia, & huiusmodi impres¬
1264 1626 2129 1670 sio a Deo conseruetur absque intentione voluntatis:
1272 1668 2132 1711 sed impossibile est, qued ibi, ex tali impressione, sit aliquod
1269 1702 1817 1753 iudicium sine voluntatis intentione
1299 1747 2118 1797 Sed salua semper reuerentia istius illustrissimi docto¬
1273 1781 2111 1826 ris, illud ad praesens non intelligo. nam, cum Deus om
1268 1825 2122 1866 ne genus causae possit supplere, excepto genere causae
1268 1859 2124 1909 materialis, & formalis inherentis, inquantum aliquid
1276 1905 2118 1955 mperfectionis includunt; non video, quin Deus, respectu
1281 1945 2121 1992 erfectae intellectionis, possit supplere huius voluntatis
1264 1975 2129 2031 intentionem, maxime cum talis intentio voluntatis non
1273 2015 2115 2071 sit causa materialis istius intellectionis, nec inhereat in¬
1266 2067 2130 2107 tellectui: quia est actus voluntatis a voluntate elicitus.
1278 2099 2130 2148 Quicquid igitur voluntas per talem intentionem causat
1259 2133 2123 2179 in intellectu, hoc causare videtur secundum oenus cau¬
1262 2179 2120 2222 sae efficientis: & per consequens a Deo potest perfectis¬
1269 2212 1465 2270 sime suppleri
1299 2256 2129 2301 Primum igitur non videtur concludere: quia Deus
1269 2299 2117 2344 perfectiori modo potest firmare potentiam circa obiectum
1269 2335 1857 2381 quam quaecumque intentio voluntatis.
1314 2371 2111 2421 Secundum non valet in proposito: quia etiam secun¬
1270 2411 2107 2463 dum illum doctorem, Deus non intelligitur per speciem
1268 2453 2111 2496 etiam in his, quae intelliguntur per speciem Deus posset
1263 2496 2126 2539 maiorem actualitate causare in specle, quam talis species
1273 2534 2112 2578 vmquam ab intentione voluntatis posset percipere.
1287 2572 2117 2623 Nec tertium obstat, vt iam patuit: etiam posset Deus
1260 2604 2104 2657 sine contradictione annihilare voluntatem, & intelle¬
1264 2649 2142 2699 ctum cum essentia animae conseruare, & sua potentia ipsis
1264 2688 2142 2738 intellectui ad perfectam operationem cooperari. Nec va¬ a
1270 2726 2142 2783 set illud, quod doctor iam dictus addit, dicens, quod si¬
1260 2767 2143 2818 sola impressio sufficeret ad cognitionem: tunc etiam ipse
1260 2806 2105 2854 aer videret. Non est simile: quia ipse aer non habet po¬
1263 2844 2102 2890 tentiam visiuam, igitur eius impressio non est visio. Sec
1263 2883 2112 2936 dato, quod haberet visum, bene sequeretur, quod talis
1257 2920 2121 2974 impressio esset visio: quia etiam ille reuerendus doctor
1264 2962 2117 3018 in prima sua quaestione de cognitione angelorum saepis¬
1263 2999 2123 3051 sime dicit, quod impressio speciei in pupilla sit realiter,
1258 3037 1401 3101 ipsa visio.
