2430 3546
240 281 1103 366 parte, quam in alia, sed angelus non potest sic agere, quin
243 341 931 407 prius agat in vna parte, quam in alia, ergo &c
290 390 1100 429 2 Praeterea, omnis mutatio indiuisibilis est terminus
240 420 1096 480 alicuius moueri, vt dicitur e. physicorum, ergo necesso
247 470 1103 523 est, quod angelus prius habeat verum motum, qui tem -
230 498 833 567 pore mensuratur, quam mutatum esse
284 539 1104 596 3 Praeterea, sicut se habet punctus ad lineam sic in¬
243 570 1103 633 stans ad tempus; ergo permutatim, sicut se habet puctus
246 616 1101 659 ad instans, sic linea ad tempus; sed punctus non potest ab
246 656 1107 707 aliqua creatura pertransiti in minori, quam instanti, ergo
239 705 1098 750 a nulla creatura potest pertransiri linea in minori quam
239 736 421 785 in tempore
278 759 1094 830 4 Preterea, angelus nec mouetur, dum est in termino
249 811 1096 856 a quo: quia nondum est motus inchoatus, nec dum est. in
249 849 1105 901 termino ad quem, quia tunc cessauit motus, & per conse
246 896 1104 943 quens oportet, quod moueatur in medio, igitur si in eo¬
241 937 1095 984 dem instanti esset in ipso medio, & in ipso termino ac
243 970 1110 1028 quem, tunc angelus simul moueretur, & quiesceret, quod
240 1018 971 1061 est contradictio, ergo &c.
240 1049 1100 1098 Praeterea, anima separata non mouetur in instanti,
243 1094 1103 1137 ergo nec angelus: consequentia patet: quia non maioris
252 1127 1094 1178 verocitatis est angelus, quam anima separata, prabatui
248 1171 1100 1216 antecedens quia si anima separata moueretur in instan¬
243 1208 1097 1259 ri, tunc minoris vittutis esset in corpore glorificato, quam
244 1247 1100 1296 sine tali corpore, cum in tali corpore non possit moueri
250 1287 432 1334 in instanti.
259 1327 1094 1374 e Preterea, si angelus moueretur in instanti, tun¬
252 1365 1092 1407 Deus non posset tota virtute sua angelum vclocius mo
246 1409 1094 1455 nere, quam ipse angelus moueat seipsum, cum nulla mo
251 1445 1103 1494 sura breuior sit instanti: sed falsitas consequentis patet.
252 1481 1104 1535 quia idem mobile velocius mouetur virtute infinita, quam
247 1523 687 1575 virtute finita.
327 1555 1097 1611 Preterea, si angelus moueretur in instanti, tunc si¬
241 1601 1103 1661 mul esset in duobus locis: quia simul esset in medio &
243 1640 442 1685 in termino.
289 1673 1104 1721 Sed licet conclusio sit vera, rationes tamen illae quam
241 1719 1068 1764 ais sint magnae apparentiae, tamen non concludunt
286 1760 1102 1803 Ad primum igitur dicendum, quod quamuis agens creatum
245 1803 1103 1853 prius natura agat in vnam partem, quam in aliam, non
245 1842 1111 1898 tamen oportet, quod prius duratione agat in vnam par¬
252 1875 569 1928 tem, quam in aliam.
260 1901 1099 1963 Ad secundum dicendum, quod illa proposito Arist
247 1961 1102 2006 apud fideles non est vera vniuersaliter; nam primo instar
252 1991 1112 2040 ti, quo sol fuit creatus, potuit illuminare, & tamen illam
246 2039 1103 2080 mutationem illuminatiois non precessit aliquod moueri&c
297 2076 1111 2119 Ad tertium dicendum, quod proportio commutata
246 2119 1115 2166 non tenet, nisi fiat penes aliquid intraneum : Vnde quia
258 2150 1113 2202 esse de genere permanentium est de natura puncti, sicut
257 2192 1109 2238 esse de genere fluentium est de natura intranea ipsius in
252 2228 1101 2281 stantis, ergo si in minori proportionis commutate dice¬
260 2278 1109 2321 retur, Sed sic se habet punctus ad instans, quod punctus
261 2310 1112 2355 est quid permanens, & instans est quid fluens, bene con-
263 2341 1118 2396 cluderetur, ergo linea est quid permanens, & tempus est
259 2395 1115 2446 quid fluens: sed pertransitio puncti, vel lineae est quid ex
258 2431 1109 2477 trinsecum ab eis, ideo nihil concluditur. Vnde sicut non
258 2469 1106 2517 sequitur, punctus non potest bis signari in eodem instar
269 2502 1108 2553 ti, ergo linea non potest his signari in eodem tempore
264 2548 1108 2605 quia talis comparatio est ad extrinseca, sic in proposito &c
263 2579 1121 2630 Ad quartum posset dici, quod angelus in primo signo
269 2620 1121 2672 vel instanti, cum est in termino ad quem, non proprie dici¬
267 2661 1109 2713 tur quiescere: sed dicitur mutatus esie, & ideo non sequi¬
261 2697 1122 2748 tur, quod simul moueatur & quiescat, quamuis bene se
273 2740 1109 2800 quatur, quod simul mouetur & mutatus est, & illud e con
260 2778 1109 2827 mune omnibus instantaneis, puta quod simul mouentus
258 2816 1116 2871 & mutata sunt, aer enim simul illuminatur & illumina¬
268 2864 370 2912 tus est
309 2895 1115 2945 Ad quintum potest negari consequentia; quia virtus
267 2944 1121 2987 animae naturaliter loquendo est minor, quam virtus
264 2973 1116 3027 angelis dato etiam, quod anima separata moueretur in
260 3015 1112 3079 instanti, diceret aduersarius, quod non est inconuenien¬
277 3052 1117 3115 quod iuncta corpori quamuiscumque glorificato mouea
270 3100 1109 3143 tur in tempore, quia iuncta corpori naturaliter sequitur
270 3134 1112 3203 leges corporis; nec hoc cedit ad imperfectionem anima
1147 285 1994 352 cum vt sic, sibi sit naturale, quod mouetur in tempore,
1146 340 1661 396 dum scilicet est coniuncta corpori.
1185 379 1999 432 Ad sextum aduersarius negaret consequenttam: quia
1144 424 1990 469 in eodem instanti ipse diceret esse plura signa, & in bre¬
1143 462 1985 504 uiori quam in instanti posset Deus mouere angelum, pu¬
1139 501 1997 553 ta in vno figno. Posset etiam dici, quod eodem modo pos
1153 540 1985 580 et argui, quod Deus non posset citius aerem illuminare
1146 585 1990 629 quam sol, cum sol illuminet eum in instanti; & ideo opor
1140 615 1989 658 tet nos dicere, quod Deus numquam agit toto suo im¬
1150 655 1981 708 petu actum suum. Natura igitur, quae agit toto suo impe
1140 692 1988 738 tu actum suum, quamuis quandoque principiet in mini¬
1134 740 1983 785 ma duratione, & quamuis huiusmodi natura attingat ae¬
1137 773 1993 828 qualitatem velocitatis, qua Deus eundem effectum prin
1140 808 1997 859 cipiaret, multis tamen & infinitis aliis modis natura po¬
1142 849 1971 900 test deficere a virtute diuina respectu eiusdem effectus.
1187 893 1991 934 Ad septimum diceret aduersarius, quod quamuis im¬
1133 928 1991 980 possibile sit aliquid esse simul in duobus locis mansiue,
1139 974 1986 1019 & permanenter, tamen non est impossibile idem esse in
1133 1012 1958 1060 duobus locis transitiue, siue instabiliter & transitorie.
1136 1045 1998 1099 Ad ea tamen, quae sunt inducta contra doctorem ipse¬
1146 1088 1626 1136 met respondet hac distinctione.
1149 1116 1994 1177 Ad primum dicit, quod non est simile: quia lux non
1137 1162 2014 1212 mouetur per aerem, sed sunt in aere continue generatio
1145 1205 2014 1247 nes lucis, quae quidem cum instantaneae sint, licet vna
1144 1244 2014 1287 aliam praecedat ordine causalitatis & originis, simul ta¬
1143 1286 2014 1331 men inducuntur in eodem instanti. Cum igitur eadem
1145 1333 2014 1366 virtus angeli applicetur ad totum spatium, eadem aute.
1154 1363 1981 1416 pecies lucis non transit totum spatium, ideo quasi in nu
1146 1400 1466 1455 lo est ad propositum.
1175 1433 1986 1490 Ad secundum negatur consequentia; nam tepus men
1145 1477 1984 1530 surans motum angeli est alterius rationis a tempore moe
1143 1517 1985 1564 surante motum corporis, & ideo non sunt ad inuicem con
1140 1559 1985 1606 parabilia, nec per abbreuiationem vnius ad aequalitatem
1140 1600 1739 1652 alterius poterimus perue nire.
1181 1631 1989 1687 Ad tertium dicendum, quod separatio animae vt est
1145 1675 1994 1730 quaedam corruptio, non est motus proprie, sed mutatio,
1149 1717 1988 1758 ideo in instanti poterit mensurari. Si autem post morte
1145 1751 1995 1797 hominis maneret anima in corpore non vt forma cor¬
1164 1795 1991 1839 oris, sed vt motor, quod doctor noster valde reputat pos
1153 1828 1994 1879 sibile, & postea separaretur, vt motor separatur a mobili,
1149 1865 1979 1918 idem esset iudicium de anima & de angelo, quia vt sic ij
1149 1913 1997 1957 sa anima vero motu a corpore separaretur, ita, quod esset
1157 1945 1993 2002 signare vltimum instans, quo esset in tali corpore, & pri¬
1143 1999 1995 2035 mum, quo esset extra tale corpus, & per consequens mo¬
1158 2023 1988 2090 tus eius tempore concepto infra illa duo instantia men¬
1152 2068 1296 2123 suraretur.
1298 2141 1871 2228 ARTICVLVS. I
1277 2231 1867 2314 trum Anima rationalis sit in loco.
1176 2382 1996 2435 OTDER soe etiam apparet quid sit tenendum de
1152 2418 1544 2488 A de tertio principali.
1308 2529 1909 2620 ARTICVLVS IIII
1260 2621 1898 2703 vtrum Natira vniuersalis sit in loco.
1224 2732 1993 2781 VANTVM ad quartum principale, vtrum natura
1171 2785 2000 2825 x vniuersalis sit in loco, dicendum, quod sicut na¬
1155 2802 2003 2860 tura vniuersalis non generatur per se; sed generatur ad
1158 2848 2002 2906 generationem alterius, puta ad generationem particula¬
1157 2896 2003 2937 rium, vt ait auctor sex prancipiorum, sic etiam non moue
1155 2923 2012 2972 tur per se; sed si sibi competit aliquod moueri, hoc solum¬
1158 2966 1999 3015 modo sibi competit ad motum alterius, scilicet ad mo¬
1154 3007 1454 3059 tum particularium.
1206 3047 1991 3101 Ad principale argum entum patet. Ad illud in contra
1167 3084 1993 3133 tium dicendum, quod nulla substantia spiritualis est in
1175 3134 1853 3192 oco circumscriptiue, & sic intelligit Doethius;
