2408 3560
234 289 1079 361 Inferri potest consequens sub illo modo, quo sequitur ex
224 349 1081 396 illo antecedente; Et quia Deus ab aeterno cognouit futu¬
237 389 1092 433 ra contingentia ex causis mutabilibus depedere, quae pos
232 429 1086 488 sunt i causando multipliciter impediri; ideo cognouit ta¬
231 467 1094 515 lia contingenter esse uentura. quo antecedente sic modi
234 507 1076 549 ficato in esse posito, non sequitur, quod consequens absolut i
233 548 1080 595 necessario sit venturum: sed que necessario contingenter sit
234 587 1084 632 futurum : Vnde non plus virtute illius consequentiae po¬
235 624 1081 671 test inferri, nisi quod Petrus saluabitur eo modo, quo Deu¬
226 664 1080 719 praeuidit, seu praesciuit eum esse saluadum: sed Deus pre¬
235 703 1082 756 uidit Petrum sua libera voluntate bene vti gratia sibi col¬
237 743 1079 790 lata, & suis virtutibus, ac meritorijs actibus vitam aetern¬
234 783 1089 831 libere promereri, sequitur ergo conclusio, quae est conse¬
227 821 1080 866 quens ex supradicto antece dete. s. quod Petrus saluabitur libs
236 864 1085 910 re & contingenter, & sic non per it consilium de prudente,
231 901 1088 951 ficut dicit ipse sapiens ; immo quantum possumus labora¬
233 935 1090 989 re debemus, vt salueiur, & consiliari de futuris contingen
235 977 1087 1030 tibus, vt vonsequamur ea, quae nobis sunt proficua, & re-
230 1022 959 1073 pellamucea, quae nobis nociua esse videntur.
276 1053 1084 1103 Ad secundum dicendum, quod maior non est vera, nisi lo¬
237 1100 1082 1151 quendo de causa proxima, & proportionata, dato enim, quo
238 1145 1090 1178 causa vniuersalis, & principalis sit necessaria, tamen si cau
228 1171 1082 1221 sa proxima est contingens, effectus non est necessarius, sec
230 1216 1087 1269 contingens quia magis sequitur effectus leges, & condi¬
234 1265 1085 1310 tiones causae proximae, quam remotae, quamuis. nm motus
240 1292 1080 1342 celi & stellarum sit necessarius, tamen quia arborum pul
229 1331 1091 1383 lulationem causat mediante virtute pullulatiua, quae est
234 1371 1091 1420 causa contingens potens impediri in sua causatione, ideo
246 1418 1094 1463 pullulatio non est effectus necessarius, quia sequitur con¬
242 1456 1087 1498 ditionem causae particularis, & proximae, quae potest impo
243 1487 1085 1538 diri. Similiter quamuis Deus sit purum necesse esse, ta
242 1539 1099 1576 men, si in lapide causaret albedinem immediate sine om-
249 1563 1089 1615 ni alia causa efficienter concurrente, talis albedo, seu de¬
240 1610 1096 1652 albatio non esset purum necesse esse, sed ens mutabile &
239 1650 1106 1696 contingens, eo quod Deus respectu nullius creaturae sit
242 1682 1095 1737 causa proportionata, sed est causa excedens & simpliciter
250 1726 496 1785 supereminens
293 1759 1102 1820 Ad probationem dicendum, quod philosophus ibi lo¬
242 1812 1088 1852 quitur de causa naturali, & proportionata, & non de cau
241 1852 884 1896 la supereminenti sicut est in proposito.
247 1889 1105 1932 Ad tertium dicedum sicut ad primum dictum est quia
254 1928 1109 1970 omne a Deo praescitum necesse est esse venturum, eo mo
249 1957 1022 2006 do, quo praescitum est a Deo esse venturum, sed &c
281 2000 1098 2040 Ad quartum dicendum, quod propositionem esse veram po¬
240 2039 1109 2082 test intelligi dupliciter, Vno modo veritate determina¬
243 2081 1099 2125 ta, Alio modo veritate indeterminata. Tunc ad consequen
243 2113 1101 2161 tiam dico, quod eo modo, quo vera fuit illa proposito, Pe¬
248 2160 1102 2205 trus praedestinatus saluabitur, illo modo necesse est Petru
240 2207 1109 2247 saluari, sed illa proposito, antequam Petrus esset beatus,
247 2233 1112 2281 erat vera veritate indeterminata: quia de singularibus, &
254 2272 1117 2324 futuris contingentibus non est determinata veritas, vt di
255 2314 1096 2365 cit philosophus r, perihermenias, igitur huius consequen
252 2353 1109 2403 tia non plus sequitur, nisi quod Petrus necessario saluabi
256 2388 1112 2439 tur contingenter, vt contingentia consequentis correspo
252 2434 911 2492 deat indeterminationi ipsius antecedentis,
285 2475 1105 2523 Ad primam probationem dico, quod eo modo, quo propo
261 2515 1109 2564 sitio est vera, illo modo debet poni significatum propo¬
255 2548 1109 2603 sitionis, puta si est vera determinate, tunc significatum do
263 2586 1111 2642 bet poni determinate: si est uera indeterminate, sufficit
264 2635 1111 2687 poni significatum contingenter, & indeterminate, sicut
270 2668 602 2724 est in proposito.
309 2694 1108 2764 Ad secundam probationem dicendum, quod ad oppo
263 2744 1114 2801 situm illius consequentis non sequitur oppositum anteco
267 2785 1124 2837 dentis: quia oppositum illius consequentis est, Petrus non
266 2835 1121 2877 saluabitur necessario: llla autem non repugnat antece¬
264 2870 1124 2919 denti: quia indeterminata veritas propositonis de futuro
270 2900 1118 2963 poterit bene stare, dato, quod suum significatum non si
272 2948 509 2999 necesse esse.
316 2978 1125 3034 Ad quintum dicendum, quod posito, quod illa maior
279 3017 1121 3068 sit vera, loquendo de causa, quae est causa naturalis effecti
274 3057 1118 3112 suum ponens in esse mere naturaliter, tamen non est ue
273 3095 1128 3151 ra,loquendo de causa voluntaria, quae effectum suum li¬
270 3139 886 3209 pere ponit in esse, sicut est in proposito.
1180 291 1979 369 Ad fextum nego consequentiam: quia quamuis aliqui
1131 352 1972 400 effectus sint contingentes ex eo, quod aliquae causae eori
1137 392 1983 434 sunt mutabiles, & impedibiles in causando; tamen qui no¬
1140 434 1975 475 ceret omnia, quae possunt impedire, vel promouere hu¬
1141 469 1982 522 iusmodi causas in talium effectuum productione, ille com¬
1134 511 1982 561 gnosceret vltimatum exitum illius contingentiae, & per
1132 551 1974 600 consequens sibi infallibiliter esset notus numerus talium
1134 588 1979 633 effectuum, non obstante, quod non essent necessarij, sed
1140 629 1961 676 simpliciter contingentes, & sic est in proposito.
1156 670 1978 710 Forte dicetur, quod illa solutio non est ad propositum: quia
1135 707 1979 756 praedestinatio, quae est causa salutis ipsius praedestinati,
1137 747 1979 791 non est causa impedibilis, cum ipsa sit propositum Dei om-
1131 784 1359 836 nipotentis.
1150 823 1983 882 Respondeo, quod quauis principalis causa humanae sa¬
1132 865 1979 908 lutis sit diuinum propositum, causa tamen concurrens est
1135 903 1970 946 hominis liberum arbitrium, quod est causa contingens S
1143 946 1970 985 mpedibilis respectu bonorum operum, quibus vitam ae
1143 983 1980 1029 ternam debemus promereri: Et quia effectus magis nomi
1131 1018 1979 1063 natur a conditionibus causae proximae, quam a conditioni
1146 1069 1982 1111 pus causae principalis, ideo effectus predestinationis de¬
1131 1100 1733 1143 bet dici contingens, & non necessarius.
1138 1134 1973 1181 Ad septimum patet ex praedictis, non enim aliter eue¬
1141 1178 1988 1224 niunt res, quam praeuisae sunt: nam necessaria sunt praeuisa
1137 1219 1982 1271 a Deo, vt necessario eueniant: & contingentia, vt contin¬
1134 1253 1406 1307 genter eueniant.
1165 1292 1978 1342 Ad octauum dicendum, quod Ansimet dat intellectu
1133 1331 1978 1383 illius dicti dicens, quod verum est necessitate consequen
1142 1370 1982 1414 te, non autem necessitate antecedente, & appellat neces¬
1147 1411 1982 1464 sitatem antecedentem illam, quae ex natura rei proueniti
1143 1451 1982 1505 quam Noc. 5. de consolatione vocat necessitatem absolus
1140 1490 1988 1535 tam: Necessitatem vero consequentem appellat illam,
1152 1542 1986 1580 quae ex vi sermonis innascitur, quam Doethius uocat ne¬
1142 1568 1982 1608 cessitatem conditionatam, seu conditionalem, & hans
1140 1606 1991 1670 doctores moderni uocant necessitatem consequentiae, &
1145 1642 1424 1699 non consequentis.
1186 1673 1991 1728 Ad primum inductum pro errore Ciceronis nego mi
1147 1728 1979 1764 norem: quia quamuis nullam habeant entitatem expres
1144 1764 1997 1814 sam & determinatam in se, vel in suis principiijs, seu causis
1145 1808 1990 1855 proximis & mutabilibus, tamen supereminentem habent
1147 1843 1992 1894 entitatem in sua causa exemplari, luxta quod dicitur: Qd
1156 1895 1995 1934 tactum est in ipso vita erat. Et hoc sufficit ad habendam
1146 1922 1994 1973 infallibilem notitiam, seu scientiam futurorum ei, qui adae¬
1161 1969 2000 2013 quate comprehendit huiusmodi exemplar, scilicet ipsam
1151 2000 2003 2043 diuinam essentiam, quae tamquam clarissimum speculum
1155 2039 1993 2089 intellectur diuino, qui ipsam comprehendit omnimode
1152 2080 1810 2122 & adaequate omnia lucidissime representat
1164 2118 1997 2169 Ad secundum nego minorem: quia illo modo ia dicto,
1165 2158 1991 2209 quo futuris contingentibus competit entitas, eodem mo
1155 2198 1996 2249 do competit ipsis veritas summa: quia, vt sic, indistincta sunt
1152 2236 1724 2281 ab aeterna veritate, quae est ipse Deus.
1190 2274 2006 2327 Ad tertium dicedum, quod maior non est usquequaque
1162 2314 2003 2361 vera: nam de generabilibus, & corruptibilibus est scientio
1161 2353 2000 2397 in libro de generatione, & corruptione, de contingentibus
1161 2392 1992 2436 casualibus, & fortuitis est scientia in 2. physicorum. De
1170 2432 2004 2481 bet ergo intelligi illa necessitas, seu impossibilitas aliter
1160 2470 2014 2519 se habendi non semper quantum ad reui scitam: sed quan
1167 2508 2005 2553 tum ad necessariam & immutabilem rationem, quae cirea
1158 2550 2003 2593 huiusmodi rem poterit formari. Dato etiam, quod maior
1166 2594 2000 2640 esset vera de scientia nostra, quae dependet aliquo modo
1160 2625 1998 2676 ab ipso scibili, tamen non est vera de scientia diuina, qui
1164 2665 2010 2709 nullo modo dependet ab aliqua creatura. Est etiam Dei
1169 2707 2003 2753 scientia de ente maxime necessario considerato obiecto
1176 2738 2024 2795 uo principali, in quo omnia secundaria obiecta presentia
1170 2783 1468 2835 liter Deus intuetur.
1206 2813 2009 2861 Ad quartum dicedum, quod quamuis de singularibus
1170 2859 2016 2903 & futuris contingentibus non sit determinata veritas apud
1179 2897 2023 2941 intellectum nostrum, qui ex suo modo cognoscendi non
1176 2936 2018 2982 habet de talibus futuris euidentiam certam, donec sit prae¬
1179 2982 2021 3022 sentia secundum suam propriam actualitatem, tamen ta¬
1170 3018 2018 3059 lium futurorum potest esse determinata veritas apud in¬
1170 3057 2024 3101 tellectum Dei, qui aeque euidenter, & clare videt omnia
1173 3093 1940 3147 futura, sicut videt ea, cum actualiter sunt presentia
1220 3132 2024 3190 Ad quintum dicendum est, situt dictum est ad instam
