2412 3539
445 246 1295 320 redditur alicui ex debito: sed ex mera gratia: In gratuitis
445 309 1296 357 autem non attenditur ratio iustitiae vel iniustitiae, sed po¬
444 348 1285 389 test, qui dispensat, dare & plus, & minus pro libitae suae vo
438 387 1292 439 luntatis absque preiudicio cuiuscunque. luxta quod ait
447 437 1281 476 paterfamilias; Amice non facio tibi iniuriam: Et infra
444 465 1016 515 Non licet mihi quod ego uolo facere :
463 507 1274 557 1 Potest etiam argui pro illa opinione sic. Nullum ten¬
456 552 1280 593 porale potest esse ratio eius, quod est eternum, sed omne
439 587 1292 635 quod se tenet ex parte creaturae est temporale, praedista¬
448 624 1287 674 tio autem est aeterna, & similiter reprobatio, ergo nihil se
438 661 1288 703 tenens ex parte creaturae potest esse causa praed estinatio¬
431 698 769 752 nis, seu reprobationis,
445 741 1284 787 2 Preterea, illud, quod est effectus predestinationis, non
448 780 1284 829 potest esse causa eius, sed bonus vsus liberi arbitrij est ef-
439 817 1280 864 fectus praedestinationis, ergo non valet illud, quod supe¬
433 856 1282 900 rius posuisti. Maior patet: quia idem non potest esse causa,
432 894 1277 939 & effectus respectu eiusdem. Minor etiam patet, quia om
441 946 1274 984 ne bonum, quod se tenet ex parte praedestinati, videtur es
438 974 854 1023 se effectus praedestinationis
442 1011 1283 1062 3 Praeterea, si praedestinatio habere se causam se tenen
433 1052 1284 1094 tem ex parte praedestinati, tunc gratia Dei haberet cau¬
429 1094 1277 1141 sam ex parte predestinati: Falsitas consequentis patet: quia
426 1133 1285 1176 si gratia esset ex meritis, iam gratia non esset gratia, sicut
436 1173 708 1221 ait Apostolus.
441 1204 1279 1256 4 Praeterea, Apostolus loquens de Esau & lacob ait,
438 1247 1284 1293 Cum nondum nati essent, aut aliquid boni, aut mali egis¬
432 1286 1274 1333 sent, secundum electionem, non ex operibus, dictum est:
423 1328 1283 1368 Tacob dilexi, Esau autem odio habui; & ibidem dicitur,
430 1375 1284 1418 cuius vult miseretur, & quem vult indurat, & ponit Apo¬
428 1404 1275 1453 stolus ibidem exemplum de figulo, qui de eadem massa
433 1446 1275 1490 facit vasa honoris, & contumeliae, prout sibi placet.
458 1486 1277 1537 His non obstantibus, potest argui contra communem
421 1524 659 1575 opinionem sic.
441 1563 1262 1609 1 Si absque causa se tenente ex parte hominum Deus
420 1599 1269 1646 vnum ordinaret ad gloriam, & alium ad poenam ab aeter¬
424 1639 1262 1684 no, tunc Deus esset acceptator personarum: Falsitas con¬
419 1686 1268 1731 sequentis patet Actuum 10. Consequentia probatur: quia
423 1718 1268 1766 ille videtur esse acceptator personarum, qui duobus exi¬
419 1763 1177 1808 stentibus aequalibus vni dat, quod alteri denegat.
429 1798 1273 1844 2 Praeterea, Deus est diues in misericordia secundum
423 1836 1264 1885 Apostolum, sed sireprobaret aliquem fine causa, tunc in
411 1882 1277 1928 tali actu nihil misericordiae appareret, ergo &c.
444 1912 1266 1962 3 Preterea, Apost. ait, quos presciuit, hoc praedestina¬
413 1953 1275 1998 uit, ergo prescientia alicuius se tenentis ex parte praede¬
414 1995 1259 2042 stinati videtur fuisse causa, vel ratio praedestinationis
429 2037 1268 2079 4 Praeterea, Ambr in glos: ad Nom. 9. super illo verbo.
413 2070 1265 2116 miserebor cui miserebor, dicit, id est misericordiam illi da¬
419 2107 1251 2159 bo, quem praescio toto corde reuersorum ad me.
429 2150 1252 2199 3 Item beatus Aug. 83. quaestionum ait, Deus cui vuli
417 2192 1265 2238 miseretur, & quem vult indurat, per hoc tamen Dei boni
413 2239 1256 2279 tas iniusta esse non potest, venit enim de occultissimis
411 2269 536 2316 meritis.
455 2311 1254 2360 Forte dicetur, quod Aug. aut sibi contradiceret, vel opor-
416 2346 1259 2393 tet dicere, quod illam auctoritatem per aliam reuocauit:
405 2388 1249 2426 Nam Aug. in lib de praedestinatione sic ait, Non quia fu¬
401 2428 1258 2474 turos nos esse tales praesciuit, ideo elegit, sed vt essemus
406 2464 1245 2507 tales per ipsam electionem gratiae suae, qua gratificauit no¬
414 2509 1247 2546 n dilecto filio suo; Et in eodem lib ait. Taceat humana
405 2542 1246 2583 lingua, nec prorsus in praedestinatione de meritis extolla
412 2583 1243 2621 tur, diuinae enim voluntatis est hoc donum, non huma¬
396 2616 773 2671 nae fragilitatis meritum.
445 2657 1247 2702 Respondeo, quod Augus in prima auctoritate loquitur de
399 2704 1250 2743 merito large, quod dicitur meritum aliquo modo de con¬
412 2734 1245 2781 truo; In aliis autem sequentibus loquitur de merito pro
402 2776 1250 2822 prie dicto, puta de condigno. Et ideo hic nec est reuoca¬
404 2813 986 2865 tio, nec contradictio, sed aequiuocatio.
415 2852 1241 2904 e Preterea, non videtur bene dictum, quod pro generali
405 2898 1244 2943 causa reprobationis assignant isti Doctores relucentiam
391 2931 1241 2977 diuinae iustitiae: quia nullus iustus iudex per se intendit iu
390 2973 1234 3016 stitiam punitiuam, sed tantum ex suppositone punibilis
396 3011 1234 3052 culpae. Sed Deus non potest esse iniustus; & iustitia, qua
402 3051 1237 3112 quae relucet in reprobatis, seu damnatis, est iustitia maxi¬
1336 241 2177 316 me punitiua, & uindicatiua, ergo relucentiam talis iusti¬
1332 310 2179 356 tiae non potest Deus per se, & finaliter in actu reprobatio
1334 350 2173 393 nis intendere, sed prescientiam mali, & demeritorij usus
1332 386 2192 444 liberi arbitrij, propter quam Deus talem iustitiam decre¬
1341 427 1544 473 uit exercere.
1344 470 2187 512 3 Praeterea, illud non debet poni praecise propter relu
1330 511 2176 557 centiam diuinae iustitiae, sine quo diuina iustitia sufficien
1328 543 2180 588 ter potest relucere, sed dato, quod nullus esset reproba¬
1333 594 2165 631 tus, adhuc in solis electis Dei iustitia sufficienter reluce
1326 622 2177 667 ret, iuxta illud Apostoli, De reliquo reposita est mihi co¬
1327 661 2171 710 rona iustitiae, quam reddet mihi in illum diem lustus iu¬
1332 699 1616 749 dex, ergo & caetera
1332 731 2175 785 3 Preterea, si Deus solum pro libito voluntatis aliquen
1333 775 2172 821 reprobaret, tunc Deus esset crudelis, & iniustus conse¬
1338 819 2174 867 uens est impossibile, ergo impossibile videtur esse illud
1323 858 2166 906 antecedens positum per istos Doctores : Consequentia
1338 896 2180 944 atet: quia omnis ille, qui sine alia ratione, quam solum
1336 946 2175 990 propter libitum voluntatis aliquam creaturam capacem
1329 980 2171 1029 rationis & experientiae deputat ad aeternam & horribilis¬
1329 1012 2177 1076 simam poenam, ille vtique videtur esse crudelis, & per con
1317 1052 1581 1101 sequens iniustus.
1368 1074 2167 1142 Et per hoc etiam patet, quod exempla non sunt ad pro
1333 1134 2161 1181 positum: Quia partes materiae, vel lapides non habent ex
1342 1176 2162 1228 erientiam boni, vel mali, honoris vel contumeliae, qua¬
1320 1216 2162 1254 lem experientiam constat homines habere: & ideo licet
1320 1252 2167 1297 illud, quod dictum est de lapidibus, & de materia fieri pos
1327 1288 2168 1333 sit absque iniuria & crudelitatis nota, absque tamen his fie
1321 1327 2177 1376 ri non potest, quod homo ordinetur, vel deputetur ad aeter¬
1312 1366 2162 1420 nam poenam, non habendo respectum ad aliqua sua deme¬
1314 1406 2162 1448 rita, sed solum attendendo voluntatem, & libitum depu¬
1317 1448 2159 1491 tantis: lllud etiam, quod inducunt de patrefamilias, qui
1327 1487 2168 1530 ledit prout voluit, quamuis locum habeat loquendo de
1330 1527 2163 1567 raedestinatis, tamen de reprobatis loquendo penitus non
1309 1566 2170 1607 habet locum: quia in gratuitis absque praeiudicio cuius¬
1315 1603 2165 1651 cumque potest dari, & plus, & minus pro uoluntate distri
1312 1642 2030 1685 buentis, non autem in inferendis poenis, ergo &c
1342 1679 2156 1729 Ad primam ergo rationem dicendum ad maiorem,
1327 1709 2165 1765 uod quamuis temporale, vt temporale est, non possit es
1309 1757 2166 1802 se ratio aeterni; tamen temporale vt aeternaliter a Deo
1321 1805 2153 1854 tenceptum, seu praescitum, potest esse ratio aliquo mo¬
1303 1840 2156 1897 do motiua, quare Deus ab aeterno decreuit aliquid fieri
1306 1875 1490 1922 in tempore,
1350 1914 2153 1964 Ad secundam dicendum, quod bonus vsus liberi arbitrii
1314 1951 2153 2003 potest dupliciter intelligi. Vno modo, vt est meritorius vi
1306 1999 2162 2047 tae eternae de condigno, vel etiam de congruo, secundum
1322 2038 2158 2080 ropinquam dispofitionem, vel motionem ad gratiam gra¬
1302 2083 2159 2125 tum facientem, de qua motione dicetur infra. Secundo
1317 2118 2148 2168 potest accipi bonus vsus liberi arbitrij, penes bonitatem
1312 2153 2152 2193 morum, in quam bonitatem potest homo ex puris natu¬
1295 2195 2147 2236 ralibus: De qua etiam bonitate scripserunt philosophi mo¬
1299 2231 2148 2283 rales; Primo ergo modo accipiendo bonitatem vsus libe
1297 2274 2150 2314 ri arbitrij, tunc minor est vera. Secundo modo accipien¬
1303 2306 2146 2354 do huiusmodi bonitatem, minor non est vera: quia non
1302 2351 2143 2397 oportet illam bonitatem reducere in supernaturale prin
1300 2387 2143 2429 cipium, sed sufficit ad eam consequendam bona consue¬
1302 2430 2144 2479 tudo hominis praesupposita communi, & vniuersali Dei
1296 2463 2140 2512 insiuentia, & de hac bonitate locutus sum superius, ideo
1296 2502 1843 2558 argumentum non est ad propositum
1335 2549 2142 2592 Ad tertiam dicendum, quod gratia Dei non potest
1290 2584 2146 2631 habere causam meritoriam de condigno: quia tunc gra¬
1287 2628 2144 2667 tia non esset gratia; tamen gratia potest habere causam
1296 2659 2145 2710 de congruo meritoriam. Et quamuis forte alicui illud
1300 2701 2141 2747 videatur abusiuum, tamen de communi doctrina istorum
1290 2736 2145 2797 Doctorum necessario sequitur: quia ipsi dicunt, quod li¬
1290 2783 2149 2826 cet homo prius quam habeat caritatem, & gratiam gra¬
1287 2818 2136 2871 tumfacientem non possit mereri uitam aeternam de con
1289 2855 2132 2909 digno, potest tamen de congruo; modo secundum il¬
1293 2902 2138 2941 los eosdem Doctores, gloria vitae aeternae est gratia con¬
1293 2931 2131 2985 summata; Ex quibus sequitur, quod non habens gratiam
1299 2985 2144 3033 potest mereri de congruo gratiam consummatam, & per
1283 3024 2126 3071 consequens conuenienter, & sine abusione dici potest;
1293 3053 2134 3103 quod non habens gratiam potest mereri de congruo
