2420 3520
492 209 1283 283 Multas rationes diuersorum Doctorum inueni pro il
438 266 1285 309 la conclusione, quas tamen ad praesens dimitto: quia phi
446 306 1295 364 losophice loquendo, a multis non putarentur euidenter
447 358 1295 396 concludere, eo quod presupponant rerum creationem do
448 384 883 434 nihilo, vel aliqua consimilia.
483 427 1274 477 Sed contra illam conclusionem quidam arguunt sic.
456 471 1292 517 1 Si aliquis motor esset infinitae potentiae ina vigore,
450 503 1289 551 tunc motus fieret in instanti consequens est impossibile
448 552 1292 594 quia in indiuisibili non potest esse suceessio, Consequen¬
450 583 1291 633 tia patet ex praedictis; nam cum secundum augmentum
453 621 1296 666 virtutis tempus breuietur, & infinita virtus nullam pro¬
449 660 1293 712 portionem habeat ad virtutem finitam, eo quod in infini
457 702 1296 740 tum ipsam excedat, si virtus finita mouet in tempore, in¬
437 734 841 781 finita mouebit in instanti,
456 781 1296 830 2 Praeterea, si potentia infinita in vigore in diuinis po
447 820 1298 870 neretur, tunc aliquid frustra esset in Deo consequens est
456 854 1292 906 falsum, vt patet 1. coeli & mundi: Probatur consequentia;
460 897 1295 944 quia illa potentia est frustra, per quam agens numquam po¬
452 937 1280 979 test exire in actum, sicut etiam vt ait Commentator, fru
450 973 1279 1025 stra poneretur intelligibile, quod a nullo posset intelligi
454 1013 1287 1053 sed Deus si haberet potentiam infiniti vigoris numquam
441 1052 1290 1102 per huiusmodi potentiam posset exire in actum: quia si in
447 1096 1292 1142 actum exiret, tunc infinitum effectum produceret, quod
437 1129 797 1183 est impossibile, ergo &c
459 1175 1296 1222 3 Praeterea, secundum philosophum t coeli & mundi
447 1208 1288 1259 cuilibet potentiae actiuae correspondet potentia passiua;
442 1250 1295 1297 Et ibidem ait commentator, Frustra est potentia actiua
444 1289 1292 1334 in natura, cui non respondet potentia passiua in natura:
440 1328 1292 1371 sed impossibile est dare potentiam passiuam infinitam: quia
432 1368 1295 1416 illa vel esset in Deo, vel in creatura, Non in Deo: quia nul
441 1407 1294 1457 la potentia passiua est in eo. Nec in creatura, quia effectui
443 1444 719 1497 repugnat infinitas
487 1484 1277 1529 Sed illa non concludunt; Quia illa potentia est infini
441 1526 1285 1567 ta, quae totum vniuersum, & ordinem partium uniuersi con
435 1567 1284 1613 seruat in infinitum, potentia Dei est huiusmodi secundi
440 1607 1279 1654 philosophos quantum ad omnes species vniuersi, quas po
441 1645 1290 1686 nut in aeternum manere, & a Deo dependere. Vnde in de
438 1683 1283 1728 substantia orbis ait commentator, quod coelum non soli
435 1723 1287 1768 quantum ad motum, sed etiam quantum ad substantiam
432 1767 1296 1808 suam depedet a primo motore. Maiorem probo; nam pla
441 1802 1286 1850 num est, quod maior requiritur virtus in conseruante ali
441 1845 1288 1890 quam rem per mille annos, quam per vnam horam, & sic
444 1878 1283 1922 deinceps secundum multitudinem temporis semper au¬
434 1920 1289 1968 gebitur virtus, igitur conseruans per infinitam durationem
444 1958 889 2009 necessario est infinitae virtutis.
487 1995 1280 2044 Ad primum igitur dicendum, quod consequentia non esi
439 2038 1289 2080 vera: nam motor agens libere per intellectum, & volunta
438 2075 1279 2128 tem, non agit secundum totum impetum virtutis suae, sec
433 2113 1283 2156 tantum agit quantum vult, & quantum per suam sapien¬
439 2162 1278 2207 tiam agendum esse disposuit, sed Deus non est agens ex
433 2196 1279 2242 necessitate naturae, sed ex sui arbitrij libertate; ideo non
435 2233 1284 2276 oportet, quod motus fiat in instanti, quamuis Deus sit in¬
443 2270 659 2320 finitae virtutis.
468 2317 1286 2364 Sed forte dicetur, quamuis agens liberum non agat to
438 2358 1253 2405 to suo posse, tamen potest si vult agere toto suo possi
438 2394 1284 2444 vel toto suo impetu, & sic non euadis quin sequatur,
442 2432 1288 2483 quod motus possit fieri in instanti, si talis motor esset in¬
429 2467 650 2518 finitae virtutis.
471 2507 1279 2553 Respondeo, quod quamuis ipse possit, tamen effectus
436 2549 1287 2599 non patitur: quia non est in natura potentia receptiua,
431 2587 1280 2632 quae actionem illam posset suscipere, si talis motor ageret
429 2624 653 2676 toto suo posse
477 2662 1273 2710 Etiam non haberem pro inconuenienti Deum posse to
432 2703 1284 2758 tum coelum reuoluere in instanti temporis nostri, cum ipse
434 2745 1265 2793 philosophus 2. physicorum ponat, quod si corpus graue mo
430 2784 1281 2832 uetur in vacuo, tunc transiret in instanti, eo quod in ua¬
425 2822 1281 2875 cuo nulla sit resistentia medij. Modo planum est, quod virtus di
426 2864 1285 2909 uina, cui nullum medium potest resistere, aeque velociter
426 2905 1277 2951 posset mouere graue per plenum, etiam si medium esset fer
429 2942 1160 2986 reum: sicut ipsum graue posset transire vacuum.
465 2976 1278 3028 Etiam ipse Deus posset totum illud, quod replet coe¬
433 3015 1276 3062 li concauitatem annihilare, & vnum corpus graue iuxta
422 3059 1279 3119 coeli circumferentiam creare, & hoc vtique secundum
1332 211 2184 277 sententiam Aristotelis moneret deorsum, cum nullam
1342 270 2186 312 poenitus haberet resistentiam in unico instanti tem¬
1345 310 1520 364 poris nostri.
1375 325 2181 405 Aduertendum tamen, quod illud instans temporis
1332 390 2187 431 nostri responderet tali motui, tamquam aliena men¬
1339 427 2182 483 sura: sicut enim motui Angeli a coelo ad terram de¬
1338 467 2182 508 scendentis correspondet vnicum instans temporis no¬
1331 508 2182 558 stri, non tamquam mensura propria, sed aliena: quia pro
1339 549 2175 596 nensura propria tali motui correspondet tempus compo
1327 589 2174 635 situm ex instantibus, sicut ille motus compositus est ex mu
1333 630 2183 678 tatis esse. Sic in proposito, si Deus faceret per sui omnipo
1332 664 2173 713 tentiam motum in instanti, instans non mensuraret pro¬
1332 712 2177 755 prie motum illum, quamuis talis motus non haberet ma
1331 744 2177 786 iorem durationem, quam sit duratio instantis temporis
1333 788 2178 834 nostri, sed sicut talis motus non esset compositus ex parti
1332 820 2176 867 bus diuisibilibus, sed tantummodo ex mutatis esse, sic hu
1335 864 2183 909 iusmodi motui correspoderet tempus compositum ex in
1332 902 1955 944 stantibus, quod esset sua propria mensura
1370 937 2184 989 Ad secundum nego consequentiam. Ad probationem
1339 975 2180 1033 dicendum, quod illud solum dicitur frustra, quod ordi¬
1327 1021 2183 1066 natur ad aliquem finem, quem tamen nullo modo ualet
1341 1057 2182 1111 idipisci: sed potentia Dei ad nullum finem ordinatur ex¬
1332 1094 2176 1143 tra ipsum Deum: Vnde dato, quod Deus numquam aliquam
1332 1137 2177 1183 creaturam produxisset, adhuc tamen eius potentia non
1331 1177 2177 1219 esset frustra, sicut nec frustra fuit ab aeterno vsque ad tem¬
1343 1225 2183 1267 us creationis, licet nihil ad extra produxerit, cuius tota
1326 1259 2177 1304 ratio ex hoc sufficienter sumitur: quia ipse ad nihil extra
1338 1305 2172 1347 e tamquam ad finem ordinatur, sed omnia ordinantur
1332 1335 2186 1389 ad ipsum tamquam ad vltimum finem, vt patet circa finem
1331 1371 1583 1421 12 metaphysicae.
1360 1411 2174 1469 Ad tertium dicendum, quod tam proposito Aristote¬
1327 1449 2178 1500 lis, quam Commentatoris intelligenda est de potentia
1329 1491 2177 1545 actiua, quae est in natura naturata, siue in his, quae agunt
1326 1535 2174 1585 ex necessitate naturae, non autem de potentia acti¬
1326 1575 2179 1620 ua, quae est in natura naturante, quae Deus est, qui agit
1336 1616 2183 1669 id extra non ex necessitate naturae, sed ex arbitrii
1327 1647 1465 1694 libertate
1456 1718 2052 1784 ARTICVLVS IHI
1367 1799 2115 1890 Vtrum Deus ad aliqua facienda sic obligetur
1471 1871 2036 1926 quod necessitate uistitiae teneatir.
1671 1918 1838 1977 ea facere.
1404 2000 2165 2057 VANTVM ad quartum articulum, vtrum Deus ac
1371 2013 2177 2091 aliqua facienda sic obligetur, quod de necessitate iu¬
1321 2083 2166 2141 stitiae teneatur ea sacere, est distinguendum de necessi¬
1333 2130 2168 2171 tate iustitiae: Nam quaedam est necessitas iustitiae comacti¬
1339 2167 2168 2219 ia, qua aliquis vel iustum facit, vel iustum patitur inuitus
1326 2202 2170 2260 & coacte: de quo dicitur to, ethicorum, Tex vero coacti¬
1335 2249 2177 2287 uam habet potentiam secundum mouens ab aliqua pru¬
1338 2279 2180 2342 sentia & intellectu; Et illo modo Deus nihil facit neces¬
1322 2323 2165 2377 sitate iustitiae: quia nullam legem nec legislatorem congo
1326 2360 2168 2422 tem supra se habet. Alia est necessitas immobilitatiua, qua
1325 2399 2177 2459 communiter dicitur necessitas immutabilitatis, puta si
1327 2442 2171 2494 aliquis ita diligeret iustitiam, & in tantum esset inclinatus
1322 2478 2172 2535 ad eius exercitium, quod non posset resilire ab operibus
1335 2519 2177 2577 ustitiae. Et illa necessitas, siue iustitiae immut ibilitas, si
1322 2556 2162 2609 Deo attribuitur, hoc potest esse dupliciter. Vno modo
1325 2596 2164 2648 quod huiusmodi immutabilitas iustitiae attribuatur Dec
1335 2643 2177 2684 propter meritorum nostrorum exigentiam, Et sic quam¬
1322 2686 2170 2726 uis Deus dicatur quandoque iustus, iuxta illud Aposto¬
1332 2712 2163 2774 si. De reliquo uero reposita est mihi corona iustitiae.
1322 2764 2166 2806 quam reddet mihi in illum diem iustus iudex; tamen non
1325 2800 2168 2848 stra merita attendendo, Deus nihil operatur ex neces¬
1323 2831 2165 2892 sitate iustitiae : quia si seruus non potest de necessitate
1322 2872 2175 2932 iustitiae dominum suum constituere debitorem, multo
1322 2912 2142 2975 minus creatura creatorem potest facere debitorem.
1319 2950 2162 3010 Qui enim non potest sufficienter soluere, quod tenetur.
1320 2985 2159 3051 ille non potest debitorem constituere eum, cui tenetur
1326 3025 2168 3092 sed diis & parentibus non possumus aequiualens reddere
1337 3072 2171 3128 vt ait Aristotelis 8, ethicorum, ergo &c. Et illud videtur
