2419 3545
254 248 1101 314 innuere saluator in euangeliis, dicens discipulis Cum fe¬
261 306 1100 351 ceritis omnia, quae praeeepta sunt vobis, dicite, fecimus
255 346 1093 394 quod iussisti; sed serui inutiles sumus. Alio modo talis
255 383 1094 433 immutabilitas iustitiae potest intelligi Deo conuenire
253 423 1100 468 non propter meritorum nostrorum exigentiam, sed pro
247 465 1101 514 pter suae diuinae bonitatis condecentiam: Et illud adhuc
246 508 1101 553 dupliciter. Vno modo accipiendo decentiam simpliciter
239 545 1096 594 & absolute. Alio modo accipiendo decentiam pro nunc
246 580 1090 622 in praesenti rerum ordine. Primo modo omnia, quae Deus
237 620 1085 671 facit operatur ex necessitate iustitiae; quia nihil potes
240 659 1080 709 Deus facere, quod non deceat suam bonitatem. Sed seci
237 697 1089 742 do modo Deus nihil facit ex necessitate iustitiae, quia or
240 737 1082 788 dinem totius vniuersi Deus potest pro libito voluntati
237 778 1088 824 immutare, & per consequens illud idem, quod nunc est
246 816 1092 861 indecens, mutato rerum ordine fieret decens, & econuer
244 854 1083 902 so, Propter quod diuinae bonitatis condecentia nullam
243 901 1091 941 necessitatem iustitiae habere videtur respectu istius ordi¬
240 933 1084 976 nis, quem uidemus, nec respectu cuiuscumque alterius
240 973 1082 1021 ordinis vniuersi, eo quod quemlibet talium ordinum Deus
237 1014 823 1060 mutare possit quandocumque voluerit
282 1044 1082 1094 Forte dicetur; Omne, quod fit sine iustitia ab agente
236 1090 1090 1143 voluntario, hoc videtur ee iniustum: sed Deus non potest fa
236 1129 1079 1185 cere iniustum: quia tunc peccaret, ergo Deus nihil potes
235 1171 1094 1219 facere sine iustitia, & per consequens omne, quod facit
237 1207 656 1260 ex necessitate iustitiae facit.
275 1243 1084 1291 Respondeo, quod Deus numquam facit aliquid sinc
229 1288 1091 1330 iustitia: quia numquam facit aliquid sine decentia bo¬
238 1323 1080 1373 nitatis suae, & sinc rectitudine voluntatis sue, & ideo
236 1367 1087 1416 Deus numquam potest facere aliquid iniussum, vel
244 1416 1083 1454 indecens quia voluntas sua tribuit rebus decentiam
241 1443 1091 1488 & iustitiam, & ideo quicquid Deus facit & vult, hoc est de
230 1482 1090 1536 cens & iustum, Propter quod Ansel. Prosologion. ait ipsi
241 1522 1085 1570 Deo, lllud solum iustum est quod vis, iniustum est quod non vis.
276 1565 1093 1610 Ad argumentum principale dicendum, quod quamuis
231 1606 1094 1654 maior sit vera de potentia passiua, tamen falsa est de po¬
236 1643 1088 1690 tentia actiua, de qua loquimur in proposito; nam quam¬
230 1689 1079 1727 uis purus actus excludat potentiam passiuam, quae dero¬
228 1727 1080 1778 gat actualitati, sicut composito simplicitati, tamen non ex
241 1753 1077 1812 cludit potentiam actiuam, quia potentia actiua in nullo
234 1793 646 1859 penitus derogat actualitati
388 1876 941 1952 DISTINCTIO NLIII
232 1978 1080 2049 Preius, ac clara buius distinctionis diuisio, in qua de
312 2034 1004 2106 Dei potentia per collationem ad creatura¬
420 2090 902 2154 rum bonitatem pertr actatur.
561 2180 1072 2232 VN c illud restat discutiendum. Hi¬
568 2223 1085 2277 Magister tractat de potentia Dei
578 2267 1079 2321 per comparationem ad creaturari
574 2302 1077 2352 bonitatem, & diuiditur ista distin¬
581 2346 1079 2392 ctio in tres partes, secundum quod
572 2386 1082 2430 tres mouentur quaestiones, quarum
589 2419 1073 2476 rima est, vtrum Deus potest ali
578 2459 1088 2514 quid melius farere, quam facit, Se¬
576 2501 1084 2548 cunda, vtrum alio modo, vel melio
237 2542 1088 2585 ri modo, quam facit; Tertia, utrum Deus semper possit omne,
237 2585 1086 2636 que olim potuit. Secunda pars incipit ibi, Posi liaec conside
236 2631 1084 2670 radum Tertia ibi, preterea queri solet. Prima in duas; nam pri
230 2666 1084 2707 mo quorundam errorem recitat. Secundo huiusmodi er-
231 2699 1078 2741 rorem reprobat, & veritatem determinat ibi, verum hi
246 2740 1083 2787 ab eis, Sequitur illa pars, Post haec considerandum, & diui
240 2775 1088 2822 ditur in duas: nam primo mouet questionem. Secimdo
241 2814 1082 2866 respondet per quandam distinctionem ibi, Si modus ope
243 2856 1077 2905 rationis, Sequitur illa pars, Praeterea queri solet, & diui¬
245 2902 1079 2944 ditur in tres partes; nam primo circa illam quaestionem
237 2932 1088 2984 tangit quandam falsam opinionem, Secui: do respondet
244 2971 1080 3024 secundum suam propriam intentionem, Et tertio per pri
241 3017 1091 3053 dictorum epilogationem confirmat suam responsionem.
236 3052 1087 3097 Secunda ibi; Ad quod dicimus &c Tertia, Fateamur &c.
239 3091 692 3154 Hic quaero hanc quaestionem.
1475 309 1766 388 Quostio
1273 401 1853 482 An Deus vniuersum potuit facere
1500 461 1627 521 melius.
1361 811 1969 867 TRVM Deus totum vniuersum potue¬
1383 868 1983 917 rit facere me lius. Videtur, quod nons
1397 902 1980 956 Quia illud, quod melius cogitari non
1382 946 1978 994 potest, hoc non potest fieri melius: sed
1373 977 1979 1035 isto vniuerso iam facto non potest conci
1373 1023 1967 1073 pi melius, ergo &c. Maior patet, nam por
1134 1063 1968 1113 consimilem maiorem probat Ansel. quoe Deus est summo
1137 1100 1982 1146 perfectus: quia Deus est, quo maius cogitari non potest
1137 1139 1971 1191 Minor patet per August. in de libero arbitrio, vbi sic ait,
1134 1176 1973 1224 Quicquid vera ratione melius tibi oceurrit, scias Deum
1129 1208 1719 1261 fecisse bonorum omnium conditorem.
1171 1252 1973 1308 Contra omni finito potest fieri additio: sed totum vni
1139 1291 1967 1339 uersum est quid finitum, ergo &c. Hic quattuor sunt vi¬
1134 1329 1968 1374 denda. Primo, vtrum virtute diuina aliqua pars vniuersi
1153 1373 1967 1419 ossit fieri melior: Secundo, vtrum in infinitum proceden
1134 1414 1979 1461 do quacumque creatura data, Deus semper possit facere
1139 1453 1978 1503 perfectiorem, Tertio, de eo, quod quaeritur. Quarto,
1136 1495 1970 1539 vtrum Deus possit facere aliud vniuersum, illo vniuerso
1137 1523 1273 1578 manente.
1305 1606 1787 1678 RESOLVTI O.
1124 1690 1972 1755 Deum quidem rem facere per fectiorem quam accidentalia quae¬
1170 1742 1967 1793 dam haud est impossibile vei vtro in sua perfecttone existenti
1161 1785 1964 1831 gradum essentiae addere non conceditur, licet absolute quali¬
1164 1824 1967 1889 bet ereatura actu producta nobliorem, ac perfectiorem possit
1161 1857 1485 1915 in infinitum producere.
1262 1928 1802 2010 ARTICVLVSI.
1125 2046 1961 2119 Vtrum virtute duina aliqua pars vniuersi possut
1440 2092 1631 2166 fieri melion
1146 2188 1973 2247 SVANTVM ad primum, vtrum virtute diuina ali¬
1152 2247 1970 2283 qua pars vniuersi possit fieri melior, est aduerten
1135 2275 1973 2317 dum, quod rem fieri meliorem potest intelligi duplici¬
1125 2314 1966 2360 ter; Vno modo quantum ad perfectiones naturales. Alio
1130 2353 1817 2404 modo quantum ad perfectiones accidentales.
1166 2393 1603 2442 Hic pono duas conclusiones.
1164 2429 1963 2476 Prima est, quod Deus rem creatam potest facere me¬
1128 2468 1969 2526 liorem quantum ad perfectiones accidentales, ipsa re ma
1140 2506 1461 2556 nente realiter eadem.
1169 2549 1967 2593 1 Quia illud, quod potest natura, hoc Deo non debet
1133 2581 1969 2631 denegari; sed manente eadem re secundum essentiam
1131 2629 1979 2683 suam, natura facit eam magis perfectam secundum gra¬
1137 2664 1978 2718 dus accidentalium perfectionum, ergo &c. Maior mani¬
1140 2707 1967 2754 esta est de se. Minor patet, quia homo infirmus quando¬
1137 2747 1980 2792 que fit naturaliter sanus, & minus sanus magis sanus,
1128 2780 1327 2830 & sic de aliis
1159 2822 2001 2874 2 Praeterea D August. super Seniait, Potuit Deus fa¬
1140 2863 2001 2921 cere hominem, qui nec peccare vellet, nec peccare posset;
1135 2901 2001 2946 sed nulli dubium, quin talis homo esset perfectior homi
1128 2941 1686 2985 ne, qui vult & potest peccate, ergo &c
1175 2982 1979 3027 3 Praeterea, si creatura non posset fieri melior, aut hoc
1143 3024 1975 3069 esset pro tanto, quia Deus non posset plus dare de perfe
1146 3056 1975 3114 ctione, aut quia creatura non plus posset recipere. Non
1137 3105 1976 3155 primum, quia etiam miserrimo homini Deus potest da¬
