2406 3565
444 276 1304 343 ne ad constituendum vniuersum, ergo &c. Maior est nota
441 336 1295 384 de se, & minor patet ex praedictis in praecedentibus con¬
437 376 678 424 clusionibus.
453 408 1304 458 Sed contra illam conclusionem est Aristotelis i. coeli
441 446 1289 499 & mundi, vbi nititur multipliciter probare, quod impos¬
431 485 1292 542 sibile sit alium mundum, siue aliud vniuersum esse. Vnde
438 530 884 585 ex dictis suis potest argui sic.
460 572 1305 621 1 Illud, quod est simpliciter perfectum, hoc multiplica¬
437 605 1287 666 ri non potest; mundus est simpliciter perfectus, ergo &c.
451 644 1295 700 2 Praeterea, si plures essent mundi, autm differrent solo
449 686 1292 737 numero, aut specie. Non potest dari primum: quia indiui¬
438 730 1297 779 dua solum numero differentia non sunt per se intenta a
447 760 1286 814 natura: vniuersum autem est maxime intentum, cum in
437 800 1295 857 se contineat bonitatem omnium. Nec secundum: quia
444 846 1294 895 cum vniuersum sit simpliciter perfectum, nulla species
444 876 1304 940 potest sibi deficere; igitur si essent duo vniuersa specie dif
444 925 1302 973 ferentia, iam neutrum esset vniuersum eo, quod neutrum
453 959 1302 1013 esset perfectum.
440 989 1307 1062 3 Praeterea, si essent duo mundi, vel duo vniuersa, tunc
456 1036 1302 1091 essent duo primi motores simpliciter, vel saltem duo mo
446 1077 1292 1127 tores aeque distantes ab ipso Deo consequentia patet: quia
452 1124 1304 1167 vel illi duo mundi haberent duos motores aeque primos,
458 1154 1305 1205 vel ad minus haberent duos motores aequalis perfectio¬
444 1197 1293 1252 nis, qui ratione huiusmodi aequalitatis aequaliter distarent
449 1235 1305 1287 ab ipso primo, scilicet ab ipso Deo. Falsitas consequentis
446 1276 1292 1334 patet: quia si datur primum, tunc essent duo Dij. Si secun
456 1313 1296 1364 dum, tunc in separatis a materia essent aliqua plura solo
449 1350 1295 1407 numero differentia: quia quae aeque distant a primo, non
449 1399 1306 1451 possunt differre specie; Vtrumque autem illorum secundum
442 1436 911 1495 philosophum est impossibile.
463 1470 1299 1523 4 Praeterea, terra illius alterius mundi, vel semper vio
450 1511 1308 1562 lenter detineretur extra medium istius mundi, vel quan¬
459 1551 1310 1600 doque naturaliter descenderet ad centrum istius mundi
456 1585 1308 1640 propter inclinationem naturalem, quam haberet ad es¬
450 1628 1220 1676 sendum deorsum, quorum vtrumque est impossibile:
540 1668 1308 1721 Praeterea, situs, quem haberet terra in alio mundo, aut
453 1709 1305 1759 esset sibi naturalis, aut violentus. Non naturalis: quia cor
455 1755 1298 1798 pus, cuius naturalis situs est superior, illud est formalius;
453 1788 1292 1833 sed ille alius mundus, & per consequens terra eius esset
455 1831 1302 1870 superior coelo istius mundi, ergo illa terra esset forma¬
452 1860 1305 1911 lior coelo istius mundi, quod est inconueniens. Nec
453 1909 1289 1950 violentus: quia omne violentum est praeter ordinem na¬
450 1945 1305 1989 turalem, sed partes mundi debent habere ordinem natu¬
450 1981 1302 2026 ralem. Etiam dato, quod violenter ibi maneret aliquo tem¬
452 2029 1298 2075 pore, hoc tamen non posset semper durare, cum nullum
455 2060 1298 2105 violentum possit esse perpetuum, vt philosophus ibidem
456 2097 1305 2146 ait, ergo quandoque naturaliter descenderet, quia inde res
451 2140 1265 2190 mouetur naturaliter, vbi detinetur violenter.
469 2176 1313 2223 8 Praeterea, illud, quod constat ex tota sua materia, non
449 2218 1314 2262 est plurificabile; sed mundus constat ex tota sua materia:
462 2258 1314 2305 Maior & minor ponuntur ab Aristotele ibidem.
471 2298 1301 2344 7 Praeterea ex dictis aliorum potest sic argui; Deus non
455 2341 1311 2386 potest facere illud, quod si fieret, esset vanum, & superfluum.
460 2376 1302 2422 illa patet in lib. de coelo & mundo, vbi dicitur, quod Deus, &
455 2417 1311 2461 natura nihil faciunt frustra: sed si fieret aliud vniuersum,
458 2450 1307 2499 hoc esset huiusmodi: quia vt dicitur 1. physicorum, frustra
450 2494 1145 2545 fit per plura quod potest fieri per pauciora.
474 2535 1307 2575 3 Praeterea, sifieret alter mundus, vel fieret in eodem
456 2570 1314 2621 loco cum illo mundo aut in alio; Non potest dari primum:
458 2612 1301 2655 quia tunc duo corpora essent simul in eodem loco; Nec
460 2651 1308 2697 secundum: quia extra istum mundum non est dare aliquem
460 2691 1308 2741 realem locum, vt patet 3. physicorum, vbi Arist. reprobat
456 2726 1301 2771 Pitagoram, qui infinitum locum, seu spacium posuit ex¬
462 2770 805 2816 tra supremum coelum.
497 2803 1311 2858 Sed propter illa & consimilia sophismata non est limi¬
452 2845 884 2893 tanda infinita Dei potentia.
503 2883 1311 2927 Ideo ad primum dicendum, quod esse simpliciter per¬
463 2926 1313 2976 fectum dupliciter potest intelligi; Vno modo absolute &
462 2964 1296 3016 omnimode, Alio modo in genere. Primo modo non po¬
461 3004 1316 3049 test multiplicarit, vt sic enim solus Deus est perfectus, qui
455 3046 1302 3095 est vnus tantum, vt patet 12. metap. Alio modo perfecto
459 3084 1314 3133 simpliciter non repugnat multiplicatio; Plures enim pos
453 3120 1310 3180 sunt esse substantiae, quarum quaelibet in genere, & in spe
1344 268 2190 333 cie sua est perfecta. Modo licet vniuersum creatum secun
1341 325 2199 369 do modo dicatur esse perfectum, tamen non primo mo¬
1340 369 2198 408 do, & ideo multiplicari sibi non repugnat.
1340 408 2195 452 Ad secundum dicendum, quod proprie loquendo vni¬
1338 451 2195 492 uersum nec est vnum numero, nec vnum specie; sed est v¬
1338 491 2183 533 num vnitate ordinis rerum differentium specie.
1353 528 2198 577 Ad tertium nego consequentiam: quia posset Deus u¬
1337 562 2198 604 num mundum facere perfectiorem alio mundo, & tunc
1344 607 2195 654 primi motores supremorum caelorum huiusmodi mundo
1341 649 2195 691 rum non distarent aeque a primo principio. scilicet ab ipso Deo:
1346 679 2189 729 Nam primus motor supremi orbis nobilioris mundi esset
1345 717 2194 765 pefectior primo motore alterius mundi, & per consequens
1346 762 2196 803 minus distaret a Deo: Sed posito, quod illi duo mundi es¬
1347 799 2193 843 sent aequalis perfectionis, tunc philosophice loquendo,
1347 843 2197 890 oporteret praedictos duos motores aeque distare a primo
1351 882 2200 927 principio: quia philosophi secundum proportionem or¬
1338 915 2193 967 bium posuerunt proportionem perfectionis appropriato
1345 957 2198 1000 rum motorum, & ideo propter aequalitatem celorum il¬
1347 995 2198 1045 lorum aequalium mudorum motores eorum essent aequa
1340 1034 2198 1085 les, & per consequens a Deo aeque distantes Conceden¬
1346 1077 2191 1120 do igitur, quod isti duo mundi possint esse aequales, tunc
1344 1113 2189 1158 dico, quod secunda pars consequentis non est impossibi¬
1350 1149 2196 1204 lis. Ad probationem dico, quod de potentia Dei absolu¬
1353 1195 2193 1247 ta possunt esse plures separatae substantiae solo numero
1343 1234 1962 1288 differentes, vt intendo probare libro 2.
1383 1263 2210 1327 Ad quartum dicendum, quod neutrum illorum incom¬
1357 1313 2190 1363 uenientium sequeretur. Ad probationem dicendum, quod
1347 1352 2198 1399 terra alterius mundi nullam inclinationem haberet ad
1352 1388 2182 1439 centrum illius mundis sed haberet naturalem inclinatio
1353 1431 2196 1474 nem ad centrum, seu ad medium illius mundi, in quo crea
1344 1471 2193 1521 ta esset a Deo, & ideo non violenter, sed naturaliter quie
1350 1511 2194 1553 sceret in medio eiusdem mundi. Vnde si illa terra mo¬
1352 1552 2189 1600 ueretur versus centrum illius mundi, tunc non descen¬
1356 1589 2193 1642 deret, sed potius ascenderet: quia non posset moueri uer¬
1357 1629 2199 1673 sus centrum istius mundi, nisi moueretur versus circum¬
1347 1671 2202 1717 ferentiam caeli illius mundi, in quo esset creata: Motus
1353 1707 2193 1751 autem ad circumferentiam proprie loquendo est motus
1356 1747 2200 1794 ursum, sicut a circumferentia ad medium est motus
1356 1784 1770 1835 deorsum.
1350 1831 2201 1872 Ad quintum dicendum, quod ille situs esset naturalis
1351 1866 2193 1910 terrae alterius mundi. Ad probationem dicendum, quod
1362 1906 2199 1950 illa terra non esset superior coelo istius mundi: quia sicut
1358 1944 2190 1988 in isto mundo accipitur, sursum & deorsum, superius & in
1350 1979 2201 2028 ferius, per comparationem ad ea, quae sunt infra istum mun
1350 2024 2196 2073 dum & non extra: nam appropinquatio ad coeli circumfe
1351 2062 2193 2103 rentiam est esse sursum, seu superius; sed appropinquatio
1350 2110 2193 2164 ad centrum est esse deorsum; sic eodem modo esset in
1347 2140 2126 2189 alio mundo, si Deus faceret alium mundum.
1353 2177 2199 2235 Ad sextum dicendum, quod licet illud, quod constat
1362 2218 2193 2272 ex tota sua materia non sit plurificabile virtute naturalis
1356 2260 2192 2308 agentis, quod in sua actione materiam praesupponit, pote
1350 2302 2195 2354 rit tamen plurificari virtute diuina, quae materiam simul
1353 2340 2192 2392 cum re materiali producit, & in sua actione nihil praesupponit
1359 2377 2205 2424 Ad septimum nego minorem. Ad probationem dicendum
1362 2413 2193 2464 quod posita alterius mundi creatione, tunc non fieret
1362 2458 2195 2503 per plura quod aeque bene fieret per pauciora: quia sicut
1359 2501 2195 2552 istud vniuersum est necessarium, & non superfluum pro
1355 2536 2192 2579 rebus istius vniuersi: sic illud vniuersum non esset super¬
1362 2571 1820 2623 fluum pro rebus illius vniuersi.
1398 2611 2200 2669 Ad octauum dicendum, quod fieret in alio loco, qui ta
1361 2654 2199 2698 men locus non praecederet illius mundi productionem
1352 2689 2199 2747 sed simul cum ipso mundo Deus huiusmodi locum pro¬
1365 2729 2205 2773 duceret: Sicut enim productionem istius mundi non prae
1359 2774 2199 2823 cessit aliquis locus realis, in quo fieret iste mundus, sed
1368 2807 2196 2856 Deus simul produxit locu, & locatum, sic eodem modo
1352 2852 2206 2898 fieret, si Deus alium mundum produceret: nam sicut in
1358 2887 2198 2946 isto mundo aqua est locus terrae, aer locus aquae, ignis
1359 2926 2192 2976 locus aeris, sphaera lunae locus ignis; & sic ascendendo vs¬
1356 2968 2199 3015 que ad supremum coelum semper corpus circundans est
1359 3006 2208 3062 locus corporis circumdati; Cum autem peruentum est
1362 3050 2198 3100 vsque ad supremum coelum, hoc non dicetur esse in lo¬
1357 3088 2208 3140 co sic, quod sit in aliquo, cum extra ipsum nullum sit cor
1363 3124 2201 3175 pus: sed, si dicitur esse in loco, hoc solum dicetur pro tanto,
