2421 3545
234 248 1087 326 nuntur contradictorie Secundo modo opponuntur
246 322 1100 364 quasi contrarie. Primo igitur modo accipiendo haec
250 352 1098 404 est vera, Deus non vult mala fieri: quia ad veritatem il¬
244 392 1100 436 lius propositonis sufficit, quod malum fiat pretet uolun¬
249 441 1097 482 tatem diuinam. Sed secundo modo non est vera: quia
237 471 1093 521 tunc esset sensus, quod fieret contra voluntatem diui¬
253 510 1104 552 nam, puta non solum Deo non volente, sed fieret etiam
252 550 460 601 Deo nolente,
301 560 1088 636 Ad quintum dicendum, quod sicut patet per Magistrum
246 629 1090 678 dist. 45. voluntas Dei quandoque accipitur proprie, & sic
250 677 1091 717 dicitur voluntas beneplaciti, & haec voluntas est vna tan¬
243 705 1089 755 tum, sicut est vnus Deus, & de hac voluntate dictum ess
241 742 1095 798 superius, quod contra eam nihil potest fieri, quamuis praeter
247 781 709 838 eam multa peccata fiant.
282 820 1085 871 Quandoque vero accipitur large, & quasi metaphori
253 866 1087 914 ce, & sic quinque modis accipitur voluntas Dei propte
262 895 1085 952 quod scriptura quandoque loquitur pluraliter de volun
250 947 1100 986 tate Dei, iuxta illud Psal. Magna opera domini exquisita
243 973 1091 1028 in omnes voluntates eius; Et sic appellatur voluntas si¬
248 1012 1094 1071 gni, iuxta quinque, quae videntur esse signa diuinae volun
240 1056 1103 1110 tatis, scilicet praeceptio, prohibitio, consilium, permis¬
253 1090 1100 1146 sio & operatio, quae alio nomine dicitur ipletio; & il¬
244 1135 1107 1189 la ouinque, qui uoluerit, potest comprehendere hoc
255 1179 404 1235 versiculo.
292 1182 1095 1264 Praecipit & prohibet, permittit, consulit, implet. Pro
261 1248 1104 1312 praecepto, & consilio accipitur voluntas, cum dicitur Deo
258 1287 1103 1346 patri, Fiat voluntas tua sicut in coelo, & in terra; Et istis
262 1330 1087 1381 duobus modis multa fiunt non solum praeter volunta
262 1378 1103 1419 tem Dei, verumetiam contra voluntatem Dei, & secun¬
255 1410 1100 1460 dum istum intellectum ait Augu. in libro de spiritu & lit
258 1455 1104 1499 tera, Infideles contra Dei voluntatem faciunt, cum eius
262 1482 1098 1544 euangelio non credant: Sed pro permissione, & ope¬
250 1535 1106 1577 ratione accipitur in proposito ab Augusti,. cum ait. Non
255 1559 1110 1621 fit aliquid, nisi omnipotens Deus ficri velit quia post haec
258 1602 1104 1651 verba subdit August. immediate, vel sinendo vt fiat, vel ip
255 1652 1106 1699 se faciendo. vVbi per hoc quod dicit sinendo tangit per¬
255 1679 1104 1729 missionem, quae est signum voluntatis diuinae respectu
261 1723 1106 1775 malorum modo, quo superius dictum est. Per hoc, quod di¬
262 1769 1088 1810 cit, vel ipse faciendo, tangit signum voluntatis diuinae
256 1803 1100 1853 quod est impletio, seu operatio: Et per hoc etiam pate
252 1834 1106 1891 ad argumentum: quia August. ibi non loquitur praecise
273 1883 1103 1928 de voluntate beneplaciti, quae est voluntas proprie dicta
261 1916 1110 1972 de qua loquitur illa opinio falsa, pro qua induxi praedi¬
272 1963 469 2010 ctas rationes.
305 1968 1106 2056 Ad sextum dicendum, quod neutra illarum propositoni
261 2028 1118 2082 est concedenda necessario: quia potest concedi media, sci
261 2073 794 2132 licet haec Deus non uult mala fieri
310 2090 1109 2170 Forte dicetur, fieri & non fieri sunt contradictoria, sed
263 2150 911 2198 inter contradictoria non est dare medium:
308 2186 1115 2242 Respondeo, quod licet malum ficri, & malum non ficri sint
269 2228 1118 2281 contradictoria, tamen hae duae, Deus vult malum fieri, &
269 2265 1113 2320 Deus vult malum non fitri, non sunt contradictorie, eo
260 2307 1107 2364 que hoc verbum vult, quod est praedicatum in vtraque pro¬
273 2337 1119 2393 positone, vtrobique accipitur affii matiue. In contradi¬
270 2389 1118 2433 ctoriis autem propositonibus praedicatum affirmatum
276 2420 1110 2479 in vna, debet negari in alia, ideo dando medium inter
280 2459 1119 2509 praedictas duas propositiones, non datur medium inter
263 2503 508 2561 contradictoria.
313 2525 1116 2586 Secunda conclusio. Deus vult malum poenae, quia il¬
311 2576 1072 2629 lud, quod habet rationem boni, hoc vult Deus.
351 2614 1046 2670 sed malum poenae est bonum, & habet ratio¬
385 2655 992 2712 nem boni ergo &c. Maior patet: quia
428 2693 968 2755 Deus vult onine bonum. Proba¬
473 2731 920 2797 tio minoris: quia correctio
513 2771 887 2821 mali habet rationem bo¬
589 2811 815 2864 ni; sed malum
650 2856 750 2910 poenae
474 2879 921 2955 debitae inflictum est correctio
583 2928 815 2991 mali, ergo &c
1264 329 1869 405 ARTICVLVS IIL
1323 438 1799 526 Vtrum bonum sit mala fieri.
1162 554 1983 645 VA NTVM ad quartum articulum, vtrum bonum
1161 627 1976 675 sit mala fieri, pono duas conclusiones conformi-
1135 667 1780 721 ter ad praecedentia dicta in tertio articulo.
1152 709 1885 760 Prima est, quod malum culpae fieri non est bonum
1134 754 1996 796 1 Quia illud, quod non est bonum, illius vsus & gene
1147 787 1981 834 ratio non est bona, illa patet: quia cuius vsus est bonus, &
1142 821 1977 869 cuius generatio est bona, ipsum quoque est bonum, vt pro
1145 862 1998 905 tet 4. topicorum, ergo a destructione consequentis, quod
1147 899 2000 945 non est bonum, illius vsus & generatio non est bona: sed
1144 941 1982 990 malum culpae non est bonum, vt de se patet: quia ipsum
1149 979 1975 1022 est priuatio boni, ergo malum fieri, quod est vsus, vel ge¬
1149 1019 1664 1067 neratio mali non est bonum.
1165 1060 1990 1106 3 Preterea, si oppositum in opposito, & propositum in
1151 1097 1991 1141 proposito; sed bonum fieri est bonum, ergo malum fieri
1146 1134 1978 1177 est malum Maiorem ponit philosophus in topicis. Minol
1140 1177 1991 1223 de se patet, Et confirmatur: quia motus specificantur a ter
1140 1223 1988 1275 minis ad quos sunt: sed malum fieri terminatur ad ma¬
1143 1247 1641 1300 lum, ergo malum fieri est malum
1191 1289 1735 1344 bed oppositum istius potest argui sic.
1156 1331 1991 1383 1 Cnius vsus est bonus, ipsum quoque est bonum, ut
1150 1363 1981 1412 patet ex dictis in prima ratione pro conclusione; sed
1148 1405 1987 1463 Deus malefactis bene vtitur, vt patet per August. 11. de
1149 1440 1321 1502 ciuita. Dei
1166 1477 1987 1539 2 Praeterea, omne iustum est bonum; sed mala fieri est
1152 1535 2011 1575 iustum. Maior patet: Minor probatur: quia quod iuste a Deo.
1164 1575 2013 1615 ermittitur, hoc est iustum, sed malum culpae fieri iuste a
1148 1603 2013 1644 Deo permittitur, vt patet in Clo, super illud Apoca. Qui.
1143 1644 1646 1688 in sordibus est, sordescat adhuc
1172 1662 1982 1733 3 Preterea, illud, quod est causa boni maximi; illud es
1149 1719 1993 1761 bonum, sed malum fieri quandoque suit causa boni maxi
1156 1760 1991 1810 mi. Maior patet: quia effectus non est praestantior sua cau¬
1155 1796 1984 1839 sa. Probatur minor: quia crucifixio Christi fuit causa ma¬
1158 1846 1992 1886 cimi boni, scilicet liberationis totius generis humani, &
1155 1876 1998 1927 tamen ipsam fieri fuit malum, alias non peccassent ludaei
1146 1922 1699 1962 a quibus processit illud fieri, ergo &c.
1197 1933 1990 2005 Ad primum dicendum, quod duplex est vsus rei. Vnus
1156 1997 2015 2039 naturalis, ad quem res de sui natura ordinabilis est. Alius
1153 2031 1995 2084 accidentalis, ad quem res ordinatur non ex sui natura,
1149 2076 1996 2121 sed ex voluntate vtentis. De vsu primo modo dicto ma¬
1154 2113 2001 2155 ior est vera, sed non de vsu secundo modo dicto: sic enim
1171 2154 1991 2202 potest quis bonis male vti: multi enim vtuntur bono vi¬
1152 2186 1996 2233 no ad malum ebrietatis, & malis bene vti, sicut homo
1160 2225 1994 2278 sanctus persecutione mala vtitur bene, cum ad laudem
1155 2266 1996 2310 Dei ipsam patienter tolerat : Cum igitur minor proce¬
1154 2308 2000 2354 dat de vsu secundo modo dicto; quia malesacta ex sui
1170 2352 2004 2394 natura non sunt ordinabilia in bonum usum, quamuis
1161 2385 1999 2434 hoc possit fieri ex bona uoluntate vtentis; igitur ratio
1170 2424 1373 2475 non concludit
1197 2467 2006 2514 Ad secudum dicendum, quod maior non est vera in sua to
1165 2503 1999 2548 tali vniuersalitate inquantum Iy omne distribuit iustum
1157 2541 2008 2594 tam pro iusto per se, quam pro iusto per accidens: quia li¬
1163 2584 1999 2632 cet illud, quod est per se iustum, sit bonum, hoc tamen non
1162 2618 2008 2667 semper est verum de eo, quod est per accides iustum: hoc
1162 2665 2005 2709 n potest esse malum, sed malum fieri quamuis per accident
1174 2695 1871 2746 possit esse iustum, tamen per se non est iustum,
1200 2735 2013 2778 Ad tertium dicendum, quod sicut frigus quandoque per
1162 2776 2010 2814 accidens est causa caloris, sic quandoque malum non per
1170 2813 2011 2862 se, sed per accidens est causa boni; quamuis ex hoc non se
1169 2849 2015 2899 quatur, quod malum fieri sit bonum: quia causa per accidens
1171 2890 2012 2938 inquantum huiusmodi nec formaliter, nec virtualiter
1179 2936 2009 2975 continet effectum, seu perfectionem effectus. Ad for¬
1176 2968 2011 3013 mam igitur argumenti dicendum, quod maior non est ue
1173 3013 2018 3051 ra de com, quod est per accidens causa boni, & cum dicitur
1177 3046 2018 3098 in minorem, quod malum & cetuerum est per accidens
