2466 3573
835 1373 1109 1427 DIT AEISSVSs vo¬
843 1417 1104 1469 em suam. Sicut
846 1458 1099 1508 patet ex his, quae
847 1496 1104 1547 dicta sunt in prin
833 1535 1097 1591 cipio primi libri
846 1575 1104 1620 cunctorum crea¬
852 1614 1100 1663 orum productio
850 1650 1096 1701 liberalissima, ex
842 1691 1106 1743 qua secundi libri
837 1731 1098 1784 sententia est com
846 1769 1091 1821 mendabilis, & spe
845 1811 1097 1860 ciosa notatur in
841 1847 1091 1905 verbis assumptis
833 1887 1093 1938 cum de cunctorum
839 1926 1088 1983 creatore praemit
237 1976 1094 2022 titur, D E DIT, vt de hoc exponatur illud, Deditque es
244 2009 1087 2057 Caleph irriguum superius, & irriguum inferius: Vbi pri¬
240 2057 1090 2102 mo intelligere possumus Dei largientis pulcherrimam
252 2092 1094 2135 venustatem. Secundo mundi recipientis miserrimam mo
240 2125 1090 2180 bilitatem, seu instabilitatem; Et tertio doni procedentis
244 2168 1084 2215 vberrimam satietatem. Targientis venustatem intelligi¬
243 2213 1096 2253 mus hoc nomine Caleph. quod interpretatur omne con
240 2242 1097 2301 viride, & signat ipsam creatricem Dei essentiam, in qua
241 2284 1087 2337 omnis creatura virens est, & viuens. Quod libet enim cre¬
249 2326 1096 2370 tum quamuiscumque in se sit marcidum, & mortuum, in
248 2368 1090 2415 Deo tamen exemplariter existens est viride & viuum
245 2405 1090 2453 quia quod factum est in ipso vita erat. Secundum, scilices
241 2448 1084 2495 suscipientis instabilitatem intelligere possumus in comn
252 2486 1096 2531 quod refert hoc pronomen relatiuum ei, puta nomen
246 2516 1097 2567 Axae filiae Caleph; Axa enim interpretatur furor, vel furi
249 2561 1087 2610 bunda, & signat mundi machinam, quae sic est furiosa, qua
246 2597 1084 2648 ibi derelicta numquam in eodem statu permanet. Qu
246 2634 1097 2697 quasi fsos egreditur, & conteritur, & fugit velut vmbra, &
240 2679 1084 2735 numquam in eodem statu permanet: lmmo ad nihilum
243 2725 1088 2768 tenderet, sicut ab exordio producta est de nihilo. Sed pro
240 2763 1093 2803 cedentis doni copiositatem, seu satietatem, intelligimus
248 2791 1094 2847 nomine irrigui superioris, & inferioris, quo pulchre com
243 2840 1082 2892 prehenditur omnis creatura, spiritualis scilicet & corpo
247 2870 1082 2923 ralis: puta spiritualis per irriguum superius, corporalis v
254 2915 1097 2958 ro per irriguum inferius: quorum irriguorum primum
255 2949 1091 3001 tangit Psal. cum ait. Rigans montes de superioribus suis
243 2990 1096 3040 &c. Secundum tangit Sene. 2 cum dicitur, Fons ascende
254 3027 1087 3080 bat de terra itrigans vniuersam superficiem terre; Sed li¬
252 3067 1098 3120 cet isto modo posset comprehendi sententia totius istius
245 3116 1078 3171 libri, tamen quia in isto secundo libro principaliter tra
1144 1375 1982 1419 ctatur de homine, ad cuius vsum & ministerium omne
1137 1418 1985 1471 aliud creatum dignoscitur esse productum, siue sit corpo
1146 1455 1979 1509 ralis, siue spiritualis creatura, vt patet ex dictis Magist. in
1148 1495 1973 1540 prima distinctione istius secundi libri: ldeo praedicti doni
1143 1540 1973 1587 vberrimam largitatem, superiori & inferiori expressam
1138 1575 1972 1621 irriguo ad solum hominem applicando dicere possum
1152 1617 1985 1662 quod Deus creator omnium tamquam duplex irriguum
1143 1656 1972 1695 dedit ipsi homini duplicem viuendi statum, puta statum
1146 1693 1982 1738 innocentiae in quo hominem primordialiter procreauit;
1143 1731 1998 1781 statu poenitentiae, quo honem post peccatum misericorditer
1141 1771 1998 1827 recreauit. Primus status notatur irriguo superiori, secun¬
1136 1810 1973 1854 dus inferiori. Istorum primum puta statum innocentia
1139 1847 1978 1893 tangit August. 1. de baptismo paruulorum dicens, Si Adam
1133 1887 1973 1936 non peccasset, non erat expoliandus corpore, sed super¬
1139 1932 1978 1975 uestiendus immortalitate: neque enim metuendum fuit
1137 1969 1982 2015 vt diutius hic viuendo in corpore animali senectute gra
1133 2002 1971 2054 uaretur, & paulatim veterascendo veniret ad mortem: si
1135 2052 1982 2095 enim dominus lsraelitarum vestimentis & calciamentis
1134 2080 1983 2134 hoc praestitit, quod per tot annos non sunt obtrita, quid
1137 2126 1979 2175 mirum si obedienti homini eiusdem potentia praestare¬
1142 2168 1998 2208 tur. Et paucis interpositis subdit, Habebat, quantum exi¬
1135 2197 1998 2249 stimo, de lignorum fructibus refectionem contra defectio.
1132 2247 1980 2288 nem, & de ligno vitae stabilitatem contra vetustatem. Et
1139 2282 1973 2328 eandem sententiam tangens Hugo de sancto victore li¬
1149 2328 1967 2368 t. de sacramentis ait, Primi hominis corpus sanum, & in
1139 2358 1968 2412 tegrum Deus condiderat, sanum quia nihil illi inerat ad
1144 2398 1969 2443 corruptionem; integrum, quia nihil illi deerat ad perfe¬
1136 2440 1970 2483 ctionem: Ipse autem homo ingratus de tanto beneficio
1143 2471 1979 2521 non reddidit gratiarum actionce, sed magis se conuertit
1139 2516 1963 2565 ad proprias affectiones, & abutendo libero arbitrio, pec¬
1142 2553 1964 2605 ctati sui demerito a culmine superioris irrigui cecidit, na
1145 2599 1973 2645 turalem suam innocentiam perdidit, & in seipso fragilita
1137 2628 1978 2678 tem, labilitatem, ac mortalitatem inuenit; Nec mirum;
1133 2678 1966 2716 quia, vt dicit bern. Ingratitudo est ventus vrens siccan¬
1143 2706 1979 2754 ontem pietatis, venam miser icordiae & fluenta gratie;
1139 2747 1965 2806 In huiusmodi autem mortalem siccitatem ipse homo de
1146 2796 1966 2835 ienit ex hoc, quod elegit ignem propriae concupiscentiae
1140 2832 1969 2873 & rigantem aquam reliquit supernae sapientiae, quod be¬
1140 2869 1970 2911 ne tangit August. in lio de quattuor virtutibus cardina¬
1145 2902 1964 2953 ibus, dicens; Primus ille homo accepit liberum arbitrit
1137 2951 1976 2992 rectum, & posuit ante illum Deus sicut scriptura dicit
1134 2984 1964 3029 ignem & aquam, ad quod volueris inquit porrige mant
1140 3019 1964 3066 tuam, & elegit ignem, reliquit autem aquam, De qua elu
1142 3058 1964 3110 ctione pessima fons sapientiae verbunm Dei in excelsis com¬
1146 3102 1970 3167 queritur dicens, Duo mala fecit populus meus, me dere¬
