2396 3538
204 227 1083 307 mantiam, sicut duae albedines respectu eiusdem subie¬
210 292 1073 345 cti: quia illa lumina non sunt eiusdem speciei, specie
210 335 1082 378 differentia autem non habet materialem repugnantiam,
215 370 1078 416 nec repugnant formaliter: quia repugnantia formaliter,
214 406 1073 455 superinnascitur ex aliquo genere oppositonis, sed duo
216 450 1067 496 lumina non opponuntur contradictorie, nec priuatiue
210 493 1067 534 quia vtrumque dicit ens vere posituum: nec contrarie
217 528 1073 581 quia lumen luminis non contrariatur, sed tenebre. Item
222 564 1073 613 sicut fides contrariatur insidelitati, sic lumen fidei tene¬
217 605 1064 654 btae infidelitatis: sed vnum vni est contrarium. Nec oppo
213 651 1069 693 nitur relatiue, sicut de se patet: quia relatiua sunt simu
217 680 1073 739 natura, & posita se ponunt, & perempta se perimunt, fides
212 728 860 771 autem praecedit gloriam.
249 730 1069 809 Sed contra hant veritatem potest argui sic. Fides, &
209 806 1075 849 scientia non possunt stare simul, igitur nec fides, & clara
212 839 1064 887 visio poterunt stare simul: consequentia patet, quia fides
215 879 1064 926 & intuitiua visio magis videntur repugnare, quam fides, qui
221 917 1082 969 scientia, Sed antecedens a multis probatur multipliciter.
234 961 1072 1009 Primo sic. Fuidens, & non euidens conrradicunt, &
224 1003 1075 1053 per consequens in eodem respectu eiusdem se non com¬
227 1037 1074 1085 patiuntur, sed de ratione scientiae est euidentia, cum sit
225 1075 1082 1120 habitus demonstratiuus, de ratione fidei est ineuidentia,
221 1116 944 1166 quia fides est credere quod non vides, ergo &c
231 1125 1076 1202 2 Praeterea, fides, & opinio non possunt simul stare,
228 1195 1079 1242 ergo nec fides & scientia : consequentia patet: probatur
229 1240 1067 1285 antecedens quia de ratione opinionis est adhaerere cun
225 1269 1067 1318 formidine, de ratione fidei est adhaerere firmiter, & sin
225 1315 620 1365 omni formidine; ergo &c
232 1321 1079 1402 3 Praeterea, possibile non assentire, & non possibile
216 1398 1067 1445 non assentire, contradicunt, quia vna est de secundo an¬
216 1424 1067 1486 gulo modalium, & alia de quarto, sed habens fidem po
215 1475 1073 1517 test non assentire: quia vt ait Aug. cum cetera possit ho¬
219 1511 1073 1560 mo, volens credere non potest nisi volens, sed sciens non
227 1554 1079 1599 potest non assentire, cum demonstratio aggenerans scien
226 1583 834 1633 tiam sit necessario concludens
230 1629 1072 1679 4 Praeterea, nullum medium compatitur alterum
216 1663 1080 1716 extremorum secundum suam perfectam naturam, sed fi-
225 1705 1070 1751 des est medium inter scientiam, & opinionem ergo &c
224 1745 1070 1795 Maior patet, quia secundum philosophum. 53. physicorum
228 1788 1084 1836 medium comparatum ad alterum extremorum, habet
231 1828 1079 1873 rationem contrarij, & sortitur condicionem alterius ex¬
228 1857 1056 1918 tremi, sed minorem ponit Hugo lib. 1. de sacramentis.
243 1894 1080 1950 Praeterea, accidentia ordinata ad opposita, & con¬
231 1934 1082 1985 traria se habentia ad ea, illa sunt opposita, & simul incon¬
237 1974 1076 2034 possibilia, vt albedo, & nigredo, quia ordinantur ad dis¬
236 2010 1076 2074 gregare, & congregare &c. sed fides, & scientia ordinan¬
221 2063 1070 2117 tur ad non videre, & videre siue ad obscure videre & cla¬
221 2099 506 2152 retvidere, ergo &c
242 2106 1067 2188 4 Praeterea, eadem potentia respectu eiusdem obie
223 2175 1073 2223 cti, non potest simul esse perfecta & imperfecta, sed noti¬
228 2220 1079 2268 tia fidei est imperfecta, scientiae vero est persecta, ergo &c.
245 2252 1075 2305 2 Praeterea, sicut impossibile est in eadem parte ocul
230 2292 1079 2343 simul esse duas dispositiones respectu eiusdem obiecti,
222 2339 1073 2384 quarum vna disponitur ad clare videndum ficut aquila
232 2366 1070 2423 & altera ad obscure videndum sicut noctua. Sic impossi
224 2414 404 2464 bile est &c.
253 2413 1079 2497 3 Praeterea, fides facit adherere credibilibus solum pro¬
241 2494 1085 2543 pter auctoritatem dicetis, sed solum est dictio exclusiua,
237 2537 1076 2578 & per consequens excludet omnem aliam adhaesionem
241 2574 1078 2617 9 Praeterea, ad idem arguitur sic. Perfectum, & imper¬
233 2611 1076 2661 fectum secundum idem genus non se compatiuntur in
243 2635 1077 2695 eodem, sed scientia, & fides distinguutur in genere assen
240 2682 1079 2736 sus, sicut perfectum & imperfectum: quia scientia facit as¬
227 2724 833 2781 sensum perfectum & fides imperfectum
229 2762 1076 2816 10 Praeterea, si fides & scientia starent simul, tunc vnus
234 2804 1076 2853 & idem intellectus inclinaretur in idem oblectum diuersis
240 2848 1084 2893 inclinationibus, quarum vna esset simpliciter perfecta: con¬
231 2888 1073 2930 sequens est falsum, ergo & antecedens consequentia pa¬
240 2916 1079 2973 tet, probatur falsitas consequentis dupliciter. Primo,
236 2961 1075 3013 quia impossibile est vnum & idem mobile in vnum, u
235 3009 1069 3049 eundem terminum inclinari diuersis inclinationibus
245 3034 1068 3085 nisi pro tanto, quod quaelibet illarum est imperfecta. Se
242 3083 1078 3138 cundo, quia licet idem intellectus diuersis demonstra¬
1119 256 1964 307 tionibus inclinari possit in eandem conclusionem, opor¬
1123 298 1971 343 tet tamen, quod nulla illarum sit potissima: quia si vna
1116 334 1969 381 illarum esset potissima aggregans omnes causas, illa om¬
1123 369 1970 419 nes alias euacuaret: nec aliquam aliam secum compate¬
1122 413 1413 462 retur, sic &c.
1143 420 1965 504 1 Praeterea, sicut se habet opinio ad formidinem, sic
1123 491 1968 542 fides ad enigma: sed formido est de intrinseca ratione
1126 531 1972 575 opinionis, propter quod non compatitur scientiam secun
1128 572 1962 615 in, eodem intellectu, respectu eiusdem obiecti, ergo enigma
1126 614 1970 656 erit de intrinseca, & essentiali ratione fidei, ergo &c.
1117 651 1974 697 Sed illa non concludunt: ergo contra praedictum an¬
1123 691 1964 738 tecedens arguo sic. Abstractiua, & intuitiua cognitio,
1120 731 1967 772 respectu eiusdem obiecti creati: simul se compatiuntur in
1119 769 1971 808 eodem intellectu angelico, ergo fides, & scientia respe¬
1128 803 1966 847 ctu eiusdem obiecti simul se compati poterunt in eodem
1129 847 1959 890 intellectu humano: consequentia patet: quia tota repugnam
1122 886 1961 926 tia fidei ad scientiam (et vt dicitur ab aduersariis) esti quia
1125 925 1967 968 fides concernit ineuidentiam, scientia vero euidentia sed
1131 964 1967 1008 euidens & non euidens non magis videtur repugnare, quam
1134 1000 1971 1050 presens, & non praesens: quia abstrahit ab esse & non esse in
1131 1040 1968 1084 tuitiua vero concetnit necessario praesentiam rei intuitae:
1134 1080 1971 1128 atet, quod non maior est repugnantia fidei ad scientiam,
1122 1122 1959 1171 quam abstractiuae ad intuitiuam : cum non magis repu¬
1130 1160 1972 1208 gnet videns, & non euidens, quam praesens, & non prae¬
1125 1198 1964 1241 sens. Antecedens patet: quia angelus habens notitiam
1125 1232 1967 1279 abstractiuam ipsius eclipsis, vel cuiuscumque alterius res
1128 1278 1965 1320 antequam fiat: & postea huiusmodi re posita in actuali
1128 1316 1970 1361 praesentia, non amittit cognitionem illam abstractiuam
1123 1355 1968 1402 per hoc, quod ipsam tunc praesentialiter positam cogno¬
1125 1395 1976 1437 icit intuitiue, quia tunc in angelo caderet obliuio praete¬
1119 1434 1814 1480 ritorum, quod est falsum, ergo &c.
1137 1472 1967 1514 12 Praeterea, ad idem arguit quidam doctor sic. Ratio
1123 1513 1974 1561 nes formales fidei, & scientiae sunt compossibiles; ergo
1121 1549 1970 1595 & ipsa sunt compossibilia consequentia patet, probatur.
1129 1586 1959 1630 antecedens, quia assentire propter auctoritatem dicentis
1132 1629 1962 1671 est de ratione fidei; & assentire propter demonstrationem,
1129 1668 1959 1710 est de roioe scientiae: sed si quis ab aliquo experto astrologo
1126 1706 1958 1751 audiret, quod luna est minor terra; & hoc sibi credens po
1130 1742 1965 1792 stea hoc idem perciperet ratione, puta videret, quod vm¬
1133 1785 1967 1831 pra terrae, quae tamen est minor, quam terra, obumbrat,
1134 1824 1962 1869 aue eclipsat totam lunam, & per consequens, est maiori
1129 1862 1968 1910 quam luna habita huius euidenti notitia, non ex hoc¬
1135 1902 1957 1948 perderet fidem, quam prius habuit, sed magis in ea fir¬
1134 1943 1979 1986 maretur, quod patet etiam ratione, quia quandoenmque
1131 1979 1970 2025 sunt duo assensus eiusdem rationis, quicquid non repu¬
1128 2023 1968 2061 gnat, vni, nec alteri, sed assensus acquisitus per demon¬
1125 2053 1977 2106 strationem, quae praecedit fidem, & auctoritatem, est eius¬
1134 2095 1983 2150 dem rationis cum assensu acquisito per demostrationem.
1126 2136 1971 2191 sequentem auctoritatem, & primus non repugnat fidei,
1122 2174 1967 2223 immo facit, quod facilius creditur dicentis auctoritati,
1135 2218 1977 2260 ergo nec secundus. Et confirmatur, quia quandocumque
1123 2253 1973 2300 duo assensus sunt eiusdem rationis; id qudper se inclinat in
1132 2298 1970 2345 vnum per se, non tollit alium, sed potius ipsum confirmat:
1122 2329 1971 2375 sed demonstratio sequens vnam auctoritatem, & praece¬
1134 2369 1967 2419 lens aliam, facit, quod in secunda auctoritate facilius
1129 2411 1971 2458 creditur dicenti, quia naturaliter citius credimus dictis.
1132 2450 1966 2498 llius, cuius pristinam auctoritatem euidens demonstra¬
1130 2490 1976 2535 tio est subsecuta; igitur demonstratio praecedentis au¬
1132 2525 1977 2580 ctoritatis fidem, siue assensum non euacuat. Sed magis.
1125 2564 1277 2616 confirmat
1149 2592 1952 2650 13 Praeterea, praehabita demonstratione alicuius con
1128 2642 1967 2691 clusionis, saepius Aristoteles induxit auctoritatem cete¬
1131 2689 1968 2730 rorum, quem modum ctiam obseruant alij doctores, tam
1125 2723 1970 2764 catholici, quam philosophi: quod totum frustra fieret, nisi
1132 2767 1959 2812 udes ex auctoritate posset simul manere cum euidenti
1123 2800 1962 2852 scientia. Da oppositum, tunc vel auctoritas sequens de¬
1134 2840 1964 2889 strueret assensum demonstrationis praeuiae, quod est im¬
1128 2884 1967 2930 possibile, vel nihil generaret in intellectu; & tunc totali¬
1126 2922 1646 2963 ter frustra & inutiliter adduceretur.
1158 2958 1956 3000 Ad primam ergo probationem antecedentis superius
1130 2999 1970 3039 posit, dico, quod ad hoc, quod aliqua sint contradi¬
1122 3038 1973 3084 ctoria, non sufficit, quod sumantur respectu eiusdem, sed
1131 3076 1966 3125 etiam oportet, quod sumantur secundum idem:licet igi¬
