2345 3576
410 244 1267 314 tur euidens secundum scientiam, contradicat non euidem
412 300 1275 351 ti secundum scientiam, euidens tamen secundum scien¬
415 339 1266 389 tiam non repugnat ineuidenti secundum fidem. Etiam
416 380 1268 430 minor est falsa, quia habens certam scientiam, adhuc ap¬
410 422 1261 479 prehendens auctoritatem, cui prius per fidem adhaesit, ei
405 461 1266 509 dem poterit, post habitam scientiam, firmiter adhaerere, &
408 509 1268 548 ideo ineuidentia non est sic de intrinseca ratione fidei, quam
413 545 1163 587 necessario euidentiam scientiae excludat, ergo &c
435 573 1268 629 Ad secundum nego antecedens, quia licet opinio quam
416 618 1262 668 tum ad id, quod imperfectionis dicit: non possit simul sti
405 654 1269 700 re cum fide; quantum tamen ad substantiam habitus, ex¬
414 694 1264 748 clusa imperfectione, simul stat cum fide Propter quod di
414 733 1253 782 citur. 4 topicorum, quod fides est opinio vehemens. E
409 770 1250 825 similiter probatio deficit, quia illud non est de ratione op
412 816 1262 864 nionis, quod minuitur, & destruitur per opinionem: nihil
417 855 1270 902 enim minuit id, quod est de sua ratione essentiali, sed quam
415 892 1270 941 to opinio magis inualescit, respectu alicuius conclusionis
414 932 1261 977 tanto magis formido minuitur. Propter quod ait Poctius
417 968 1271 1017 Argumentum est ratio rei dubiae faciens fidem. Et appel
411 1010 1262 1059 lat ibi argumentum, rationem topicam generantem opi-
420 1048 1274 1093 nionem. Praeterea, opinio confirmat fidem, ergo potest
414 1090 1270 1135 stare cum ea. Antecedens probatur, quia videns Christum
412 1128 1262 1176 mortuos suscitare, habet probabile argumentum, & per
412 1170 1266 1213 consequens opinionem, quod ipse sit Deus, & mentiri non
417 1210 1258 1260 possit, quo posito confirmatur in eo articulus trinitatis
411 1244 1261 1295 quia Christus fecit mentionem de patre, & filio, & spititu
419 1285 1250 1328 sancto. Sciendum tamen, quod opinio dupliciter potest conside
410 1321 1256 1374 rari. Vno modo, secundum quod opinans existimat id, di
417 1366 1259 1409 quo est opinio, posse aliter se habere. Et vt sic opinio
411 1400 1255 1448 nec potest simul stare cum fide, nec cum scientia. Et illu
427 1435 1262 1486 modo, ait philosophus. 1. posteriorum, quod idem homo
416 1474 1260 1526 non potest simul de eodem habere scientiam, & opinio¬
411 1519 1265 1575 nem: Alio modo, accipitur opinio, secundum quod opi-
412 1553 1262 1608 nans per medium probabile, concludit aliquid sic esse, non
420 1598 1261 1646 actualiter attendens vtrum aliter, vel non aliter possit se
410 1642 1259 1690 habere. Et sic opinio potest simul stare tam cum fide, quam
423 1674 1256 1727 cum scientia, alias enim frustra Aristo. saepius adduxisse
423 1716 1262 1766 rationes probabiles, postquam adduxerat ad eandem con
410 1754 891 1801 clusionem rationes necessarias.
438 1792 1252 1841 Ad tertium dicendum, quod possibile non assentire, qui
417 1836 1261 1883 non possibile non assentire, non contradicunt, nisi suman
413 1873 906 1917 tur secundum eundem habitum.
453 1912 1253 1961 Ad quartum dicendum, quod duplex est medium, quod
417 1952 1263 2004 dam quod virtualiter participat vtrunque extremum, vt
402 1989 1249 2039 rubrum, quod mediat inter album & nigrum. Aliud es
423 2034 1249 2075 medium large dictum, quod secundum vnam conditio
407 2075 1256 2117 nem conuenit cum vno extremo, secundum aliam cun
405 2105 1254 2155 alio, sicut quantitas medium dicitur inter substantiam, qu
404 2150 1265 2199 qualitatem: conuenit enim cum substantia: quia etiam diui
419 2189 1249 2237 na virtute separata subiicitur qualitati, conuenit cum qua
417 2227 1259 2274 litate, quia sibi derelicta, inhaeret substantiae, sicut & qual
420 2263 1253 2310 tas. Sic & demostratio, quia mediat inter svllogismum proi
421 2307 1265 2352 babilem, & demonstrationem propter quid, habet enim
417 2347 1256 2396 maiorem certitudinem, quam ratio probabilis; & mino¬
416 2374 1265 2429 rem quam demonstratio propter quid. Et illo secundo
410 2417 1253 2472 modo sumendo medium; maior est falsa: quia tale medit
407 2460 1249 2508 non excludit extrema, est tamen illa maior aliquo modi
420 2503 1251 2545 vera de medio primo modo dicto. Et quia fides est me
415 2538 1256 2588 dium inter scientiam & opinionem secundo modo, & non
419 2578 896 2634 primo, ergo ratio non concludit
453 2619 1257 2664 Forte dicetur, quod eodem modo poterit responderi ac
420 2655 1265 2706 secundam rationem factam contra Henricum superius
418 2696 721 2750 quaestione 2 artic. i¬
455 2732 1262 2782 lstud non valet, quia medium, quod ponit Henricus,
417 2775 1252 2817 videtur esse medium primo modo dictum, quod patet pe
423 2819 1261 2861 exemplum aurorae, quo declarat suum propositum: quia
420 2857 1252 2898 ibi est medium compositonis, seu participationis: vbi mi
424 2889 1262 2938 dium sic intenditur respectu vinus extremi, quod remitti
417 2938 1262 2977 tur respectu alterius extremi: sed sic est de aurora, sicut
427 2972 1263 3027 patet per deductionem, quam ipsemet facit, ergo &c. Sed
420 3014 1262 3057 in proposito non est sic: quia per accessum fidei ad scien¬
426 3045 1187 3097 tiam: opinio non debilitatur: sed magis fortificatur.
453 3083 1271 3156 Ad quintum dicendum, quod minor non est vera. Ad
1317 244 2174 311 probationem dico, quod clare, & obscure videre, in eodem
1316 304 2167 351 genere cognitionis sunt opposita: non autem imalio, &
1320 347 2168 388 alio: sicut est in proposito: quod patet: quia clara notitia
1316 382 2155 424 rerum in verbo, & obscura in proprio genere, non repugnanm
1354 415 2159 464 Ad sextum dicendum, qued idem subiectum potest esse s
1316 455 2165 500 mul perfectum, & imperfectum, secundum diuersa, & de¬
1320 493 2156 542 sperata accidentia: idem enim pomum potest esse simu
1311 532 2163 587 perfecte rubrum, & imperfecte dulce: & sic maior non est
1312 569 2150 617 vera, & similiter minor deficit, quia intellectus potest di
1304 609 2155 662 ci perfectus, tam secundum fidem, quam secundum scier
1310 653 2159 701 tiam, quia & fides perfecte perficit modo fidei, & scientia
1306 695 1541 743 modo scientiae
1358 729 2156 776 Ad septimum dicendum, quod illa similitudo non es
1316 771 2161 815 ad propositum: quia illae dispositiones oculorum essent eius
1308 808 2167 855 dem speciei: & ideo haberent repugnantiam materialem
1307 857 2168 898 & simul in eodem subiecto esse non possent: non autem
1302 885 2009 935 sic est de fide, & scientia, vt patet per iam dicta.
1356 920 2156 976 Ad octauum, dicendum, quod Iy solum, vel tenet se ex
1320 961 2156 1008 parte fidei vt sit sensus, quod fides quantum est de se non
1314 1005 2155 1053 habet aliunde, vnde faciat assensum, nisi per auctoritatem
1305 1051 2152 1092 & sic maior aliquo modo est vera: vel se tenet ex parte ha
1310 1080 2161 1134 bentis fidem, vt sit sensus, quod habens fidem non possit
1305 1118 2087 1168 aliter adhaerere, nisi per auctoritatem, & sic est falsa.
1347 1160 2151 1205 Ad nonum dicendum, quod maior non est vera, quis
1316 1201 2152 1250 rubrum, & dulce sunt eiusdem generis etiam propinqui
1314 1240 2160 1286 & subalterni, & tamen idem potest esse perfecte rubrum
1310 1280 2162 1328 & imperfecte dulce: si autem per idem genus intelligis
1308 1319 2159 1367 eandem speciem, tunc minor est falsa: quia assensus fidei,
1309 1354 2157 1406 & assensus scientiae differunt specie sicut, & fides, & scien¬
1302 1400 2163 1441 tia: quia in per se ordinatis non potest esse maior differen
1306 1439 1760 1489 tia in causis, quam in causatis.
1339 1465 2155 1522 Ad decimum dicendum, quod consequens non est falsum
1311 1516 2157 1565 ambae enim probationes falsum assumunt. Prima, quia ni
1302 1558 2156 1604 hil obstat idem mobile, simul habere perfectam & imper
1314 1591 2147 1639 fectam inclinationem, respectu tamen diuersorum: sicu
1310 1638 2153 1684 idem plumbum potest habere perfectam inclinationem
1309 1677 2156 1719 ad descendendum deorsum, ratione suae grauitatis, cum
1305 1712 2165 1761 sit quasi grauissimum metallorum, & vnumquodque, quanto
1314 1752 2157 1801 prauius tanto perfectius inclinatur ad terminum, qui ess
1310 1786 2157 1835 deorsum: eidem tamen plumbo potest, respectu eiusdem
1305 1828 2147 1875 termini, competere inclinatio imperfecta ratione figurae
1321 1867 2144 1919 uta si sit latae figurae: quia vt testatur philosophus in pho
1304 1907 2158 1956 ficis, figura lata retardat motum. Secundo deficit secun¬
1314 1949 2153 1998 da probatio, quia vnum & idem potest esse causa & causa¬
1308 1993 2156 2039 tum, vt patet. 2. physic. Dato igitur quod talis res in quam
1307 2031 2150 2077 tum est causata, demonstretur per omnes suas causas, qu
1321 2065 2165 2118 er consequens potissime, & a priori: diceres, quod eadem res
1299 2109 2162 2159 in quantum est causa, non possit notificari, & demonstra¬
1308 2143 2158 2187 ria posteriori demonstratione, quia esset quasi ignorare
1302 2182 1727 2228 scientiam libri posteriorum
1344 2217 2154 2270 Ad vndecimum dicendum, quod minor tripliciter de¬
1297 2264 2153 2316 ficit. Primo, quia, vt patuit, formido non est de intrinseca
1299 2306 2155 2348 rati one opinionis: non enim distinguitur opinio a scientia
1308 2341 2156 2393 per formidinem: vel fides per ineuidentiam: sed distin¬
1302 2385 2156 2435 guuntur ad inuicem, quia scientia innascitur per rationem
1300 2432 2153 2467 necessariam, opinio per probabilem, fides vero per aucto¬
1301 2459 1421 2507 ritatem
1335 2499 2144 2545 Secundo qua, quado opinio augetur, formido diminuitu
1331 2537 2153 2579 Tertio, quia opinio est quidam habitus positiuus, for¬
1304 2575 1799 2625 mido autem est quid priuatiuum.
1341 2608 2157 2665 Has autem tres instantias videntes aliquo modo illi¬
1306 2655 2153 2707 quorum est ratio iam dicta, nituntur eas tollere quan¬
1306 2693 1496 2746 tum possunt
1348 2731 2146 2785 Ad primum igitur dicunt, quod eo ipso; quod facit adhaereri
1324 2773 2144 2819 er medium probabile, sequitur necessario, quod illa adhae
1314 2812 1733 2858 sio sit incerta, & formidolosa
1323 2848 2155 2897 Sed illud non valet, quia illa formido non inest opi-
1311 2891 2154 2932 nantis intellectui ratione probabilitatis ipsius opinionis
1323 2932 2159 2978 praecise, sed ratione carentiae habitus scientifici, vel fidei,
1308 2971 2155 3015 quae faciunt firmiter adhaerere. Vnde formido non solum
1316 3011 2165 3056 non est de intrinseca ratione opinionis, sed nec etiam
1320 3048 2150 3089 praecise, & per se sequitur ad positionem opinionis: sed per
1306 3089 2149 3152 se sequitur ad priuationem, siue carentiam scientiae, vel al
