2436 3558
273 280 1128 352 est, & volucres caeli comederunt illud: Et in psal. Volucres
282 348 1132 403 caeli & pisces maris &c. Et Senesis primo. Dominamini
281 384 1121 428 piscibus maris & volatilibus caeli. Et de isto caelo, scilices
270 427 1124 472 aereo potest intelligi auctoritas pro argumento inducta,
264 464 1100 513 quia illud caelum tegitur aquis, id est, nubibus aquosis.
298 508 1122 558 Posset etiam dici, quod caelum firmamenti tegitur aquis;
263 541 1128 589 id est, caelo cristallino, quod aqueum dicitur, non a frigidi
266 581 929 632 tate, sed a daphaneitate, vt dictum est supra
310 622 1128 668 Ad sextum dicendum, quod secundum Huguitionem
264 658 1124 708 cataracta dicitur via subterranea, & inde transfertur ad o¬
267 701 1127 745 mnem meatum, qui est sub aliquo superiori: & ideo acci¬
264 732 1133 789 piendo caelum pro superiori parte acris, tunc huiusmodi
272 779 1123 819 cataractae fuerunt interiora nubium, quae tempore dilu¬
277 810 861 859 uij abundantissime pluuias effuderunt
312 855 1128 897 vel per cataractas possumus intelligere planetas virtua
281 894 1123 939 liter humidos & fluuiosos, qui tempore diluuij omnes
274 933 1124 976 erant congregrati in signo humidissimo, puta in aquario,
272 970 1126 1021 propter quod tanta descendit pluuiarum abudantia, quasi
273 1011 1124 1054 si caelum se aperuisset & ex se flumina inferius transfu¬
278 1048 1121 1089 disset: est igitur locutio non propria, sed metaphorica, cum
286 1087 776 1141 licitur cataractae caeli apertae sunt
302 1126 1122 1172 Alia est opinio, quam recitat Augustin. 15. confes. quae
276 1166 1124 1210 dicit, quod istae aquae non sunt corporales; sed tantummo
274 1206 1128 1261 do spirituales, scilicet ipsi angeli sancti, de quibus dicitur
276 1247 1120 1294 in Psal. Aquae, quae super celos sunt, laudent nomen domi
273 1287 1118 1329 ni, & hanc opinionem videtur ibidem August. tenere di¬
275 1323 1121 1370 cens dommo de huiusmodi aquis, vident faciem tuam se¬
282 1366 1125 1413 per, & ibi legunt uine labiis, quae sit aeterna voluntas tua¬
319 1402 1124 1445 Hanc tamen opinionem videtur Augustinus retractare
279 1443 1132 1487 libs 2, retractationum dicens, Quod dixi firmamentum
283 1481 1129 1527 actum inter spirituales aquas superiores, & corporales
270 1520 919 1573 inferiores, non satis considerate dictum est.
312 1557 1123 1601 Et ideo est tertia opinio, quae ponit iuxta litteralem
278 1598 1128 1642 sensum, quod per aquas super firmamento debemus intel
283 1639 1127 1694 igere caelum cristallinum, quod non est cum istis infe¬
273 1683 1120 1730 rioribus aquis eiusdem naturae, sed est de natura quin¬
276 1718 467 1776 tae essentiae.
423 1792 1018 1874 ARTICVLVS LI
324 1914 1074 1966 Denatura firmamenti, & de motibus, & con¬
583 1953 828 2005 ditionibus eius
316 2054 1133 2110 NVANTVM ad tertium principale, primo viden¬
351 2107 1121 2154 dum est de natura firmamenti. Secundo de moti¬
270 2147 792 2200 bus & conditionibus eius.
321 2186 1126 2245 Quo ad primum dico, quod firmamentum est corpus
278 2223 1127 2285 quintae essentiae & non est clementaris naturae, quia omne
277 2261 1128 2312 corpus elementaris naturae est naturaliter alterabile; sed
280 2297 1130 2353 frmamentum, & quaelibet alia sphaera caelestis est alterans
273 2342 1000 2392 inalterabile, vt patet per philolophum, ergo &c
314 2379 1121 2427 Sed contra istud videtur esse opinio Platonicorum.
281 2414 1131 2473 qui dicebant caelum esse igneae naturae, quia facit effectus
277 2465 1138 2508 similes effectibus ignis; quia calefacit & illuminat non
287 2500 623 2554 minus, quam ipse ignis.
302 2530 1134 2595 Respondeo, quod quamuis tam celum, quam ignis sint
283 2576 1124 2633 causa praedictorum effectuum, hoc cum fit aliter & aliter
278 2612 1140 2669 nam caelum est causa aequiuoca huiusmodi effectuum in
284 2659 929 2708 istis inferioribus: sed ignis est causa vniuocam
329 2696 1138 2745 Etiam contra istam conclusionem videntur esse dict
299 2731 1139 2789 liquorum theologorum, qui dicunt caelum factum ex
293 2782 904 2827 aqua, & hoc probant ex dictis sanctorum.
335 2813 1124 2872 Respondeo, quod sancti intelligunt per aquam mate
293 2855 823 2909 riam caeli, de qua factum est caelum.
335 2896 1130 2946 Quo ad secundum est aduertendum, quod firmamen¬
294 2928 1146 2986 tum, scu caelum stellatum mouetut duplici motu, vno ab
294 2965 1132 3025 oriente in occidens, & iste est motus diuinus, quo rapitu
288 3012 1141 3073 & circumuoluitur a sphaera primi mobilis, & isto motu
287 3054 1138 3102 mouetur super polis mudi, quorum vnus eleuatur nobis.
290 3082 1145 3142 qui dicitur polus articus, & alter supprimitur nobis, qui
298 3135 1144 3181 ficitur polus antarticus. Alio motu mouetur ab occiden
290 3161 1139 3234 te in oriens, & hoc a proprio suo motore, & isto motu
1165 286 2021 353 mouetur super polis Vodiaci hoc autem motu secundum
1175 352 2011 396 Dtolomaeum in AImagest. in centum annis mouetur so¬
1177 396 2015 439 lim per vnum graduum, qui gradus in caeli circumferen¬
1176 427 2007 474 tu sunt 38o. Et illo suo proprio motu firmamentum
1182 467 2003 512 perfecte non reuoluitur nisi in 38. millibus anuorum: na
1175 503 2005 546 cum gradus in celo sint, vt iam dictum est. 38o. & in cen¬
1172 544 2018 591 tum annis transeat solum vnum gradum, & ideo decem
1180 589 2007 633 pradus transibit in mille annis, centum gradus in decem
1171 623 2007 670 millibus annorum, 3oo gradus in 5o millibus annorum, &
1164 659 2013 709 So gradus in sex milibus annorum, & sic tota reuolutio
1163 699 1796 762 occupabit tempus 38. millium annorum.
1251 774 1862 862 ARTICVLVS IIII
1337 856 1830 945 De septem caolis planetarum.
1236 944 2013 1016 VANTVM ad quartum principale est aduertendum,
1173 1008 2009 1066 quod caeli planetatum sunt septem, in quorum
1173 1051 2006 1094 quolibet est solum vna stella, quae dicitur planeta, a pla¬
1176 1087 2009 1128 nes Ciraece, quod est error Latine, & ideo quandoque istae
1165 1128 2012 1177 stelle dicuntur erraticae, propter varios eorum motus: nam
1172 1168 2000 1218 quia istae stellae non sunt fixae in orbibus suis, sicut stella
1164 1216 2014 1258 octauae spherae, sed vel sunt fixae in circulo ecentrico, qui
1171 1244 2005 1285 alio nomine appellatur circulus deserens, vel sunt fixae
1161 1282 2009 1338 in circulo epicvclo, qui circulus clauditur intra superficien
1165 1326 2009 1380 circuli deferentis; & ideo quandoque mouentur ad au¬
1170 1360 2005 1413 strum, quandoque ad aquilonem, & hoc propter obliqui¬
1171 1400 2015 1455 tatem deferentis; quandoque videntur moueri retrogra¬
1176 1440 1997 1485 de, quandoque processiue, & quandoque videntur se ha
1177 1477 2012 1532 bere stationarie, & hoc propter circuium epicyclum. Istorum
1175 1517 2012 1569 autem omnium expressiorem declarationem ad praesens
1174 1559 1523 1600 causa breuitatis omitto
1211 1569 2012 1649 Hic autem est planetarum ordo incipiendo ab inferiori.
1168 1638 2010 1688 Primus est luna. Secundus mercurius. Tertius venus.
1181 1674 2008 1729 Quartus sol. Quintus mars. Sextus iupiter. Septimus sa¬
1169 1717 2021 1765 turnus Quomodo autem istae stellae habeat distinctas virtu¬
1176 1751 2019 1804 tes, & in quo figno Podiaci quaelibet istarum stellarum
1170 1799 2006 1854 proprium habeat dominium, domino concedente quan
1179 1830 1743 1876 doque intendo specialiter pertractare.
1219 1864 2009 1917 Ad argumentum principale patet ex his, quae dicta sunt
1167 1910 2012 1960 circa primam conclusionem secundae inquisitionis primi
1176 1948 1289 1995 articuli.
1267 2025 1922 2077 DISTINCTIO II
1219 2109 1962 2195 Resolita huius distinctionis di iusio, in qua na¬
1332 2182 1865 2249 tura, ac perfectiones angelorum
1484 2226 1712 2294 uiuestigantur.
1508 2344 1997 2393 CCE OSTENSVM EST &c.
1515 2378 2014 2428 Hic Magister nititur inuestigare
1525 2423 2018 2469 n quali natura angeli suerint crea
1521 2454 2020 2512 ti, & qualibus perfectionibus deco
1523 2492 2022 2543 rati, & diuiditur in partes duas: nam
1531 2535 2022 2587 primo tractat de natura, & perfe¬
1519 2575 2030 2626 ctione angelorum per comparatio
1511 2611 2028 2660 nem ad culpam & innocentiam:
1188 2652 2019 2697 Secundo per comparationem ad gloriam & miseriam ibi,
1186 2691 2022 2737 Post haec videndum: Prima in duas; quia primo ostendit
1188 2730 2014 2778 quales fuerunt angeli in primordio suae creationis quan¬
1187 2769 2019 2811 tum ad perfectiones naturales; Secundo quales fu: runt
1188 2808 2024 2853 quantum ad perfectiones morales ibi, lllud quoque &c.
1198 2841 2026 2887 prima in duas: nam primo ostendit in quibusdam natura
1188 2886 2034 2931 libus perfectionibus angelorum differentiam: Secundo
1183 2931 2028 2974 ostendit eorum conuenientiam ibi, Et sicut in praedictis;
1188 2965 2023 3012 Prima est praesentis lectionis, & diuiditur in tres partes;
1194 3010 2026 3054 nam primo quattuor attributa vniuersaliter angelis conue
1188 3041 2035 3087 nientia enumerat, Secundo inuestigat, vtrum talium attri¬
1187 3084 2035 3128 butorum participatio omnibus angelis aequaliter conue¬
1185 3117 2042 3162 niat, Tertio huiusmodi inquisitionis veritatem determinat
1194 3171 2035 3224 pecunda ibi, Hic considerandum est. Tertia ibi, llle ergo &c
