<?xml version="1.0" encoding="UTF-8" standalone="yes"?>
<PcGts xmlns="http://schema.primaresearch.org/PAGE/gts/pagecontent/2013-07-15" xmlns:xsi="http://www.w3.org/2001/XMLSchema-instance" xsi:schemaLocation="http://schema.primaresearch.org/PAGE/gts/pagecontent/2013-07-15 http://schema.primaresearch.org/PAGE/gts/pagecontent/2013-07-15/pagecontent.xsd">
    <Metadata>
        <Creator>prov=University of Rostock/Institute of Mathematics/CITlab|PLANET AI GmbH/Gundram Leifert/gundram.leifert@planet-ai.de:name=cod-P122zz-m2(htr_id=26330)::::v=2.6.7
prov=University of Rostock/Institute of Mathematics/CITlab|PLANET AI GmbH/Tobias Gruening/tobias.gruening@planet-ai.de:name=de.uros.citlab.module.baseline2polygon.B2PSeamMultiOriented:v=2.6.7
prov=University of Rostock/Institute of Mathematics/CITlab|PLANET AI GmbH/Tobias Gruening/tobias.gruening@planet-ai.de:name=/net_tf/LA73_249_0mod360.pb:de.uros.citlab.segmentation.CITlab_LA_ML:v=2.6.6
Transkribus</Creator>
        <Created>2020-10-05T23:23:21.530+02:00</Created>
        <LastChange>2020-10-19T04:44:42.827+02:00</LastChange>
        <TranskribusMetadata docId="505580" pageId="20954318" pageNr="320" tsid="46279496" status="IN_PROGRESS" userId="25065" imgUrl="https://files.transkribus.eu/Get?id=BNYIDPJUWLCLGWXHVPMSOHPT&amp;fileType=view" xmlUrl="https://files.transkribus.eu/Get?id=YFFRSNSZEQBGGIFKGXMUXXWI" imageId="16095515"/>
    </Metadata>
    <Page imageFilename="319.jpg" imageWidth="2384" imageHeight="3560">
        <ReadingOrder>
            <OrderedGroup id="ro_1603931001109" caption="Regions reading order">
                <RegionRefIndexed index="0" regionRef="r2"/>
                <RegionRefIndexed index="1" regionRef="TextRegion_1602718327640_553"/>
            </OrderedGroup>
        </ReadingOrder>
        <TextRegion orientation="0.0" id="r2" custom="readingOrder {index:0;}">
            <Coords points="414,240 414,3157 1274,3157 1274,240"/>
            <TextLine id="r2l2" custom="readingOrder {index:0;}">
                <Coords points="417,350 1253,332 1252,303 1139,288 782,309 622,286 573,313 416,312"/>
                <Baseline points="422,339 463,339 504,338 545,336 587,335 628,333 669,332 710,330 752,330 793,329 834,327 875,327 917,326 958,326 999,326 1040,326 1082,326 1123,326 1164,326 1205,327 1247,327"/>
                <TextEquiv>
                    <Unicode>autenticus; Magis enim praedictus liber debet dici fons</Unicode>
                </TextEquiv>
            </TextLine>
            <TextLine id="r2l3" custom="readingOrder {index:1;}">
                <Coords points="409,380 1103,373 1242,398 1259,331 408,355"/>
                <Baseline points="414,378 456,377 498,377 540,375 582,374 624,372 666,372 708,371 750,369 792,369 834,368 876,368 918,366 960,366 1002,366 1044,366 1086,366 1128,366 1170,366 1212,368 1254,369"/>
                <TextEquiv>
                    <Unicode>mortis, quam fons vitae, propter multas falsitates in ipso</Unicode>
                </TextEquiv>
            </TextLine>
            <TextLine id="r2l4" custom="readingOrder {index:2;}">
                <Coords points="415,429 653,447 771,419 838,440 930,417 1134,424 1133,379 414,393"/>
                <Baseline points="420,420 455,419 490,417 526,416 561,414 597,413 632,413 667,411 703,410 738,410 774,409 809,408 844,408 880,407 915,407 951,407 986,407 1021,407 1057,407 1092,408 1128,408"/>
                <TextEquiv>
                    <Unicode>contentas, vt aliqui sollemnes doctores dicunt</Unicode>
                </TextEquiv>
            </TextLine>
            <TextLine id="line_1602718239988_534" custom="readingOrder {index:3;}">
                <Coords points="549,518 641,527 790,501 867,520 933,507 1066,520 1088,514 1088,465 831,471 784,453 548,472"/>
                <Baseline points="554,512 579,510 605,509 630,507 656,506 681,506 707,504 732,504 758,503 783,503 809,503 834,503 860,503 885,503 911,503 936,503 962,503 987,503 1013,503 1038,503 1083,503"/>
                <TextEquiv>
                    <Unicode>ARTICVLVS I</Unicode>
                </TextEquiv>
            </TextLine>
            <TextLine id="r2l7" custom="readingOrder {index:4;}">
                <Coords points="526,615 612,601 710,625 810,600 882,621 1151,618 1165,548 525,560"/>
                <Baseline points="531,599 562,597 594,597 625,596 657,595 688,594 720,594 751,593 783,593 814,592 846,591 877,591 909,591 940,590 972,590 1003,590 1035,590 1066,589 1098,588 1129,588 1161,588"/>
                <TextEquiv>
                    <Unicode>Vtrum angelus sit compositus ex esse ex</Unicode>
                </TextEquiv>
            </TextLine>
            <TextLine id="r2l8" custom="readingOrder {index:5;}">
                <Coords points="771,658 785,658 803,671 816,660 832,656 848,666 860,661 871,664 882,655 905,657 905,617 839,617 829,606 810,600 791,613 771,615"/>
                <Baseline points="777,641 807,641 838,641 869,641 900,641"/>
                <TextEquiv>
                    <Unicode>essentia.</Unicode>
                </TextEquiv>
            </TextLine>
            <TextLine id="r2l9" custom="readingOrder {index:6;}">
                <Coords points="435,734 477,757 629,724 1224,737 1259,719 1258,655 936,666 872,703 434,680"/>
                <Baseline points="440,728 480,726 521,725 562,723 602,722 643,722 684,720 724,720 765,720 806,720 847,720 887,720 928,720 969,720 1009,720 1050,719 1091,719 1131,719 1172,717 1213,717 1254,716"/>
                <TextEquiv>
                    <Unicode>SVANTVM ad secundum principale dico, quod lo¬</Unicode>
                </TextEquiv>
            </TextLine>
            <TextLine id="r2l10" custom="readingOrder {index:7;}">
                <Coords points="451,783 1265,775 1264,719 451,743"/>
                <Baseline points="456,767 496,766 536,764 576,764 616,762 657,761 697,761 737,761 777,759 817,759 858,759 898,759 938,759 978,758 1018,758 1059,758 1099,758 1139,758 1179,757 1219,756 1260,756"/>
                <TextEquiv>
                    <Unicode> quendo de esse actualis existentiae, in angelis est</Unicode>
                </TextEquiv>
            </TextLine>
            <TextLine id="r2l11" custom="readingOrder {index:8;}">
                <Coords points="426,823 511,807 916,820 923,779 752,769 661,784 643,772 534,778 518,792 491,774 425,775"/>
                <Baseline points="431,803 456,804 482,804 507,803 533,803 559,803 584,801 610,801 636,800 661,800 687,799 712,798 738,798 764,798 789,798 815,798 841,798 866,798 892,800 918,801"/>
                <TextEquiv>
                    <Unicode>realis composito esse &amp; essentiae</Unicode>
                </TextEquiv>
            </TextLine>
            <TextLine id="r2l13" custom="readingOrder {index:9;}">
                <Coords points="435,842 1213,855 1264,847 1264,790 1163,784 1102,817 435,817"/>
                <Baseline points="441,842 481,842 522,842 563,842 604,840 645,840 686,840 727,839 768,839 809,839 850,837 890,837 931,837 972,836 1013,836 1054,836 1095,836 1136,836 1177,836 1218,836 1259,836"/>
                <TextEquiv>
                    <Unicode>1 Quia illa, quae in eodem posita realiter differunt, </Unicode>
                </TextEquiv>
            </TextLine>
            <TextLine id="r2l14" custom="readingOrder {index:10;}">
                <Coords points="428,888 1269,893 1247,844 428,852"/>
                <Baseline points="434,881 475,881 516,879 558,879 599,879 641,879 682,878 724,878 765,878 807,876 848,876 889,876 931,876 972,876 1014,875 1055,875 1097,875 1138,875 1180,873 1221,873 1263,873"/>
                <TextEquiv>
                    <Unicode>illa faciunt realem compositionem: sed in angelo essentia</Unicode>
                </TextEquiv>
            </TextLine>
            <TextLine id="r2l15" custom="readingOrder {index:11;}">
                <Coords points="427,929 1260,932 1259,896 1129,882 426,895"/>
                <Baseline points="432,918 473,918 514,918 555,918 596,918 637,918 678,917 719,917 760,917 801,916 843,915 884,915 925,915 966,914 1007,914 1048,914 1089,912 1130,912 1171,912 1212,912 1254,912"/>
                <TextEquiv>
                    <Unicode>&amp; esse realiter differunt, ergo &amp;c. Maior patet: sed mino¬</Unicode>
                </TextEquiv>
            </TextLine>
            <TextLine id="r2l16" custom="readingOrder {index:12;}">
                <Coords points="422,979 1262,958 1261,931 1202,920 422,935"/>
                <Baseline points="428,959 469,959 510,959 552,957 593,957 635,957 676,956 717,956 759,956 800,956 842,956 883,954 924,954 966,954 1007,954 1049,953 1090,953 1131,953 1173,951 1214,951 1256,950"/>
                <TextEquiv>
                    <Unicode>rem probo, quia si essentia angeli esset idem, quod suum</Unicode>
                </TextEquiv>
            </TextLine>
            <TextLine id="r2l17" custom="readingOrder {index:13;}">
                <Coords points="427,1006 1253,997 1252,970 1069,959 862,983 784,960 427,975"/>
                <Baseline points="432,999 472,998 513,998 554,996 595,996 635,996 676,995 717,995 758,995 798,995 839,993 880,993 921,993 961,993 1002,993 1043,992 1084,992 1124,992 1165,990 1206,990 1247,989"/>
                <TextEquiv>
                    <Unicode>esse, tunc essentia angeli non posset non esse, &amp; per con</Unicode>
                </TextEquiv>
            </TextLine>
            <TextLine id="r2l18" custom="readingOrder {index:14;}">
                <Coords points="422,1055 1265,1048 1264,999 422,1013"/>
                <Baseline points="428,1037 469,1036 511,1035 552,1035 594,1035 635,1035 677,1034 718,1034 760,1034 801,1034 843,1034 885,1034 926,1034 968,1032 1009,1032 1051,1032 1092,1032 1134,1032 1175,1032 1217,1031 1259,1031"/>
                <TextEquiv>
                    <Unicode>sequens esset necesse esse, impossibile enim est aliquid se</Unicode>
                </TextEquiv>
            </TextLine>
            <TextLine id="r2l19" custom="readingOrder {index:15;}">
                <Coords points="439,1093 489,1095 517,1079 557,1094 659,1082 690,1098 710,1087 782,1093 781,1049 772,1047 641,1055 621,1039 597,1049 561,1041 518,1060 439,1054"/>
                <Baseline points="444,1077 469,1076 495,1074 520,1074 546,1074 571,1073 597,1073 622,1073 648,1073 673,1073 699,1073 724,1073 750,1073 776,1073"/>
                <TextEquiv>
                    <Unicode>parari a se ipso: ergo &amp;c.</Unicode>
                </TextEquiv>
            </TextLine>
            <TextLine id="r2l20" custom="readingOrder {index:16;}">
                <Coords points="444,1137 1269,1125 1269,1082 1142,1086 1065,1054 944,1092 907,1071 860,1093 443,1095"/>
                <Baseline points="449,1115 489,1114 530,1113 571,1112 611,1112 652,1112 693,1111 733,1110 774,1110 815,1110 856,1110 896,1110 937,1109 978,1109 1018,1109 1059,1109 1100,1109 1140,1109 1181,1109 1222,1107 1263,1107"/>
                <TextEquiv>
                    <Unicode>2 Praeterea, in omni composito aliud est esse, &amp; ipsum</Unicode>
                </TextEquiv>
            </TextLine>
            <TextLine id="r2l21" custom="readingOrder {index:17;}">
                <Coords points="420,1166 1173,1172 1264,1166 1264,1124 420,1140"/>
                <Baseline points="425,1154 466,1154 508,1152 550,1152 591,1151 633,1151 675,1151 716,1151 758,1149 800,1149 842,1149 883,1149 925,1149 967,1149 1008,1148 1050,1148 1092,1148 1133,1148 1175,1148 1217,1148 1259,1148"/>
                <TextEquiv>
                    <Unicode>quod est: sed omnis angelus est aliquo modo compositus.</Unicode>
                </TextEquiv>
            </TextLine>
            <TextLine id="r2l22" custom="readingOrder {index:18;}">
                <Coords points="430,1210 1213,1207 1268,1197 1268,1165 430,1168"/>
                <Baseline points="435,1194 476,1193 517,1192 559,1191 600,1190 642,1190 683,1190 724,1188 766,1188 807,1188 849,1188 890,1188 931,1188 973,1188 1014,1187 1056,1187 1097,1187 1138,1187 1180,1187 1221,1187 1263,1187"/>
                <TextEquiv>
                    <Unicode>Maior patet per Doethium in libro de Hebdo, minor po¬</Unicode>
                </TextEquiv>
            </TextLine>
            <TextLine id="r2l23" custom="readingOrder {index:19;}">
                <Coords points="421,1251 1246,1246 1261,1204 420,1208"/>
                <Baseline points="426,1233 467,1232 509,1230 550,1230 592,1229 633,1227 675,1227 716,1227 758,1227 799,1227 841,1226 882,1226 924,1226 965,1226 1007,1226 1048,1226 1090,1227 1131,1227 1173,1227 1214,1227 1256,1226"/>
                <TextEquiv>
                    <Unicode>test declarari ex uerbis philosophi 7. meth. vbi ait, quod</Unicode>
                </TextEquiv>
            </TextLine>
            <TextLine id="r2l24" custom="readingOrder {index:20;}">
                <Coords points="433,1283 1081,1270 1262,1293 1262,1237 432,1251"/>
                <Baseline points="438,1272 481,1270 524,1269 567,1268 610,1268 653,1266 696,1266 739,1266 782,1266 825,1265 869,1265 912,1265 955,1265 998,1265 1041,1266 1084,1266 1127,1266 1170,1266 1213,1266 1257,1266"/>
                <TextEquiv>
                    <Unicode>multis rationibus demonstratum est, quod nihil fit nisi</Unicode>
                </TextEquiv>
            </TextLine>
            <TextLine id="r2l25" custom="readingOrder {index:21;}">
                <Coords points="423,1332 674,1310 1205,1324 1226,1284 423,1289"/>
                <Baseline points="428,1311 467,1310 507,1308 546,1308 586,1307 626,1307 665,1307 705,1305 744,1305 784,1305 824,1305 863,1305 903,1304 942,1304 982,1304 1022,1305 1061,1305 1101,1305 1140,1305 1180,1305 1220,1305"/>
                <TextEquiv>
                    <Unicode>compositum: sed angelus factus est, vt patuit superius.</Unicode>
                </TextEquiv>
            </TextLine>
            <TextLine id="r2l26" custom="readingOrder {index:22;}">
                <Coords points="486,1369 1212,1363 1263,1352 1263,1303 1031,1330 843,1310 486,1326"/>
                <Baseline points="491,1346 529,1346 567,1346 605,1346 644,1346 682,1344 720,1344 759,1344 797,1344 835,1344 874,1344 912,1344 950,1344 988,1343 1027,1343 1065,1343 1103,1343 1142,1343 1180,1343 1218,1344 1257,1344"/>
                <TextEquiv>
                    <Unicode>Praeterea, si angelus esset suum esse, cum angclus sit</Unicode>
                </TextEquiv>
            </TextLine>
            <TextLine id="r2l28" custom="readingOrder {index:23;}">
                <Coords points="439,1391 1139,1404 1253,1390 1253,1362 439,1369"/>
                <Baseline points="444,1386 484,1386 524,1385 564,1385 604,1385 645,1385 685,1383 725,1383 765,1383 805,1383 846,1383 886,1383 926,1383 966,1382 1006,1382 1047,1382 1087,1382 1127,1382 1167,1382 1207,1382 1248,1382"/>
                <TextEquiv>
                    <Unicode>er se subsistens, sequeretur, quod esse ageli esset esse sul</Unicode>
                </TextEquiv>
            </TextLine>
            <TextLine id="r2l29" custom="readingOrder {index:24;}">
                <Coords points="423,1434 1197,1446 1262,1435 1262,1400 423,1404"/>
                <Baseline points="429,1425 470,1425 511,1424 553,1424 594,1424 635,1424 677,1424 718,1424 759,1424 801,1424 842,1424 883,1424 925,1424 966,1424 1007,1424 1049,1424 1090,1424 1131,1424 1173,1422 1214,1422 1256,1421"/>
                <TextEquiv>
                    <Unicode>sistens, &amp; per consequens esse purum, &amp; illimitatum, quod</Unicode>
                </TextEquiv>
            </TextLine>
            <TextLine id="r2l30" custom="readingOrder {index:25;}">
                <Coords points="432,1475 470,1467 560,1484 646,1472 700,1485 727,1462 767,1482 787,1477 787,1445 746,1434 730,1444 643,1445 594,1431 549,1446 431,1438"/>
                <Baseline points="437,1464 463,1464 490,1464 516,1464 543,1464 569,1463 596,1463 622,1463 649,1463 675,1463 702,1461 728,1461 755,1461 782,1461"/>
                <TextEquiv>
                    <Unicode>est impossibile, ergo &amp;c</Unicode>
                </TextEquiv>
            </TextLine>
            <TextLine id="r2l32" custom="readingOrder {index:26;}">
                <Coords points="460,1511 1262,1511 1261,1472 459,1472"/>
                <Baseline points="465,1503 504,1503 544,1502 583,1502 623,1502 662,1502 702,1502 741,1502 781,1502 820,1502 860,1503 900,1503 939,1503 979,1502 1018,1502 1058,1502 1097,1501 1137,1500 1176,1499 1216,1497 1256,1496"/>
                <TextEquiv>
                    <Unicode>Sed contrarium istius multi tenent, quorum vnus ar¬</Unicode>
                </TextEquiv>
            </TextLine>
            <TextLine id="r2l33" custom="readingOrder {index:27;}">
                <Coords points="429,1565 449,1559 474,1560 478,1556 487,1560 495,1552 513,1546 519,1552 528,1551 539,1559 548,1559 546,1520 527,1520 512,1510 494,1515 485,1512 482,1516 468,1510 457,1522 436,1517 427,1520"/>
                <Baseline points="434,1547 461,1545 488,1542 515,1542 542,1544"/>
                <TextEquiv>
                    <Unicode>guit sic¬ </Unicode>
                </TextEquiv>
            </TextLine>
            <TextLine id="r2l34" custom="readingOrder {index:28;}">
                <Coords points="445,1593 1156,1596 1256,1589 1256,1555 717,1562 639,1524 587,1559 444,1559"/>
                <Baseline points="450,1581 490,1580 530,1580 570,1580 610,1580 650,1580 690,1578 730,1578 770,1578 810,1578 850,1578 890,1577 930,1577 970,1577 1010,1577 1050,1577 1090,1577 1130,1577 1170,1575 1210,1575 1251,1575"/>
                <TextEquiv>
                    <Unicode>1 Sicut se habet res ad vnitatem, bonitatem, &amp; verita.</Unicode>
                </TextEquiv>
            </TextLine>
            <TextLine id="r2l35" custom="readingOrder {index:29;}">
                <Coords points="424,1631 1225,1634 1267,1626 1267,1591 424,1597"/>
                <Baseline points="429,1620 470,1620 512,1620 553,1619 595,1619 637,1619 678,1619 720,1619 762,1618 803,1617 845,1617 887,1617 928,1616 970,1616 1012,1616 1053,1616 1095,1616 1137,1614 1178,1614 1220,1614 1262,1614"/>
                <TextEquiv>
                    <Unicode>tem; sic se habet ad esse, siue ad entitatem: sed quaelibet</Unicode>
                </TextEquiv>
            </TextLine>
            <TextLine id="r2l36" custom="readingOrder {index:30;}">
                <Coords points="427,1669 1253,1668 1243,1626 427,1632"/>
                <Baseline points="432,1659 472,1658 513,1658 554,1658 595,1658 635,1658 676,1658 717,1656 758,1656 798,1656 839,1656 880,1656 921,1656 961,1656 1002,1655 1043,1655 1084,1655 1124,1655 1165,1655 1206,1655 1247,1653"/>
                <TextEquiv>
                    <Unicode>res est vna per essentiam, vt patet. 4. meth. &amp; bona per es</Unicode>
                </TextEquiv>
            </TextLine>
            <TextLine id="r2l37" custom="readingOrder {index:31;}">
                <Coords points="432,1709 1198,1713 1258,1704 1258,1666 432,1669"/>
                <Baseline points="437,1697 477,1698 518,1698 559,1698 600,1697 641,1697 681,1697 722,1697 763,1697 804,1695 845,1695 885,1695 926,1695 967,1694 1008,1694 1049,1694 1089,1694 1130,1694 1171,1694 1212,1694 1253,1694"/>
                <TextEquiv>
                    <Unicode>sentiam suam, vt patet per Doethium in libro de Hebdo.</Unicode>
                </TextEquiv>
            </TextLine>
            <TextLine id="r2l38" custom="readingOrder {index:32;}">
                <Coords points="429,1748 1271,1749 1271,1707 429,1709"/>
                <Baseline points="435,1737 476,1736 518,1736 559,1736 601,1736 642,1736 684,1736 725,1736 767,1735 808,1734 850,1734 891,1734 933,1734 974,1734 1016,1733 1057,1733 1099,1733 1140,1733 1182,1733 1223,1733 1265,1733"/>
                <TextEquiv>
                    <Unicode>&amp; est uera per essentiam suam, ut patet per Augustinum,</Unicode>
                </TextEquiv>
            </TextLine>
            <TextLine id="r2l39" custom="readingOrder {index:33;}">
                <Coords points="418,1793 1216,1778 1216,1752 1159,1738 418,1749"/>
                <Baseline points="423,1776 462,1776 501,1776 541,1776 580,1776 620,1776 659,1776 698,1775 738,1775 777,1775 817,1773 856,1773 895,1773 935,1772 974,1772 1014,1772 1053,1772 1092,1772 1132,1772 1171,1772 1211,1772"/>
                <TextEquiv>
                    <Unicode>in de uera religione, ergo erit ens per essentiam suam</Unicode>
                </TextEquiv>
            </TextLine>
            <TextLine id="r2l40" custom="readingOrder {index:34;}">
                <Coords points="439,1823 1179,1833 1261,1821 1261,1778 438,1796"/>
                <Baseline points="444,1815 484,1815 525,1815 565,1815 606,1815 647,1814 687,1814 728,1814 768,1814 809,1814 850,1812 890,1812 931,1812 971,1812 1012,1811 1053,1811 1093,1811 1134,1811 1174,1811 1215,1811 1256,1811"/>
                <TextEquiv>
                    <Unicode>2 Praeterea, si essentia haberet esse, per esse, quod ess</Unicode>
                </TextEquiv>
            </TextLine>
            <TextLine id="r2l41" custom="readingOrder {index:35;}">
                <Coords points="426,1863 1259,1872 1259,1830 1158,1821 426,1828"/>
                <Baseline points="431,1853 472,1854 513,1854 554,1854 595,1854 636,1854 677,1853 719,1853 760,1853 801,1853 842,1851 883,1851 924,1851 965,1851 1007,1850 1048,1850 1089,1850 1130,1850 1171,1850 1212,1851 1254,1851"/>
                <TextEquiv>
                    <Unicode>aliud ab ipsa, cadem ratione illud esse habebit esse per a¬</Unicode>
                </TextEquiv>
            </TextLine>
            <TextLine id="r2l42" custom="readingOrder {index:36;}">
                <Coords points="417,1912 528,1899 566,1913 584,1898 638,1910 671,1895 687,1910 705,1896 802,1909 821,1902 821,1870 745,1873 717,1859 684,1874 600,1860 550,1873 534,1861 483,1861 457,1876 434,1861 416,1867"/>
                <Baseline points="422,1895 448,1895 474,1893 500,1893 526,1893 553,1892 579,1892 605,1892 631,1892 657,1892 684,1892 710,1892 736,1892 762,1892 788,1890 815,1890"/>
                <TextEquiv>
                    <Unicode>liud esse, &amp; sic in infinitum.</Unicode>
                </TextEquiv>
            </TextLine>
            <TextLine id="r2l43" custom="readingOrder {index:37;}">
                <Coords points="502,1951 1265,1943 1245,1899 967,1910 877,1877 759,1913 502,1901"/>
                <Baseline points="507,1932 544,1932 582,1931 619,1931 657,1931 695,1930 732,1929 770,1929 808,1929 845,1929 883,1929 921,1928 958,1928 996,1928 1034,1928 1071,1928 1109,1928 1147,1928 1184,1928 1222,1929 1260,1929"/>
                <TextEquiv>
                    <Unicode>Praeterea, si esse angeli differret ab essentia eius, tuc</Unicode>
                </TextEquiv>
            </TextLine>
            <TextLine id="r2l45" custom="readingOrder {index:38;}">
                <Coords points="421,1980 1240,1988 1257,1942 559,1954 420,1916"/>
                <Baseline points="426,1971 467,1971 508,1970 549,1970 591,1970 632,1970 673,1970 714,1970 756,1968 797,1968 838,1968 879,1968 921,1968 962,1967 1003,1967 1044,1967 1086,1967 1127,1967 1168,1967 1209,1968 1251,1968"/>
                <TextEquiv>
                    <Unicode>illud esse aut esset substantia, aut accidens: sed nec sic, nes</Unicode>
                </TextEquiv>
            </TextLine>
            <TextLine id="r2l46" custom="readingOrder {index:39;}">
                <Coords points="420,2024 1265,2017 1265,1986 1120,1976 420,1983"/>
                <Baseline points="426,2012 467,2010 509,2009 551,2009 592,2009 634,2007 676,2007 717,2007 759,2007 801,2006 843,2006 884,2006 926,2006 968,2006 1009,2006 1051,2006 1093,2006 1134,2006 1176,2007 1218,2007 1260,2007"/>
                <TextEquiv>
                    <Unicode>sic. Non substantia, quia omnis substantia aut est materia,</Unicode>
                </TextEquiv>
            </TextLine>
            <TextLine id="r2l47" custom="readingOrder {index:40;}">
                <Coords points="432,2066 1235,2064 1258,2015 431,2027"/>
                <Baseline points="437,2049 477,2049 518,2049 559,2048 600,2048 641,2048 681,2046 722,2046 763,2046 804,2046 845,2046 885,2046 926,2046 967,2046 1008,2046 1049,2046 1089,2045 1130,2045 1171,2045 1212,2045 1253,2045"/>
                <TextEquiv>
                    <Unicode>aut forma, aut compositum, vt patet. 2. de anima: sed esse</Unicode>
                </TextEquiv>
            </TextLine>
            <TextLine id="r2l48" custom="readingOrder {index:41;}">
                <Coords points="429,2106 1224,2106 1261,2101 1261,2061 429,2065"/>
                <Baseline points="434,2088 475,2088 516,2088 557,2088 598,2088 639,2087 680,2087 721,2087 762,2087 803,2085 845,2085 886,2085 927,2085 968,2085 1009,2085 1050,2084 1091,2084 1132,2084 1173,2084 1214,2085 1256,2085"/>
                <TextEquiv>
                    <Unicode>angeli nullum istorum esse potest. Nec est accidens quia</Unicode>
                </TextEquiv>
            </TextLine>
            <TextLine id="r2l49" custom="readingOrder {index:42;}">
                <Coords points="424,2136 1169,2150 1265,2140 1265,2101 423,2107"/>
                <Baseline points="429,2127 470,2127 512,2126 553,2126 595,2124 636,2124 678,2124 719,2124 761,2124 802,2124 844,2124 886,2124 927,2124 969,2124 1010,2124 1052,2124 1093,2124 1135,2124 1176,2124 1218,2124 1260,2124"/>
                <TextEquiv>
                    <Unicode>esse substantiale substantiae non poterit esse accidens; sub¬</Unicode>
                </TextEquiv>
            </TextLine>
            <TextLine id="r2l50" custom="readingOrder {index:43;}">
                <Coords points="433,2174 652,2173 680,2186 727,2170 789,2183 953,2168 953,2148 877,2130 844,2144 747,2146 722,2130 693,2147 640,2132 511,2149 433,2134"/>
                <Baseline points="438,2165 463,2166 489,2166 514,2166 540,2166 565,2166 591,2165 616,2165 642,2165 667,2165 693,2163 718,2163 744,2163 769,2163 795,2163 820,2163 846,2163 871,2163 897,2163 922,2164 948,2165"/>
                <TextEquiv>
                    <Unicode>stantia enim esset ens per accidens,</Unicode>
                </TextEquiv>
            </TextLine>
            <TextLine id="r2l51" custom="readingOrder {index:44;}">
                <Coords points="501,2226 1264,2209 1247,2172 501,2176"/>
                <Baseline points="507,2205 544,2205 582,2204 619,2204 657,2204 695,2204 732,2204 770,2204 807,2204 845,2204 883,2204 920,2204 958,2204 995,2204 1033,2204 1071,2204 1108,2202 1146,2202 1183,2202 1221,2202 1259,2201"/>
                <TextEquiv>
                    <Unicode>Praeterea, recipere presupponit esse: ergo si essentia</Unicode>
                </TextEquiv>
            </TextLine>
            <TextLine id="r2l53" custom="readingOrder {index:45;}">
                <Coords points="420,2258 1260,2248 1233,2210 420,2227"/>
                <Baseline points="425,2246 466,2245 507,2244 549,2244 590,2243 632,2243 673,2242 715,2241 756,2241 798,2241 839,2241 880,2241 922,2241 963,2241 1005,2241 1046,2241 1088,2241 1129,2241 1171,2241 1212,2241 1254,2241"/>
                <TextEquiv>
                    <Unicode>reciperet esse, tunc essentia esset prius, quam heret esse</Unicode>
                </TextEquiv>
            </TextLine>
            <TextLine id="r2l54" custom="readingOrder {index:46;}">
                <Coords points="468,2304 1253,2291 1253,2260 1129,2249 468,2252"/>
                <Baseline points="473,2282 511,2282 550,2282 589,2280 627,2280 666,2280 705,2280 743,2280 782,2280 821,2280 860,2280 898,2280 937,2280 976,2280 1014,2280 1053,2280 1092,2280 1130,2280 1169,2280 1208,2280 1247,2280"/>
                <TextEquiv>
                    <Unicode>bed ista non concludunt: quia nuquam potest res con</Unicode>
                </TextEquiv>
            </TextLine>
            <TextLine id="r2l55" custom="readingOrder {index:47;}">
                <Coords points="430,2331 1265,2336 1265,2299 1220,2286 1064,2309 906,2283 781,2305 430,2293"/>
                <Baseline points="435,2322 476,2322 517,2321 558,2321 600,2321 641,2320 682,2319 723,2319 765,2319 806,2319 847,2319 888,2319 930,2319 971,2319 1012,2319 1053,2319 1095,2319 1136,2319 1177,2319 1218,2319 1260,2319"/>
                <TextEquiv>
                    <Unicode>cipi cum opposito illius, quod est sibi idem essentialiter;</Unicode>
                </TextEquiv>
            </TextLine>
            <TextLine id="r2l56" custom="readingOrder {index:48;}">
                <Coords points="421,2384 1272,2366 1272,2336 1228,2332 421,2333"/>
                <Baseline points="426,2361 468,2361 510,2360 552,2360 594,2360 636,2358 678,2358 720,2358 762,2358 804,2358 846,2358 888,2360 930,2360 972,2360 1014,2360 1056,2360 1098,2360 1140,2360 1182,2360 1224,2360 1266,2358"/>
                <TextEquiv>
                    <Unicode>sed intellectus potest concipere essentiam rei creatae</Unicode>
                </TextEquiv>
            </TextLine>
            <TextLine id="r2l57" custom="readingOrder {index:49;}">
                <Coords points="424,2413 1189,2425 1256,2415 1256,2365 424,2383"/>
                <Baseline points="429,2400 470,2400 511,2399 552,2399 593,2399 634,2399 675,2399 716,2399 757,2399 798,2399 840,2399 881,2399 922,2399 963,2399 1004,2399 1045,2399 1086,2399 1127,2399 1168,2399 1209,2399 1251,2399"/>
                <TextEquiv>
                    <Unicode>cum opposito ipsius esse; Possum enim creaturam conci</Unicode>
                </TextEquiv>
            </TextLine>
            <TextLine id="r2l58" custom="readingOrder {index:50;}">
                <Coords points="420,2460 1170,2453 1159,2409 420,2412"/>
                <Baseline points="425,2442 463,2441 502,2439 541,2439 580,2438 619,2438 658,2438 697,2438 736,2438 775,2438 813,2438 852,2438 891,2438 930,2438 969,2438 1008,2438 1047,2438 1086,2438 1125,2439 1164,2439"/>
                <TextEquiv>
                    <Unicode>pere non esse, alias ipsa esset purum necesse esse</Unicode>
                </TextEquiv>
            </TextLine>
            <TextLine id="r2l59" custom="readingOrder {index:51;}">
                <Coords points="466,2487 1220,2492 1220,2456 1149,2445 466,2452"/>
                <Baseline points="471,2478 508,2478 545,2477 582,2477 619,2477 657,2477 694,2477 731,2477 768,2477 805,2477 843,2477 880,2477 917,2477 954,2477 991,2477 1029,2477 1066,2477 1103,2477 1140,2478 1177,2478 1215,2478"/>
                <TextEquiv>
                    <Unicode>Ad primum dicendum, quod ens dicitur dupliciter</Unicode>
                </TextEquiv>
            </TextLine>
            <TextLine id="r2l60" custom="readingOrder {index:52;}">
                <Coords points="465,2538 1259,2533 1259,2484 465,2486"/>
                <Baseline points="470,2516 509,2516 548,2516 587,2516 626,2516 665,2517 704,2517 744,2517 783,2517 822,2517 861,2516 900,2516 939,2516 978,2516 1018,2516 1057,2516 1096,2516 1135,2516 1174,2516 1213,2517 1253,2517"/>
                <TextEquiv>
                    <Unicode>Vno modo, vt est vnum de transcendentibus, seu, ut di</Unicode>
                </TextEquiv>
            </TextLine>
            <TextLine id="r2l61" custom="readingOrder {index:53;}">
                <Coords points="430,2568 1271,2568 1271,2533 1199,2524 538,2542 430,2523"/>
                <Baseline points="435,2556 476,2556 518,2555 559,2555 601,2555 642,2555 684,2555 725,2555 767,2555 808,2555 850,2555 892,2555 933,2555 975,2555 1016,2555 1058,2555 1099,2555 1141,2555 1182,2555 1224,2555 1266,2555"/>
                <TextEquiv>
                    <Unicode>scendit in decem praedicamenta, &amp;sic quaelibet res est ens</Unicode>
                </TextEquiv>
            </TextLine>
            <TextLine id="r2l62" custom="readingOrder {index:54;}">
                <Coords points="432,2606 1193,2613 1272,2605 1272,2568 432,2570"/>
                <Baseline points="438,2595 479,2594 520,2594 562,2594 603,2594 645,2594 686,2594 727,2594 769,2594 810,2594 852,2594 893,2594 934,2594 976,2594 1017,2594 1059,2594 1100,2594 1141,2594 1183,2594 1224,2594 1266,2592"/>
                <TextEquiv>
                    <Unicode>per essentiam suam, sicut est una, uel uera per essentiam </Unicode>
                </TextEquiv>
            </TextLine>
            <TextLine id="r2l63" custom="readingOrder {index:55;}">
                <Coords points="429,2644 1268,2647 1268,2607 1241,2598 429,2610"/>
                <Baseline points="434,2634 475,2634 516,2633 558,2633 599,2633 641,2633 682,2632 724,2631 765,2631 807,2631 848,2631 889,2631 931,2631 972,2631 1014,2633 1055,2633 1097,2633 1138,2633 1180,2634 1221,2634 1263,2636"/>
                <TextEquiv>
                    <Unicode>suam. Alio modo sumitur pro existere ipsius rei, &amp; ut sic, </Unicode>
                </TextEquiv>
            </TextLine>
            <TextLine id="r2l64" custom="readingOrder {index:56;}">
                <Coords points="425,2684 1266,2678 1266,2651 1219,2642 425,2647"/>
                <Baseline points="431,2673 472,2672 513,2672 555,2672 596,2672 638,2672 679,2672 721,2670 762,2670 804,2670 845,2670 886,2670 928,2670 969,2672 1011,2672 1052,2672 1094,2672 1135,2672 1177,2672 1218,2672 1260,2672"/>
                <TextEquiv>
                    <Unicode>solus Deus est ens per essentiam suam: &amp; ut sic, secundum</Unicode>
                </TextEquiv>
            </TextLine>
            <TextLine id="r2l65" custom="readingOrder {index:57;}">
                <Coords points="435,2724 1270,2729 1271,2680 435,2682"/>
                <Baseline points="441,2712 482,2711 523,2711 564,2711 605,2709 647,2709 688,2709 729,2709 770,2709 811,2709 853,2711 894,2711 935,2711 976,2711 1017,2711 1059,2711 1100,2711 1141,2712 1182,2712 1223,2712 1265,2711"/>
                <TextEquiv>
                    <Unicode>Commentatorem 2. metaph. Deus est per se ens &amp; per se</Unicode>
                </TextEquiv>
            </TextLine>
            <TextLine id="r2l66" custom="readingOrder {index:58;}">
                <Coords points="428,2769 1167,2770 1262,2763 1262,2722 428,2727"/>
                <Baseline points="434,2751 475,2750 516,2748 557,2748 598,2748 639,2747 680,2747 722,2747 763,2748 804,2748 845,2748 886,2748 927,2750 968,2750 1010,2750 1051,2750 1092,2750 1133,2750 1174,2750 1215,2750 1257,2750"/>
                <TextEquiv>
                    <Unicode>verum: omnia autem alia sunt entia &amp;uera, entitate &amp;</Unicode>
                </TextEquiv>
            </TextLine>
            <TextLine id="r2l67" custom="readingOrder {index:59;}">
                <Coords points="434,2805 1235,2807 1262,2804 1262,2764 434,2767"/>
                <Baseline points="440,2789 480,2787 521,2787 562,2787 603,2787 644,2787 685,2787 725,2787 766,2787 807,2787 848,2787 889,2789 930,2789 971,2789 1011,2789 1052,2789 1093,2789 1134,2789 1175,2789 1216,2789 1257,2789"/>
                <TextEquiv>
                    <Unicode>ueritate Dei. Primo modo res dicitur ens ab eise essen¬</Unicode>
                </TextEquiv>
            </TextLine>
            <TextLine id="r2l68" custom="readingOrder {index:60;}">
                <Coords points="423,2842 1171,2854 1258,2842 1258,2801 423,2809"/>
                <Baseline points="428,2828 469,2828 510,2828 551,2828 593,2826 634,2826 675,2826 716,2826 758,2826 799,2826 840,2826 881,2828 923,2828 964,2828 1005,2828 1046,2828 1088,2828 1129,2828 1170,2829 1211,2829 1253,2829"/>
                <TextEquiv>
                    <Unicode>tiae. Secundo modo ab esse existentiae: &amp; ideo Commen</Unicode>
                </TextEquiv>
            </TextLine>
            <TextLine id="r2l69" custom="readingOrder {index:61;}">
                <Coords points="426,2882 1253,2884 1253,2845 1219,2838 426,2847"/>
                <Baseline points="431,2868 471,2867 512,2867 553,2865 594,2865 635,2865 676,2865 716,2865 757,2865 798,2865 839,2865 880,2865 921,2867 962,2867 1002,2867 1043,2867 1084,2867 1125,2867 1166,2867 1207,2867 1248,2867"/>
                <TextEquiv>
                    <Unicode>tator. 5. met. ait, quod quaestio de ente uno modo collo</Unicode>
                </TextEquiv>
            </TextLine>
            <TextLine id="r2l70" custom="readingOrder {index:62;}">
                <Coords points="435,2919 1256,2919 1256,2884 1066,2874 435,2881"/>
                <Baseline points="440,2906 480,2906 521,2906 561,2906 602,2906 642,2906 683,2906 723,2906 764,2906 804,2906 845,2906 886,2906 926,2906 967,2906 1007,2906 1048,2906 1088,2906 1129,2907 1169,2907 1210,2907 1251,2907"/>
                <TextEquiv>
                    <Unicode>catur in quaestione de genere substantiae, &amp; hoc quantun</Unicode>
                </TextEquiv>
            </TextLine>
            <TextLine id="r2l71" custom="readingOrder {index:63;}">
                <Coords points="433,2962 1264,2961 1264,2922 1208,2918 433,2916"/>
                <Baseline points="438,2946 479,2945 520,2943 561,2943 602,2943 643,2942 684,2942 725,2942 766,2943 807,2943 848,2943 889,2943 930,2945 971,2945 1012,2945 1053,2945 1094,2946 1135,2946 1176,2946 1217,2946 1259,2945"/>
                <TextEquiv>
                    <Unicode>ad primum istorum modorum. Alio modo collocatur in</Unicode>
                </TextEquiv>
            </TextLine>
            <TextLine id="r2l72" custom="readingOrder {index:64;}">
                <Coords points="432,3004 1274,3006 1274,2968 1212,2956 432,2963"/>
                <Baseline points="437,2984 478,2984 520,2984 561,2984 603,2984 645,2984 686,2984 728,2984 769,2984 811,2985 853,2985 894,2985 936,2985 977,2985 1019,2985 1061,2985 1102,2985 1144,2985 1185,2985 1227,2985 1269,2985"/>
                <TextEquiv>
                    <Unicode>quaestione de accidente, &amp; hoc quantum ad secundum</Unicode>
                </TextEquiv>
            </TextLine>
            <TextLine id="r2l73" custom="readingOrder {index:65;}">
                <Coords points="432,3052 440,3052 452,3042 469,3043 481,3033 489,3036 500,3026 518,3032 538,3028 553,3039 563,3037 562,3001 549,3004 528,2997 511,3000 493,2991 475,3004 464,3000 460,3003 455,2998 446,3005 431,3004"/>
                <Baseline points="437,3023 467,3021 497,3020 527,3021 557,3020"/>
                <TextEquiv>
                    <Unicode>modum.</Unicode>
                </TextEquiv>
            </TextLine>
            <TextLine id="r2l74" custom="readingOrder {index:66;}">
                <Coords points="467,3083 939,3065 1220,3085 1271,3076 1271,3035 467,3040"/>
                <Baseline points="473,3063 512,3062 552,3060 591,3060 631,3060 671,3060 710,3060 750,3060 790,3060 829,3062 869,3062 909,3062 948,3063 988,3063 1028,3063 1067,3063 1107,3063 1147,3063 1186,3063 1226,3063 1266,3062"/>
                <TextEquiv>
                    <Unicode>Ad secundum dicendum, quod non erit processus in</Unicode>
                </TextEquiv>
            </TextLine>
            <TextLine id="r2l75" custom="readingOrder {index:67;}">
                <Coords points="420,3117 1271,3119 1261,3076 649,3087 420,3063"/>
                <Baseline points="425,3099 467,3099 509,3099 551,3099 593,3099 635,3099 677,3099 719,3099 761,3099 803,3099 845,3101 887,3101 929,3101 971,3101 1013,3101 1055,3102 1097,3102 1139,3102 1181,3104 1223,3105 1265,3105"/>
                <TextEquiv>
                    <Unicode>infinitum, quia essentia est, seu existit per esse suum, ipsum</Unicode>
                </TextEquiv>
            </TextLine>
            <TextLine id="r2l76" custom="readingOrder {index:68;}">
                <Coords points="432,3159 1228,3171 1206,3112 433,3114"/>
                <Baseline points="438,3141 477,3141 516,3141 555,3140 595,3140 634,3140 673,3140 712,3140 752,3141 791,3141 830,3141 869,3141 909,3143 948,3143 987,3144 1026,3144 1066,3145 1105,3146 1144,3146 1183,3147 1223,3147"/>
                <TextEquiv>
                    <Unicode>autem esse non existit, quia est illud, quo aliud existit.</Unicode>
                </TextEquiv>
            </TextLine>
            <TextEquiv>
                <Unicode>autenticus; Magis enim praedictus liber debet dici fons
mortis, quam fons vitae, propter multas falsitates in ipso
contentas, vt aliqui sollemnes doctores dicunt
ARTICVLVS I
Vtrum angelus sit compositus ex esse ex
essentia.
SVANTVM ad secundum principale dico, quod lo¬
 quendo de esse actualis existentiae, in angelis est
realis composito esse &amp; essentiae
1 Quia illa, quae in eodem posita realiter differunt, 
illa faciunt realem compositionem: sed in angelo essentia
&amp; esse realiter differunt, ergo &amp;c. Maior patet: sed mino¬
rem probo, quia si essentia angeli esset idem, quod suum
esse, tunc essentia angeli non posset non esse, &amp; per con
sequens esset necesse esse, impossibile enim est aliquid se
parari a se ipso: ergo &amp;c.
2 Praeterea, in omni composito aliud est esse, &amp; ipsum
quod est: sed omnis angelus est aliquo modo compositus.
Maior patet per Doethium in libro de Hebdo, minor po¬
test declarari ex uerbis philosophi 7. meth. vbi ait, quod
multis rationibus demonstratum est, quod nihil fit nisi
compositum: sed angelus factus est, vt patuit superius.
Praeterea, si angelus esset suum esse, cum angclus sit
er se subsistens, sequeretur, quod esse ageli esset esse sul
sistens, &amp; per consequens esse purum, &amp; illimitatum, quod
est impossibile, ergo &amp;c
Sed contrarium istius multi tenent, quorum vnus ar¬
guit sic¬ 
1 Sicut se habet res ad vnitatem, bonitatem, &amp; verita.
tem; sic se habet ad esse, siue ad entitatem: sed quaelibet
res est vna per essentiam, vt patet. 4. meth. &amp; bona per es
sentiam suam, vt patet per Doethium in libro de Hebdo.
&amp; est uera per essentiam suam, ut patet per Augustinum,
in de uera religione, ergo erit ens per essentiam suam
2 Praeterea, si essentia haberet esse, per esse, quod ess
aliud ab ipsa, cadem ratione illud esse habebit esse per a¬
liud esse, &amp; sic in infinitum.
Praeterea, si esse angeli differret ab essentia eius, tuc
illud esse aut esset substantia, aut accidens: sed nec sic, nes
sic. Non substantia, quia omnis substantia aut est materia,
aut forma, aut compositum, vt patet. 2. de anima: sed esse
angeli nullum istorum esse potest. Nec est accidens quia
esse substantiale substantiae non poterit esse accidens; sub¬
stantia enim esset ens per accidens,
Praeterea, recipere presupponit esse: ergo si essentia
reciperet esse, tunc essentia esset prius, quam heret esse
bed ista non concludunt: quia nuquam potest res con
cipi cum opposito illius, quod est sibi idem essentialiter;
sed intellectus potest concipere essentiam rei creatae
cum opposito ipsius esse; Possum enim creaturam conci
pere non esse, alias ipsa esset purum necesse esse
Ad primum dicendum, quod ens dicitur dupliciter
Vno modo, vt est vnum de transcendentibus, seu, ut di
scendit in decem praedicamenta, &amp;sic quaelibet res est ens
per essentiam suam, sicut est una, uel uera per essentiam 
suam. Alio modo sumitur pro existere ipsius rei, &amp; ut sic, 
solus Deus est ens per essentiam suam: &amp; ut sic, secundum
Commentatorem 2. metaph. Deus est per se ens &amp; per se
verum: omnia autem alia sunt entia &amp;uera, entitate &amp;
ueritate Dei. Primo modo res dicitur ens ab eise essen¬
tiae. Secundo modo ab esse existentiae: &amp; ideo Commen
tator. 5. met. ait, quod quaestio de ente uno modo collo
catur in quaestione de genere substantiae, &amp; hoc quantun
ad primum istorum modorum. Alio modo collocatur in
quaestione de accidente, &amp; hoc quantum ad secundum
modum.
Ad secundum dicendum, quod non erit processus in
infinitum, quia essentia est, seu existit per esse suum, ipsum
autem esse non existit, quia est illud, quo aliud existit.</Unicode>
            </TextEquiv>
        </TextRegion>
        <TextRegion orientation="0.0" id="TextRegion_1602718327640_553" custom="readingOrder {index:1;}">
            <Coords points="1304,244 2159,244 2170,3072 2170,3198 1304,3198"/>
            <TextLine id="r3l2" custom="readingOrder {index:0;}">
                <Coords points="1327,339 2107,353 2144,333 2144,278 2095,296 2023,263 1638,308 1327,291"/>
                <Baseline points="1332,327 1372,327 1412,329 1453,329 1493,329 1533,329 1574,329 1614,329 1654,329 1695,327 1735,327 1775,326 1816,326 1856,326 1896,326 1937,325 1977,324 2017,325 2058,326 2098,326 2139,327"/>
                <TextEquiv>
                    <Unicode>Posaet etiam dici, quod ipsum esse non existit per a¬</Unicode>
                </TextEquiv>
            </TextLine>
            <TextLine id="r3l3" custom="readingOrder {index:1;}">
                <Coords points="1302,381 1358,373 1479,388 1537,372 1603,388 1679,371 1712,382 1712,345 1586,339 1515,351 1485,338 1431,348 1402,338 1375,350 1356,334 1302,330"/>
                <Baseline points="1308,365 1334,366 1361,368 1387,368 1414,368 1440,368 1467,368 1493,368 1520,368 1546,366 1573,366 1599,366 1626,365 1652,365 1679,365 1706,366"/>
                <TextEquiv>
                    <Unicode>liud esse, sed per essentiam.</Unicode>
                </TextEquiv>
            </TextLine>
            <TextLine id="r3l4" custom="readingOrder {index:2;}">
                <Coords points="1342,415 2135,422 2149,358 2029,345 1955,386 1342,377"/>
                <Baseline points="1347,408 1386,408 1426,408 1466,407 1506,407 1546,407 1586,407 1625,405 1665,405 1705,405 1745,405 1785,405 1825,404 1865,404 1904,404 1944,404 1984,404 2024,404 2064,404 2104,404 2144,404"/>
                <TextEquiv>
                    <Unicode>Forte diceretur, quod tunc esset circulus, quia essentia</Unicode>
                </TextEquiv>
            </TextLine>
            <TextLine id="r3l6" custom="readingOrder {index:3;}">
                <Coords points="1299,454 2123,462 2139,422 1299,428"/>
                <Baseline points="1305,447 1346,447 1387,447 1429,446 1470,446 1512,446 1553,446 1594,444 1636,444 1677,444 1719,444 1760,443 1801,443 1843,443 1884,443 1926,443 1967,441 2008,441 2050,441 2091,441 2133,441"/>
                <TextEquiv>
                    <Unicode>existit per ipsum esse; si ergo esse existeret per essentiam</Unicode>
                </TextEquiv>
            </TextLine>
            <TextLine id="r3l7" custom="readingOrder {index:4;}">
                <Coords points="1305,507 1795,486 2041,503 2105,496 2105,452 1305,461"/>
                <Baseline points="1310,485 1349,486 1389,486 1428,486 1468,486 1507,485 1547,485 1586,485 1626,485 1665,484 1705,483 1744,483 1784,483 1823,483 1863,482 1902,482 1942,482 1981,482 2021,482 2060,483 2100,483"/>
                <TextEquiv>
                    <Unicode>tunc essentia existeret seipsa, quod tu superius negasti.</Unicode>
                </TextEquiv>
            </TextLine>
            <TextLine id="r3l8" custom="readingOrder {index:5;}">
                <Coords points="1341,535 2119,541 2149,532 2149,490 1341,493"/>
                <Baseline points="1346,524 1385,524 1425,524 1465,525 1505,524 1545,524 1585,524 1625,524 1665,524 1705,523 1745,522 1784,522 1824,522 1864,522 1904,521 1944,521 1984,521 2024,521 2064,521 2104,522 2144,522"/>
                <TextEquiv>
                    <Unicode>Respondeo, quod essentia existit per esse, &amp; esse per</Unicode>
                </TextEquiv>
            </TextLine>
            <TextLine id="r3l9" custom="readingOrder {index:6;}">
                <Coords points="1299,568 2104,575 2150,568 2150,532 1299,544"/>
                <Baseline points="1305,564 1347,564 1389,564 1431,564 1473,564 1515,563 1557,563 1599,563 1641,563 1683,562 1725,561 1767,561 1809,561 1851,560 1893,560 1935,560 1977,560 2019,560 2061,560 2103,560 2145,560"/>
                <TextEquiv>
                    <Unicode>essentiam, aliter tamen &amp; aliter: Nam essentia existit per</Unicode>
                </TextEquiv>
            </TextLine>
            <TextLine id="line_1602718327798_557" custom="readingOrder {index:7;}">
                <Coords points="1305,623 2165,606 2165,580 2118,564 1305,573"/>
                <Baseline points="1310,603 1359,603 1408,603 1458,603 1507,603 1556,603 1606,602 1655,602 1704,602 1754,600 1803,600 1852,600 1902,600 1951,600 2000,600 2050,600 2099,600 2148,602 2160,602"/>
                <TextEquiv>
                    <Unicode>ipsum esse formaliter, &amp; perfectiue: sed ipsum esse existit</Unicode>
                </TextEquiv>
            </TextLine>
            <TextLine id="r3l11" custom="readingOrder {index:8;}">
                <Coords points="1304,665 1359,646 1956,654 1969,619 1463,625 1397,605 1304,623"/>
                <Baseline points="1310,642 1342,642 1375,642 1408,642 1440,642 1473,642 1506,642 1538,642 1571,642 1604,641 1637,641 1669,641 1702,639 1735,639 1767,639 1800,639 1833,639 1865,639 1898,639 1931,639 1964,639"/>
                <TextEquiv>
                    <Unicode>per essentiam fundamentaliter, &amp; subiectiue.</Unicode>
                </TextEquiv>
            </TextLine>
            <TextLine id="r3l12" custom="readingOrder {index:9;}">
                <Coords points="1351,696 1835,682 1994,705 2150,686 2150,649 1350,642"/>
                <Baseline points="1356,681 1395,681 1434,681 1474,681 1513,681 1553,681 1592,681 1632,681 1671,681 1711,680 1750,680 1789,680 1829,678 1868,678 1908,678 1947,678 1987,678 2026,678 2066,678 2105,678 2145,678"/>
                <TextEquiv>
                    <Unicode>Ad tertium dicendum, quod esse substantiae non est ac</Unicode>
                </TextEquiv>
            </TextLine>
            <TextLine id="r3l13" custom="readingOrder {index:10;}">
                <Coords points="1308,732 2085,736 2146,729 2146,683 1308,697"/>
                <Baseline points="1313,719 1354,720 1395,720 1437,720 1478,720 1520,720 1561,720 1602,720 1644,720 1685,720 1727,720 1768,720 1809,720 1851,719 1892,719 1934,719 1975,718 2016,717 2058,717 2099,717 2141,716"/>
                <TextEquiv>
                    <Unicode>cidens, nam cum sit quasi terminus substantiae, ipsum est</Unicode>
                </TextEquiv>
            </TextLine>
            <TextLine id="r3l14" custom="readingOrder {index:11;}">
                <Coords points="1311,771 2125,786 2144,728 1311,741"/>
                <Baseline points="1317,762 1358,761 1399,761 1440,759 1481,759 1522,759 1563,758 1604,758 1645,758 1686,758 1728,758 1769,758 1810,758 1851,758 1892,758 1933,758 1974,758 2015,758 2056,758 2097,758 2139,756"/>
                <TextEquiv>
                    <Unicode>n praedicamento substantiae, saltem per reductionem, si¬</Unicode>
                </TextEquiv>
            </TextLine>
            <TextLine id="r3l15" custom="readingOrder {index:12;}">
                <Coords points="1308,821 1586,805 1906,817 1916,774 1308,778"/>
                <Baseline points="1313,798 1342,798 1372,799 1402,800 1432,800 1462,800 1492,798 1522,798 1552,798 1582,798 1612,798 1641,798 1671,797 1701,797 1731,797 1761,797 1791,797 1821,797 1851,797 1881,797 1911,798"/>
                <TextEquiv>
                    <Unicode>cut punctus in praedicamento quantitatis</Unicode>
                </TextEquiv>
            </TextLine>
            <TextLine id="r3l16" custom="readingOrder {index:13;}">
                <Coords points="1347,849 2139,856 2139,779 2062,817 1347,813"/>
                <Baseline points="1353,840 1392,839 1431,839 1470,837 1509,837 1548,837 1587,837 1626,837 1665,837 1704,837 1743,837 1782,837 1821,837 1860,837 1899,837 1938,837 1977,837 2016,837 2055,837 2094,837 2133,836"/>
                <TextEquiv>
                    <Unicode>Ad quartum dicendum, quod quamuis agere praesup¬</Unicode>
                </TextEquiv>
            </TextLine>
            <TextLine id="r3l17" custom="readingOrder {index:14;}">
                <Coords points="1309,896 2029,896 2150,881 2150,840 1309,853"/>
                <Baseline points="1314,879 1355,878 1397,878 1438,878 1480,878 1521,876 1563,876 1604,876 1646,876 1687,876 1729,876 1771,876 1812,875 1854,875 1895,875 1937,875 1978,875 2020,875 2061,875 2103,876 2145,876"/>
                <TextEquiv>
                    <Unicode>ponat esse, eo quod suppositorum sit agere, recipere tamen</Unicode>
                </TextEquiv>
            </TextLine>
            <TextLine id="r3l18" custom="readingOrder {index:15;}">
                <Coords points="1312,933 2091,938 2142,927 2142,891 1312,895"/>
                <Baseline points="1317,918 1360,917 1403,917 1446,917 1489,916 1532,915 1575,915 1618,915 1661,914 1704,914 1748,914 1791,914 1834,914 1877,914 1920,914 1963,914 2006,914 2049,914 2092,915 2136,915"/>
                <TextEquiv>
                    <Unicode>esse non praesupponit esse: alias enim potentia recipiens</Unicode>
                </TextEquiv>
            </TextLine>
            <TextLine id="r3l19" custom="readingOrder {index:16;}">
                <Coords points="1311,966 2142,964 2142,932 2067,919 1311,932"/>
                <Baseline points="1316,959 1357,957 1398,956 1439,956 1480,954 1521,954 1562,954 1603,954 1644,953 1685,953 1726,953 1767,953 1808,953 1849,953 1890,953 1931,953 1972,953 2013,954 2054,954 2095,954 2136,954"/>
                <TextEquiv>
                    <Unicode>actum praehaberet actum, &amp; materia recipiens esse per</Unicode>
                </TextEquiv>
            </TextLine>
            <TextLine id="r3l20" custom="readingOrder {index:17;}">
                <Coords points="1306,1008 2144,1004 2144,976 2025,960 1306,969"/>
                <Baseline points="1311,996 1352,996 1393,996 1435,995 1476,995 1518,995 1559,995 1600,993 1642,993 1683,993 1725,993 1766,993 1807,993 1849,992 1890,992 1932,992 1973,992 2014,992 2056,992 2097,993 2139,993"/>
                <TextEquiv>
                    <Unicode>formam prehaberet esse. Potest etiam dici, quod recipe¬</Unicode>
                </TextEquiv>
            </TextLine>
            <TextLine id="r3l21" custom="readingOrder {index:18;}">
                <Coords points="1308,1049 2119,1057 2154,1049 2154,1002 1308,1008"/>
                <Baseline points="1313,1037 1354,1035 1396,1035 1438,1034 1480,1034 1521,1034 1563,1032 1605,1032 1647,1034 1688,1034 1730,1034 1772,1034 1814,1034 1855,1034 1897,1034 1939,1034 1981,1034 2022,1034 2064,1034 2106,1032 2148,1032"/>
                <TextEquiv>
                    <Unicode>re esse existentiae, praesupponit esse essentiae, non tamen</Unicode>
                </TextEquiv>
            </TextLine>
            <TextLine id="r3l22" custom="readingOrder {index:19;}">
                <Coords points="1315,1087 1365,1100 1385,1092 1403,1103 1424,1087 1493,1094 1549,1086 1632,1102 1631,1048 1529,1052 1514,1039 1461,1055 1442,1046 1411,1055 1395,1044 1378,1056 1314,1046"/>
                <Baseline points="1320,1077 1345,1076 1371,1076 1396,1076 1422,1075 1447,1074 1473,1074 1498,1074 1524,1074 1549,1073 1575,1073 1600,1073 1626,1074"/>
                <TextEquiv>
                    <Unicode>duratione, sed natura</Unicode>
                </TextEquiv>
            </TextLine>
            <TextLine id="r3l23" custom="readingOrder {index:20;}">
                <Coords points="1446,1179 2013,1179 2039,1177 2039,1138 1590,1126 1566,1143 1541,1127 1511,1145 1446,1141"/>
                <Baseline points="1451,1172 1480,1172 1509,1170 1538,1170 1567,1169 1596,1169 1625,1169 1655,1168 1684,1167 1713,1167 1742,1167 1771,1167 1800,1167 1829,1167 1859,1167 1888,1167 1917,1169 1946,1169 1975,1169 2004,1169 2034,1170"/>
                <TextEquiv>
                    <Unicode>ARTICVLVS III.</Unicode>
                </TextEquiv>
            </TextLine>
            <TextLine id="r3l24" custom="readingOrder {index:21;}">
                <Coords points="1374,1288 1608,1288 1699,1255 2081,1287 2072,1216 1374,1219"/>
                <Baseline points="1379,1256 1413,1256 1448,1256 1483,1256 1518,1256 1553,1256 1588,1256 1622,1256 1657,1256 1692,1256 1727,1255 1762,1254 1797,1254 1832,1254 1866,1254 1901,1256 1936,1256 1971,1256 2006,1257 2041,1257 2076,1259"/>
                <TextEquiv>
                    <Unicode>Vtrum Angelus sit compositus ex genere,</Unicode>
                </TextEquiv>
            </TextLine>
            <TextLine id="r3l25" custom="readingOrder {index:22;}">
                <Coords points="1617,1327 1680,1331 1695,1321 1738,1330 1795,1324 1852,1330 1852,1281 1822,1283 1799,1267 1765,1281 1724,1261 1711,1270 1667,1263 1654,1273 1629,1265 1617,1272"/>
                <Baseline points="1622,1305 1647,1305 1672,1305 1697,1305 1722,1305 1747,1305 1772,1304 1797,1304 1822,1304 1847,1305"/>
                <TextEquiv>
                    <Unicode>&amp; differentia</Unicode>
                </TextEquiv>
            </TextLine>
            <TextLine id="r3l26" custom="readingOrder {index:23;}">
                <Coords points="1381,1417 2144,1387 2144,1329 1571,1324 1506,1347 1381,1327"/>
                <Baseline points="1386,1388 1423,1388 1461,1386 1498,1386 1536,1386 1574,1386 1611,1386 1649,1386 1686,1385 1724,1386 1762,1386 1799,1386 1837,1386 1874,1385 1912,1385 1950,1385 1987,1385 2025,1385 2062,1383 2100,1383 2138,1382"/>
                <TextEquiv>
                    <Unicode>VANTVM ad tertium articulum, quamuis mu</Unicode>
                </TextEquiv>
            </TextLine>
            <TextLine id="r3l27" custom="readingOrder {index:24;}">
                <Coords points="1309,1438 2095,1443 2147,1426 2147,1390 1309,1419"/>
                <Baseline points="1314,1425 1355,1425 1396,1425 1438,1425 1479,1425 1521,1425 1562,1425 1603,1425 1645,1425 1686,1425 1728,1425 1769,1425 1810,1425 1852,1425 1893,1424 1935,1424 1976,1424 2017,1424 2059,1422 2100,1422 2142,1422"/>
                <TextEquiv>
                    <Unicode>ta essent dicenda de distinctione generis logici &amp; </Unicode>
                </TextEquiv>
            </TextLine>
            <TextLine id="r3l28" custom="readingOrder {index:25;}">
                <Coords points="1308,1480 2149,1490 2143,1426 1308,1437"/>
                <Baseline points="1313,1466 1354,1464 1396,1464 1437,1464 1479,1464 1520,1464 1562,1464 1603,1464 1645,1464 1686,1464 1728,1464 1770,1464 1811,1464 1853,1464 1894,1464 1936,1464 1977,1464 2019,1463 2060,1463 2102,1461 2144,1461"/>
                <TextEquiv>
                    <Unicode>genctis naturalis, ratione tamen breuitatis immediate de</Unicode>
                </TextEquiv>
            </TextLine>
            <TextLine id="r3l29" custom="readingOrder {index:26;}">
                <Coords points="1302,1516 1942,1511 1942,1483 1786,1474 1302,1480"/>
                <Baseline points="1307,1502 1338,1502 1370,1502 1401,1502 1433,1502 1464,1502 1496,1502 1527,1502 1559,1502 1590,1502 1622,1502 1653,1502 1685,1502 1716,1503 1748,1503 1779,1503 1811,1503 1842,1503 1874,1503 1905,1502 1937,1502"/>
                <TextEquiv>
                    <Unicode>scendo ad illud, quod iste articulus quaerit. </Unicode>
                </TextEquiv>
            </TextLine>
            <TextLine id="line_1602718327801_559" custom="readingOrder {index:27;}">
                <Coords points="1350,1548 2143,1563 2169,1548 2169,1496 2071,1487 1985,1523 1350,1512"/>
                <Baseline points="1355,1541 1402,1541 1450,1541 1498,1541 1545,1541 1593,1540 1641,1539 1688,1539 1736,1539 1784,1539 1832,1538 1879,1539 1927,1539 1975,1540 2022,1541 2070,1542 2118,1545 2164,1547"/>
                <TextEquiv>
                    <Unicode>Dico ergo, quod in angelis est composito generis, &amp; </Unicode>
                </TextEquiv>
            </TextLine>
            <TextLine id="r3l31" custom="readingOrder {index:28;}">
                <Coords points="1305,1591 1330,1598 1358,1587 1391,1599 1406,1587 1419,1596 1474,1587 1473,1557 1455,1557 1447,1548 1396,1560 1355,1548 1335,1552 1321,1545 1304,1546"/>
                <Baseline points="1310,1578 1336,1580 1363,1578 1389,1578 1416,1577 1442,1577 1469,1578"/>
                <TextEquiv>
                    <Unicode>differentiae.</Unicode>
                </TextEquiv>
            </TextLine>
            <TextLine id="r3l32" custom="readingOrder {index:29;}">
                <Coords points="1347,1632 2147,1642 2147,1569 1916,1558 1837,1599 1673,1576 1621,1599 1347,1592"/>
                <Baseline points="1352,1619 1391,1617 1430,1617 1470,1617 1509,1617 1549,1617 1588,1616 1628,1616 1667,1616 1707,1616 1746,1616 1785,1616 1825,1616 1864,1617 1904,1617 1943,1617 1983,1617 2022,1617 2062,1617 2101,1616 2141,1616"/>
                <TextEquiv>
                    <Unicode>Quia illud, de quo aliquod genus essentialiter praedi¬</Unicode>
                </TextEquiv>
            </TextLine>
            <TextLine id="r3l33" custom="readingOrder {index:30;}">
                <Coords points="1308,1672 2141,1673 2141,1639 2105,1624 1308,1638"/>
                <Baseline points="1313,1659 1354,1658 1395,1658 1436,1656 1477,1656 1518,1656 1559,1656 1601,1656 1642,1655 1683,1655 1724,1655 1765,1655 1806,1655 1847,1655 1889,1655 1930,1656 1971,1656 2012,1656 2053,1656 2094,1656 2136,1658"/>
                <TextEquiv>
                    <Unicode>catur, salua sua naturali distinctione ab omnibus aliis spe¬</Unicode>
                </TextEquiv>
            </TextLine>
            <TextLine id="r3l34" custom="readingOrder {index:31;}">
                <Coords points="1307,1717 2144,1719 2144,1675 1307,1678"/>
                <Baseline points="1313,1697 1354,1696 1395,1695 1436,1695 1478,1695 1519,1695 1560,1694 1602,1694 1643,1694 1684,1694 1726,1694 1767,1694 1808,1694 1849,1694 1891,1695 1932,1695 1973,1695 2015,1695 2056,1695 2097,1695 2139,1695"/>
                <TextEquiv>
                    <Unicode>ciebus eiusdem generis, in illo reperitur composito ge¬</Unicode>
                </TextEquiv>
            </TextLine>
            <TextLine id="r3l35" custom="readingOrder {index:32;}">
                <Coords points="1299,1753 2150,1745 2150,1719 2040,1699 1299,1714"/>
                <Baseline points="1304,1734 1346,1734 1388,1734 1430,1734 1472,1734 1514,1733 1556,1733 1598,1733 1640,1733 1682,1733 1724,1733 1766,1733 1808,1733 1850,1734 1892,1734 1934,1734 1976,1734 2018,1734 2060,1734 2102,1733 2145,1733"/>
                <TextEquiv>
                    <Unicode>neris &amp; differentiae; angelus est huiusmodi: quia substan¬</Unicode>
                </TextEquiv>
            </TextLine>
            <TextLine id="r3l36" custom="readingOrder {index:33;}">
                <Coords points="1311,1789 1434,1795 1474,1770 1511,1791 2065,1793 2144,1778 2144,1746 1311,1747"/>
                <Baseline points="1316,1775 1357,1775 1398,1773 1439,1773 1480,1773 1521,1772 1562,1772 1603,1772 1644,1772 1685,1772 1727,1773 1768,1773 1809,1773 1850,1773 1891,1773 1932,1773 1973,1773 2014,1773 2055,1773 2096,1773 2138,1772"/>
                <TextEquiv>
                    <Unicode>tia, quae est venus generalissimum, essentialiter predica¬</Unicode>
                </TextEquiv>
            </TextLine>
            <TextLine id="r3l37" custom="readingOrder {index:34;}">
                <Coords points="1308,1828 2096,1832 2147,1821 2147,1779 1510,1792 1473,1770 1440,1796 1308,1792"/>
                <Baseline points="1313,1815 1354,1814 1395,1814 1437,1814 1478,1812 1520,1812 1561,1812 1603,1812 1644,1812 1686,1812 1727,1811 1768,1811 1810,1811 1851,1812 1893,1812 1934,1812 1976,1812 2017,1812 2059,1814 2100,1814 2142,1814"/>
                <TextEquiv>
                    <Unicode>tur de angelo, &amp; ipse intrinsece, seu ex sui natura est distin</Unicode>
                </TextEquiv>
            </TextLine>
            <TextLine id="r3l38" custom="readingOrder {index:35;}">
                <Coords points="1311,1868 2140,1872 2140,1828 2002,1819 1311,1826"/>
                <Baseline points="1316,1853 1359,1853 1402,1851 1445,1851 1488,1851 1531,1851 1574,1851 1617,1851 1660,1851 1703,1851 1747,1851 1790,1851 1833,1851 1876,1851 1919,1851 1962,1851 2005,1851 2048,1851 2091,1851 2135,1850"/>
                <TextEquiv>
                    <Unicode>ctus ab omnibus aliis eiusdem generis: nam si istae res ma</Unicode>
                </TextEquiv>
            </TextLine>
            <TextLine id="r3l39" custom="readingOrder {index:36;}">
                <Coords points="1308,1900 2143,1902 2143,1869 2092,1860 1800,1883 1656,1856 1308,1871"/>
                <Baseline points="1314,1893 1355,1892 1396,1892 1437,1891 1478,1890 1520,1890 1561,1890 1602,1890 1643,1890 1684,1890 1726,1890 1767,1890 1808,1890 1849,1890 1890,1890 1932,1890 1973,1890 2014,1890 2055,1890 2096,1890 2138,1889"/>
                <TextEquiv>
                    <Unicode>teriales habent esse distinctum, quanto magis substan¬</Unicode>
                </TextEquiv>
            </TextLine>
            <TextLine id="r3l40" custom="readingOrder {index:37;}">
                <Coords points="1304,1945 2140,1963 2134,1897 1305,1906"/>
                <Baseline points="1310,1931 1351,1931 1392,1929 1433,1929 1475,1929 1516,1929 1557,1929 1598,1929 1640,1929 1681,1929 1722,1931 1763,1931 1805,1931 1846,1931 1887,1932 1928,1932 1970,1932 2011,1932 2052,1932 2093,1931 2135,1931"/>
                <TextEquiv>
                    <Unicode>tiae spirituales, quae maxime sunt in actu, cum actus si</Unicode>
                </TextEquiv>
            </TextLine>
            <TextLine id="r3l41" custom="readingOrder {index:38;}">
                <Coords points="1315,1990 1324,1992 1338,1980 1361,1994 1398,1978 1409,1984 1438,1979 1455,1990 1485,1984 1520,1989 1520,1944 1445,1951 1411,1934 1368,1949 1356,1943 1315,1946"/>
                <Baseline points="1320,1971 1347,1970 1375,1970 1403,1970 1431,1970 1459,1970 1487,1970 1515,1971"/>
                <TextEquiv>
                    <Unicode>qui distinguat</Unicode>
                </TextEquiv>
            </TextLine>
            <TextLine id="r3l42" custom="readingOrder {index:39;}">
                <Coords points="1325,2017 2076,2031 2140,2020 2140,1965 1977,1950 1931,1978 1879,1954 1741,1990 1325,1985"/>
                <Baseline points="1331,2012 1371,2011 1411,2010 1451,2009 1491,2009 1532,2009 1572,2007 1612,2007 1652,2007 1692,2007 1733,2007 1773,2007 1813,2007 1853,2007 1893,2007 1934,2009 1974,2009 2014,2009 2054,2009 2094,2010 2135,2010"/>
                <TextEquiv>
                    <Unicode>2 Praeterea, quandocunque aliquod genus aequalite</Unicode>
                </TextEquiv>
            </TextLine>
            <TextLine id="r3l43" custom="readingOrder {index:40;}">
                <Coords points="1313,2065 2091,2068 2150,2054 2150,2017 1313,2020"/>
                <Baseline points="1319,2049 1360,2048 1401,2048 1442,2048 1484,2048 1525,2048 1566,2048 1608,2048 1649,2048 1690,2048 1732,2048 1773,2048 1814,2048 1855,2048 1897,2048 1938,2049 1979,2049 2021,2049 2062,2049 2103,2048 2145,2048"/>
                <TextEquiv>
                    <Unicode>diuiditur in aliqua duo, si vnum diuisorum est compositum</Unicode>
                </TextEquiv>
            </TextLine>
            <TextLine id="r3l44" custom="readingOrder {index:41;}">
                <Coords points="1308,2100 2133,2108 2142,2056 1308,2069"/>
                <Baseline points="1313,2088 1354,2088 1395,2088 1436,2087 1477,2087 1518,2087 1559,2087 1601,2087 1642,2087 1683,2087 1724,2087 1765,2087 1806,2087 1847,2087 1889,2088 1930,2088 1971,2088 2012,2088 2053,2088 2094,2087 2136,2087"/>
                <TextEquiv>
                    <Unicode>ex genere &amp; differentia, &amp; alterum, sed genus generalissi</Unicode>
                </TextEquiv>
            </TextLine>
            <TextLine id="r3l45" custom="readingOrder {index:42;}">
                <Coords points="1303,2143 2151,2134 2151,2105 2105,2094 1303,2103"/>
                <Baseline points="1308,2127 1349,2127 1391,2126 1433,2126 1475,2126 1517,2126 1559,2126 1600,2126 1642,2126 1684,2126 1726,2126 1768,2126 1810,2126 1852,2127 1893,2127 1935,2127 1977,2127 2019,2126 2061,2126 2103,2126 2145,2126"/>
                <TextEquiv>
                    <Unicode>mum substantiae prima sui diuisione diuiditur immedia¬</Unicode>
                </TextEquiv>
            </TextLine>
            <TextLine id="r3l46" custom="readingOrder {index:43;}">
                <Coords points="1308,2180 2076,2189 2143,2178 2143,2138 1308,2146"/>
                <Baseline points="1313,2168 1354,2167 1395,2166 1436,2166 1478,2166 1519,2165 1560,2165 1601,2165 1643,2165 1684,2165 1725,2165 1766,2165 1808,2165 1849,2166 1890,2166 1931,2166 1973,2166 2014,2166 2055,2166 2096,2165 2138,2165"/>
                <TextEquiv>
                    <Unicode>te, &amp; aequaliter in substantiam corpoream &amp; incorpoream</Unicode>
                </TextEquiv>
            </TextLine>
            <TextLine id="r3l47" custom="readingOrder {index:44;}">
                <Coords points="1311,2221 2150,2222 2130,2176 2048,2172 1311,2184"/>
                <Baseline points="1316,2205 1357,2205 1398,2205 1440,2205 1481,2205 1523,2204 1564,2204 1605,2204 1647,2204 1688,2205 1730,2205 1771,2205 1812,2205 1854,2205 1895,2205 1937,2205 1978,2205 2019,2205 2061,2205 2102,2204 2144,2204"/>
                <TextEquiv>
                    <Unicode>cum ergo substantiae corporee, puta homo, equus, &amp; cete¬</Unicode>
                </TextEquiv>
            </TextLine>
            <TextLine id="r3l48" custom="readingOrder {index:45;}">
                <Coords points="1308,2253 2143,2272 2143,2222 2080,2213 1308,2221"/>
                <Baseline points="1313,2244 1354,2244 1395,2244 1436,2244 1478,2244 1519,2243 1560,2243 1601,2243 1643,2243 1684,2243 1725,2243 1766,2243 1808,2243 1849,2243 1890,2243 1931,2244 1973,2244 2014,2244 2055,2244 2096,2244 2138,2244"/>
                <TextEquiv>
                    <Unicode>ra huiusmodi, sint compositae ex genere &amp; differentia: er-</Unicode>
                </TextEquiv>
            </TextLine>
            <TextLine id="r3l49" custom="readingOrder {index:46;}">
                <Coords points="1301,2310 1401,2290 1951,2304 1940,2262 1301,2260"/>
                <Baseline points="1307,2288 1340,2286 1374,2285 1407,2283 1441,2283 1475,2282 1508,2282 1542,2282 1576,2282 1609,2282 1643,2282 1676,2282 1710,2282 1744,2283 1777,2283 1811,2283 1845,2283 1878,2283 1912,2283 1946,2283"/>
                <TextEquiv>
                    <Unicode>go &amp; angelus, qui est substantia incorporea</Unicode>
                </TextEquiv>
            </TextLine>
            <TextLine id="r3l50" custom="readingOrder {index:47;}">
                <Coords points="1317,2342 1749,2324 2108,2347 2144,2343 2144,2292 1317,2302"/>
                <Baseline points="1322,2328 1362,2326 1403,2324 1444,2322 1485,2322 1526,2321 1566,2321 1607,2321 1648,2321 1689,2321 1730,2321 1770,2321 1811,2322 1852,2322 1893,2322 1934,2322 1974,2322 2015,2324 2056,2324 2097,2323 2138,2322"/>
                <TextEquiv>
                    <Unicode>3 Praeterea, omnis natura finita &amp; limitata, quae es</Unicode>
                </TextEquiv>
            </TextLine>
            <TextLine id="r3l51" custom="readingOrder {index:48;}">
                <Coords points="1301,2383 2157,2380 2157,2345 2082,2329 2007,2349 1748,2323 1302,2337"/>
                <Baseline points="1307,2361 1349,2361 1391,2361 1433,2361 1475,2360 1518,2360 1560,2360 1602,2360 1644,2360 1686,2360 1729,2360 1771,2361 1813,2361 1855,2361 1897,2361 1940,2361 1982,2361 2024,2361 2066,2362 2108,2363 2151,2363"/>
                <TextEquiv>
                    <Unicode>conceptibilis conceptu confuso &amp; determinato, in illa re¬</Unicode>
                </TextEquiv>
            </TextLine>
            <TextLine id="r3l52" custom="readingOrder {index:49;}">
                <Coords points="1314,2408 2152,2420 2124,2367 1314,2382"/>
                <Baseline points="1319,2400 1360,2400 1401,2400 1443,2400 1484,2399 1526,2399 1567,2399 1608,2399 1650,2399 1691,2399 1733,2400 1774,2400 1815,2400 1857,2400 1898,2400 1940,2400 1981,2402 2022,2402 2064,2402 2105,2402 2147,2403"/>
                <TextEquiv>
                    <Unicode>peritur composito generis &amp; differentiae, angelus est hu</Unicode>
                </TextEquiv>
            </TextLine>
            <TextLine id="r3l53" custom="readingOrder {index:50;}">
                <Coords points="1311,2451 2023,2462 2153,2451 2153,2421 1311,2424"/>
                <Baseline points="1317,2439 1358,2439 1400,2439 1441,2439 1483,2439 1524,2438 1566,2438 1607,2438 1649,2438 1690,2438 1732,2438 1774,2438 1815,2438 1857,2439 1898,2439 1940,2439 1981,2439 2023,2441 2064,2441 2106,2441 2148,2442"/>
                <TextEquiv>
                    <Unicode>iusmodi; planum est enim, quod si angelus concipitur, vt</Unicode>
                </TextEquiv>
            </TextLine>
            <TextLine id="r3l54" custom="readingOrder {index:51;}">
                <Coords points="1305,2500 2153,2495 2153,2457 2092,2445 1305,2452"/>
                <Baseline points="1310,2480 1351,2478 1393,2478 1435,2478 1477,2478 1519,2477 1561,2477 1602,2477 1644,2477 1686,2477 1728,2477 1770,2478 1812,2478 1854,2478 1895,2478 1937,2478 1979,2480 2021,2480 2063,2480 2105,2481 2147,2481"/>
                <TextEquiv>
                    <Unicode>substantia est, quod magis confuse concipitur, quam si con¬</Unicode>
                </TextEquiv>
            </TextLine>
            <TextLine id="r3l55" custom="readingOrder {index:52;}">
                <Coords points="1305,2535 1802,2520 2143,2544 2152,2495 1305,2504"/>
                <Baseline points="1311,2519 1352,2519 1394,2517 1436,2517 1478,2517 1520,2517 1561,2517 1603,2516 1645,2516 1687,2516 1729,2516 1770,2517 1812,2517 1854,2517 1896,2517 1938,2517 1979,2518 2021,2519 2063,2519 2105,2520 2147,2520"/>
                <TextEquiv>
                    <Unicode>cipiatur, ut spiritus, vel substantia spiritualis, etiam patet, </Unicode>
                </TextEquiv>
            </TextLine>
            <TextLine id="r3l56" custom="readingOrder {index:53;}">
                <Coords points="1320,2578 2141,2578 2141,2539 1993,2525 1320,2532"/>
                <Baseline points="1325,2556 1365,2556 1406,2556 1446,2556 1487,2556 1527,2556 1568,2555 1608,2555 1649,2555 1689,2555 1730,2555 1770,2555 1811,2555 1851,2556 1892,2556 1932,2556 1973,2556 2013,2556 2054,2558 2094,2558 2135,2558"/>
                <TextEquiv>
                    <Unicode>quia ab illo conceptu communi, siue confuso sumitur ra</Unicode>
                </TextEquiv>
            </TextLine>
            <TextLine id="r3l57" custom="readingOrder {index:54;}">
                <Coords points="1318,2607 2148,2605 2148,2578 1954,2563 1318,2577"/>
                <Baseline points="1323,2595 1366,2595 1409,2595 1452,2595 1495,2595 1538,2595 1581,2594 1624,2594 1667,2594 1710,2594 1754,2594 1797,2594 1840,2594 1883,2594 1926,2595 1969,2595 2012,2595 2055,2595 2098,2595 2142,2597"/>
                <TextEquiv>
                    <Unicode>tio generis, &amp; a conceptu contrahente &amp; determinanto</Unicode>
                </TextEquiv>
            </TextLine>
            <TextLine id="r3l58" custom="readingOrder {index:55;}">
                <Coords points="1310,2657 1825,2637 2158,2660 2149,2615 2046,2603 1311,2607"/>
                <Baseline points="1316,2634 1357,2634 1399,2634 1441,2634 1483,2634 1525,2633 1567,2633 1608,2633 1650,2633 1692,2633 1734,2633 1776,2634 1818,2634 1860,2634 1901,2634 1943,2634 1985,2636 2027,2636 2069,2636 2111,2636 2153,2637"/>
                <TextEquiv>
                    <Unicode>illum conceptum communem &amp; constituente speciem</Unicode>
                </TextEquiv>
            </TextLine>
            <TextLine id="r3l59" custom="readingOrder {index:56;}">
                <Coords points="1308,2684 1991,2689 1991,2654 1964,2642 1845,2639 1820,2659 1308,2647"/>
                <Baseline points="1314,2673 1347,2673 1381,2673 1414,2673 1448,2673 1482,2673 1515,2673 1549,2672 1582,2672 1616,2672 1650,2672 1683,2672 1717,2672 1750,2672 1784,2672 1818,2672 1851,2673 1885,2673 1918,2673 1952,2673 1986,2673"/>
                <TextEquiv>
                    <Unicode>in esse determinato sumitur ratio differentiae</Unicode>
                </TextEquiv>
            </TextLine>
            <TextLine id="r3l60" custom="readingOrder {index:57;}">
                <Coords points="1324,2727 2155,2734 2136,2685 1324,2694"/>
                <Baseline points="1329,2715 1370,2714 1411,2713 1452,2712 1493,2712 1534,2712 1575,2711 1616,2711 1657,2712 1698,2712 1739,2712 1780,2712 1821,2712 1862,2713 1903,2714 1944,2714 1985,2714 2026,2714 2067,2714 2108,2714 2150,2714"/>
                <TextEquiv>
                    <Unicode>4 Praeterea, cum ipsa natura angeli nec sit actus purus;</Unicode>
                </TextEquiv>
            </TextLine>
            <TextLine id="r3l61" custom="readingOrder {index:58;}">
                <Coords points="1313,2771 2156,2772 2156,2734 2118,2722 1313,2729"/>
                <Baseline points="1319,2751 1360,2751 1402,2751 1443,2751 1485,2751 1526,2751 1568,2751 1609,2751 1651,2751 1692,2751 1734,2751 1776,2751 1817,2751 1859,2753 1900,2753 1942,2753 1983,2753 2025,2754 2066,2754 2108,2754 2150,2754"/>
                <TextEquiv>
                    <Unicode>quia tunc esset Deus, nec potentia pura, quia tunc esset</Unicode>
                </TextEquiv>
            </TextLine>
            <TextLine id="r3l62" custom="readingOrder {index:59;}">
                <Coords points="1320,2805 2150,2813 2134,2762 1320,2773"/>
                <Baseline points="1325,2793 1368,2792 1411,2792 1454,2791 1497,2790 1540,2790 1583,2790 1626,2790 1669,2790 1712,2790 1756,2792 1799,2792 1842,2792 1885,2792 1928,2792 1971,2793 2014,2793 2057,2793 2100,2792 2144,2792"/>
                <TextEquiv>
                    <Unicode>prima materia, oportet necessario, quod sit actus permix¬</Unicode>
                </TextEquiv>
            </TextLine>
            <TextLine id="r3l63" custom="readingOrder {index:60;}">
                <Coords points="1307,2843 2152,2841 2152,2813 2068,2799 1307,2810"/>
                <Baseline points="1313,2829 1354,2830 1396,2831 1438,2831 1479,2831 1521,2831 1563,2831 1604,2832 1646,2832 1688,2832 1730,2832 1771,2832 1813,2832 1855,2832 1896,2831 1938,2831 1980,2831 2021,2831 2063,2831 2105,2832 2147,2832"/>
                <TextEquiv>
                    <Unicode>tus potentia; &amp; ideo in ipsis angclis ratio generis sumen</Unicode>
                </TextEquiv>
            </TextLine>
            <TextLine id="r3l64" custom="readingOrder {index:61;}">
                <Coords points="1322,2880 2147,2890 2140,2839 1322,2841"/>
                <Baseline points="1328,2871 1368,2870 1409,2870 1449,2870 1490,2870 1531,2870 1571,2870 1612,2870 1653,2870 1693,2870 1734,2870 1775,2870 1815,2870 1856,2870 1897,2870 1937,2870 1978,2871 2019,2871 2059,2871 2100,2871 2141,2871"/>
                <TextEquiv>
                    <Unicode>la est a tota natura, prout in ea reperitur rom potentialis</Unicode>
                </TextEquiv>
            </TextLine>
            <TextLine id="r3l65" custom="readingOrder {index:62;}">
                <Coords points="1323,2930 2142,2924 2133,2890 1323,2881"/>
                <Baseline points="1328,2910 1368,2909 1408,2909 1449,2907 1489,2907 1530,2907 1570,2907 1610,2907 1651,2907 1691,2907 1732,2907 1772,2908 1812,2909 1853,2909 1893,2909 1934,2909 1974,2910 2014,2910 2055,2910 2095,2910 2136,2910"/>
                <TextEquiv>
                    <Unicode>ed ratio differentiae sumetur ab eodem tota natura, prou</Unicode>
                </TextEquiv>
            </TextLine>
            <TextLine id="r3l66" custom="readingOrder {index:63;}">
                <Coords points="1313,2960 2146,2969 2146,2930 2088,2917 1313,2930"/>
                <Baseline points="1319,2948 1360,2948 1401,2948 1442,2948 1483,2948 1524,2948 1565,2948 1606,2948 1647,2948 1688,2948 1730,2948 1771,2948 1812,2948 1853,2948 1894,2948 1935,2948 1976,2948 2017,2948 2058,2948 2099,2949 2141,2949"/>
                <TextEquiv>
                    <Unicode>in ea reperitur ro actualis; &amp; ratio speciei accipitut ab ea¬</Unicode>
                </TextEquiv>
            </TextLine>
            <TextLine id="r3l67" custom="readingOrder {index:64;}">
                <Coords points="1312,3002 2099,2996 2034,2956 1312,2962"/>
                <Baseline points="1317,2985 1355,2985 1394,2986 1433,2987 1472,2987 1511,2987 1550,2987 1588,2987 1627,2987 1666,2987 1705,2987 1744,2987 1783,2987 1822,2987 1860,2988 1899,2988 1938,2988 1977,2988 2016,2988 2055,2988 2094,2988"/>
                <TextEquiv>
                    <Unicode>dem natura, prout in se copulat rationem utriusque.</Unicode>
                </TextEquiv>
            </TextLine>
            <TextLine id="r3l68" custom="readingOrder {index:65;}">
                <Coords points="1356,3032 2151,3044 2151,3007 2085,2994 1356,3000"/>
                <Baseline points="1361,3024 1400,3024 1439,3026 1478,3026 1517,3026 1557,3026 1596,3026 1635,3026 1674,3026 1713,3026 1753,3027 1792,3027 1831,3027 1870,3027 1909,3027 1949,3027 1988,3027 2027,3026 2066,3026 2105,3026 2145,3026"/>
                <TextEquiv>
                    <Unicode>Aduertendum est autem, quod doctor noster frater</Unicode>
                </TextEquiv>
            </TextLine>
            <TextLine id="r3l69" custom="readingOrder {index:66;}">
                <Coords points="1315,3084 2151,3081 2151,3045 1999,3034 1962,3054 1315,3035"/>
                <Baseline points="1320,3065 1361,3065 1402,3065 1443,3065 1485,3065 1526,3065 1567,3065 1608,3065 1650,3065 1691,3065 1732,3065 1773,3065 1815,3065 1856,3065 1897,3066 1938,3066 1980,3066 2021,3066 2062,3068 2103,3068 2145,3068"/>
                <TextEquiv>
                    <Unicode>AEgidius in secundo suo scripto loquens de ista materia</Unicode>
                </TextEquiv>
            </TextLine>
            <TextLine id="r3l70" custom="readingOrder {index:67;}">
                <Coords points="1308,3120 1873,3111 2114,3135 2152,3129 2153,3081 1308,3086"/>
                <Baseline points="1313,3105 1354,3104 1396,3104 1438,3104 1479,3104 1521,3104 1563,3104 1604,3104 1646,3104 1688,3104 1730,3104 1771,3104 1813,3105 1855,3105 1896,3105 1938,3105 1980,3107 2021,3107 2063,3107 2105,3107 2147,3108"/>
                <TextEquiv>
                    <Unicode>ait, quod differentia sumpta in spiritualibus in quinque</Unicode>
                </TextEquiv>
            </TextLine>
            <TextLine id="r3l71" custom="readingOrder {index:68;}">
                <Coords points="1321,3165 1930,3168 1930,3129 1871,3111 1752,3129 1707,3110 1681,3127 1321,3115"/>
                <Baseline points="1326,3147 1357,3147 1389,3146 1420,3146 1452,3146 1483,3146 1515,3146 1546,3146 1578,3146 1609,3146 1641,3146 1672,3146 1704,3146 1735,3146 1767,3146 1798,3147 1830,3147 1861,3147 1893,3147 1925,3146"/>
                <TextEquiv>
                    <Unicode>differt a differentia sumpta in corporibus.</Unicode>
                </TextEquiv>
            </TextLine>
            <TextEquiv>
                <Unicode>Posaet etiam dici, quod ipsum esse non existit per a¬
liud esse, sed per essentiam.
Forte diceretur, quod tunc esset circulus, quia essentia
existit per ipsum esse; si ergo esse existeret per essentiam
tunc essentia existeret seipsa, quod tu superius negasti.
Respondeo, quod essentia existit per esse, &amp; esse per
essentiam, aliter tamen &amp; aliter: Nam essentia existit per
ipsum esse formaliter, &amp; perfectiue: sed ipsum esse existit
per essentiam fundamentaliter, &amp; subiectiue.
Ad tertium dicendum, quod esse substantiae non est ac
cidens, nam cum sit quasi terminus substantiae, ipsum est
n praedicamento substantiae, saltem per reductionem, si¬
cut punctus in praedicamento quantitatis
Ad quartum dicendum, quod quamuis agere praesup¬
ponat esse, eo quod suppositorum sit agere, recipere tamen
esse non praesupponit esse: alias enim potentia recipiens
actum praehaberet actum, &amp; materia recipiens esse per
formam prehaberet esse. Potest etiam dici, quod recipe¬
re esse existentiae, praesupponit esse essentiae, non tamen
duratione, sed natura
ARTICVLVS III.
Vtrum Angelus sit compositus ex genere,
&amp; differentia
VANTVM ad tertium articulum, quamuis mu
ta essent dicenda de distinctione generis logici &amp; 
genctis naturalis, ratione tamen breuitatis immediate de
scendo ad illud, quod iste articulus quaerit. 
Dico ergo, quod in angelis est composito generis, &amp; 
differentiae.
Quia illud, de quo aliquod genus essentialiter praedi¬
catur, salua sua naturali distinctione ab omnibus aliis spe¬
ciebus eiusdem generis, in illo reperitur composito ge¬
neris &amp; differentiae; angelus est huiusmodi: quia substan¬
tia, quae est venus generalissimum, essentialiter predica¬
tur de angelo, &amp; ipse intrinsece, seu ex sui natura est distin
ctus ab omnibus aliis eiusdem generis: nam si istae res ma
teriales habent esse distinctum, quanto magis substan¬
tiae spirituales, quae maxime sunt in actu, cum actus si
qui distinguat
2 Praeterea, quandocunque aliquod genus aequalite
diuiditur in aliqua duo, si vnum diuisorum est compositum
ex genere &amp; differentia, &amp; alterum, sed genus generalissi
mum substantiae prima sui diuisione diuiditur immedia¬
te, &amp; aequaliter in substantiam corpoream &amp; incorpoream
cum ergo substantiae corporee, puta homo, equus, &amp; cete¬
ra huiusmodi, sint compositae ex genere &amp; differentia: er-
go &amp; angelus, qui est substantia incorporea
3 Praeterea, omnis natura finita &amp; limitata, quae es
conceptibilis conceptu confuso &amp; determinato, in illa re¬
peritur composito generis &amp; differentiae, angelus est hu
iusmodi; planum est enim, quod si angelus concipitur, vt
substantia est, quod magis confuse concipitur, quam si con¬
cipiatur, ut spiritus, vel substantia spiritualis, etiam patet, 
quia ab illo conceptu communi, siue confuso sumitur ra
tio generis, &amp; a conceptu contrahente &amp; determinanto
illum conceptum communem &amp; constituente speciem
in esse determinato sumitur ratio differentiae
4 Praeterea, cum ipsa natura angeli nec sit actus purus;
quia tunc esset Deus, nec potentia pura, quia tunc esset
prima materia, oportet necessario, quod sit actus permix¬
tus potentia; &amp; ideo in ipsis angclis ratio generis sumen
la est a tota natura, prout in ea reperitur rom potentialis
ed ratio differentiae sumetur ab eodem tota natura, prou
in ea reperitur ro actualis; &amp; ratio speciei accipitut ab ea¬
dem natura, prout in se copulat rationem utriusque.
Aduertendum est autem, quod doctor noster frater
AEgidius in secundo suo scripto loquens de ista materia
ait, quod differentia sumpta in spiritualibus in quinque
differt a differentia sumpta in corporibus.</Unicode>
            </TextEquiv>
        </TextRegion>
    </Page>
</PcGts>
