2435 3568
261 319 1139 373 Primo, quia in corporalibus differentia non sumitur,
291 368 1148 404 rota natura, sed a parte naturae, scilicet a forma: sed in an¬
291 402 1152 456 gelis, vbi natura partem non habet, necessario sumitur a
294 439 470 484 tota natura
334 476 1121 529 Secundo, quia in angelis de eo, quod significat diffo
275 518 1127 561 rentia, praedicatur ipsum genus, sed non de eo, quod sign
276 557 1120 603 ficat differentia in corporalibus. Nam totum non praedi
281 596 1124 652 catur de parte essentialiter loquendo; Anima enim, quam
279 635 1120 679 significatur per hanc differentiam, quae est animatum, no
280 680 1130 724 est animal: si enim totum predicaretur essentialiter de
274 718 1127 764 parte, cumvnum totum habeat multas partes, vnum totu
281 755 1121 795 esset multa tota, Et hinc est, quod dicit philosophus in
279 794 1132 838 topicis, Si genus praedicaretur de differentia, vnum ani¬
286 829 671 873 mal esset multa animalia,
326 872 1127 926 Tertio, quia si in sepatatis costitueretur predicamen¬
281 910 1120 958 tum, differentia caderet in recta linea illius praedicamen
285 952 1121 1005 ti, in corporalibus vero caderet ex latere. Nam de quo-
283 990 1122 1043 cunque genus praedicatur essentialiter, illud cadit in re¬
272 1027 636 1078 cta linea illius generis.
315 1068 1122 1121 Quarto, quia differentia in corporalibus pdicatur do
279 1104 1118 1158 specie solum denominatiue, eo quod dicat partem, in se¬
272 1147 868 1198 paratis autem praedicatur essentialiter,
300 1182 1130 1238 Quinto, quia cum in separatis a materia genus & diffe
270 1226 1123 1264 rentia significent idem essentialiter: ideo coniungendo
276 1263 1118 1311 differentiam generis committitur nugatio, & non const
280 1308 1121 1349 tuitur ex hoc congrua diffinitio, in corporalibus econuer
270 1349 1119 1393 so. &c. Vnde quandocumque aliqua significant vnum &
276 1379 1120 1423 idem essentialiter, si vnum illorum significat illud per
276 1421 1113 1465 modum prioris & magis vniuersalis, & aliud per modum
270 1460 1115 1508 posterioris & minus vniuersalis, sicut est de ratione ge¬
264 1499 1098 1541 neris & speciei, addendo vnum alteri semper committi
277 1535 459 1587 tur nugatio.
315 1577 1109 1620 Quidam tamen dicunt, quod dicendo homo anima
273 1618 1111 1663 committitur nugatio: sed non econuerso, dicendo ani¬
267 1663 1112 1703 mal homo: quia terminus sequens contrahit praeceden¬
271 1693 1125 1741 tem. Istud autem non valet. quia semper pro nomine po
267 1731 1118 1775 test sumi diffinitio: sed non minus expressa est nugatio
270 1780 1118 1822 cum dicitur, animal animal rationale, quam cum dicitur
276 1810 1115 1860 animal rationale animal, ergo non minor erit nugatio di
279 1851 1031 1897 cendo, animal homo, quam dicendo homo animal
318 1888 1121 1930 bed licet ista dicta sint subtilia, tamen ea, quae ponit
280 1906 1112 1972 iste venerabilis doctor in primo membro & quinto istiu¬
279 1967 1120 2021 distinctionis, non videntur esse conformia ceteris suis
278 2005 354 2057 dictis
316 2042 1109 2087 1 Nam in primo suo scripto. 2. quaestione prologi ex¬
276 2084 1108 2132 presse dicit, quod differentia, per quam differunt singula
268 2121 1114 2166 dicit totam speciem & substantiam diffiniti, & hoc pro¬
271 2161 1118 2209 bat ibidem per philosophum. 7. meth. sed in primo me¬
273 2205 1112 2252 bro istius distinctionis dicit oppositum, saltem quantum
270 2243 815 2297 ad differentiam rerum corporalium.
322 2279 1103 2331 Praeterea, lste venerabilis doctor in scripto super. :
266 2317 1109 2363 sententiam dicit, quod in angelis ratio generis sumitur a
267 2363 1108 2407 tota natura, prout in ea inuenitur ratio potentialis: ra¬
270 2400 1121 2450 tio vero differentiae sumitur ab eadem tota natura inquam
270 2441 797 2491 tum in ea inuenitur ratio actualis.
322 2471 1110 2523 Ex hoc arguo contra quintum membrum distinctio¬
266 2511 1113 2558 nis sue sic. Quandocumque aliqua significant eandem re
260 2553 1107 2604 sub diuersis rationibus, quarum vna aliam non includit;
270 2593 1108 2636 sed potius excludit, illa simul iuncta non faciunt nuga¬
273 2632 1115 2682 tionem. ista patet per Auerroem. 4 met. vbi vult, quod di
270 2671 1107 2720 cendo, ens vnum, non est nugatio: quia quamuis ens &
273 2708 1098 2754 vnum realiter significent idem, tamen ratio entis sumi
262 2754 1103 2801 tur a positone, & ratio vnius a priuatione: sed, vt iam pro
270 2794 1102 2839 tuit ex dictis istius, alia est ratio generis, & alia est ratio
263 2830 1101 2879 differentiae angelorum, nec vna includit aliam, cum op¬
266 2878 1116 2917 positis sumantur conditionibus, puta vna a potentiali¬
265 2911 1112 2957 tate, & alia ab actualitate, ergo simul iuncta non faciunt
270 2944 1097 2996 nugationem, nec per consequens impeditur vera angelo
267 2982 1097 3035 rum disfinitio, cuius oppositum iste doctor dicit in quin
268 3023 782 3072 to membro praedictae distinctionis.
304 3057 1100 3103 Et confirmatur: Nam cum secundum Pocthium, spe¬
268 3098 1099 3148 cies proprie diffiniatur, in angelis autem reperiatur vera
261 3145 1102 3193 natura specifica, vt patet per istum doctorem, ergo ange¬
1189 315 2030 372 lus proprie poterit diffiniri; sed, vt patet in topicis &mal
1189 369 2028 410 tis aliis locis logice, &philosophiae; omnis propria diffini
1185 403 2015 452 tio datur per genus, & differentiam: ideo coniugendo go
1185 448 2024 490 nus & differentiam angelorum, debita videtur constitui
1181 489 2025 535 diffinitio, nec ex hoc resultat nugatio, nec est simile de
1185 522 2018 568 ratione generis & speciei: quia ratio speciei includit ra¬
1181 561 2016 603 tionem generis; ratio autem geueris & differentiae etiam
1169 605 2013 652 in ipsis angelis mutuo se excludunt, sicut iam patuit, &
1176 639 2016 685 ideo coniungendo nomen speciei cum nomine genetis
1183 677 1509 735 committitur nugatio.
1291 764 1891 836 ARTICVLVS IIIl
1216 843 1953 922 Vtrum in Andelis inuematir composito ex
1380 895 1794 971 substantia, & accidente.
1233 965 2004 1036 VANTVM ad quartum articulum dico, quod in
1161 1029 2000 1079 A angelis est composito substantiae & accidentis
1161 1072 2002 1120 quia Voluntas & intellectus fundata in substantia angeli
1171 1111 2004 1163 realiter differunt ab ea, cum nulla substantia creata pos¬
1161 1144 2009 1209 sit esset immediatum principium operationis, vt ait Con¬
1160 1186 1414 1238 mentator. 7. met
1209 1203 1998 1281 Ad argumentum principale dicendum, quod angelo
1160 1267 1991 1310 conuenit composito ex esse & essentia, & ex genere o
1173 1306 2003 1356 differentia. Ad probationem contra primum dicendum,
1165 1344 1996 1392 quod essentia angeli est in potentia ad esse: talis tamen
1183 1390 1997 1437 otentia non est abiiciens actum, sicut est potentia rerum
1170 1426 1999 1479 generabilium & corruptibilium, quae producunrur ab
1159 1460 2010 1510 agente naturali presupponente potentiam passiuam ma
1161 1504 1991 1555 teriae. Ad probationem contra secundum dicendum, quo
1165 1539 1994 1594 illa descriptio non est mensuralis quantum ad omne spo
1158 1583 2013 1620 ciem, quia perfecta ratio speciei potest saluari etiam in
1167 1621 1971 1672 vno solo indiuiduo, vt apparet in multis rebus creatis.
1164 1746 1988 1801 Secundae particulae principalis huius distinctionis li¬
1204 1800 1946 1857 cida subduusio, in qua angelorum conuenien¬
1409 1840 1736 1902 tia inter se aperitur.
1488 1920 1997 1974 TSICVT in praedictis &c. Post¬
1491 1969 1994 2020 quam magister tetigit aliqua, qui
1500 2013 1984 2059 bus ab initio differebant ipsi ang
1501 2047 1995 2101 li, hic tangit quedam: in quibus con
1497 2087 1989 2140 ueniebant a primordio sui initijt. &
1496 2127 1981 2175 diuiditur in tres partes; quia pri
1498 2166 1988 2207 mo ostendit huiusmodi angelorum
1495 2209 1994 2257 conuenientiam. Secundo recolli¬
1169 2239 1988 2295 it ex praedictis eorum differentiam, Tertio innuit ad
1161 2287 1985 2330 storum sufficientem cognitionem solummodo sufficere
1158 2320 1983 2367 diuinam intelligentiam. Secunda ibi, In subtilitate vero
1161 2357 1993 2406 Tertia ibi, Has distinctiones, Sequitur illa pars, lllud quo
1167 2399 1990 2449 ue, In qua magister ostendit quales fucrint angeli crea¬
1162 2439 1988 2487 ti quantum ad perfectiones morales, puta vtrum fuerint
1159 2476 1989 2520 creati boni, vel mali, iusti, vel iniusti. Et diuiditur in tres
1155 2516 1994 2559 partes: nam primo circa hoc mouet quaestionem, Secun¬
1150 2552 1982 2603 do circa propositam quaestionem recitat quandam falsam
1156 2591 1986 2643 opinionem, Tertio ponit veritatis determinationem. Se
1158 2635 1984 2672 cunda ibi, Putant quidam. Tertia ibi, Aliis autem. Hec in
1152 2671 1992 2720 duas: quia primo magister ponit secundum veram opinio
1147 2713 1980 2755 nem praedictae quaestionis determinationem: Secundo
1140 2752 1988 2796 ostendit incidentaliter, qualem ante sui confirmationem
1152 2791 1979 2836 angeli habuerunt cognitionem & dilectionem ibi, Hi¬
1149 2822 1983 2880 solet quaeri. Prima in tres: quia primo veram opinionem
1184 2867 1934 2910 tirca saepe dictam quaestionem recitat: Secundo pra
1224 2904 1913 2952 dictam falsam opinionem improbat, Tertio
1260 2945 1873 2997 auctoritates, in quibus se praedicta opinio
1299 2984 1825 3033 fundabat declarat & explanat. Secum¬
1334 3021 1790 3077 da ibi, ldeo Aug. Tertia ibi, Deu
1384 3059 1767 3116 inde qualiter, Hic quaero
1422 3099 1701 3157 hanc quaestionem
