2400 3562
728 348 1032 440 Quaestio  I
501 433 1194 513 An omnes angeli sint eiusdem speciei.
684 837 1279 919 PRVM omnes angeli sint vnius speciei.
689 896 1286 949 & videtur quod sic. Quia quale est il¬
696 932 1289 991 ud, quod destruitur, tale debet esse il¬
685 973 1286 1026 lud, per quod deperditum, seu destru¬
694 1018 1290 1070 ctum restauratur: sed ruina angelorum
672 1056 1289 1111 restauratur per ea, quae sunt vnius spe¬
450 1091 1280 1148 ciei specialissimae, puta per homines, ergo omnes angeli:
444 1130 1290 1197 qui ceciderunt sunt vnius speciei, & eadem ratione isti,
447 1171 1287 1237 qui remanserunt, erunt vnius speciei, quia de omni ordi¬
450 1220 811 1273 ne aliqui ceciderunt. &c.
480 1245 1287 1315 Contra, ea, quae differunt forma, differunt specie: quia for¬
449 1292 1281 1347 mae sunt sicut numeri, vt dicitur. 8. met. non est aut aliquos
451 1327 1277 1384 duos numeros dare in eade specie: Sed angeli differunt
438 1367 1280 1424 forma, cum non habeant materiam, vel quantitate, per cuius
444 1401 1289 1461 diuisionem distingui possint: igitur non erunt aliqui duo
444 1453 1274 1501 angeli in eadem specie: Hic quattuor sunt videnda. Pri
441 1481 1277 1542 mo vtrum in angelis sit indiuiduatio. Secudo de eo, quod
449 1521 1291 1581 quaeritur. Tertio, vtrum angelorum sit certus numerus.
459 1557 1282 1606 uarto, quia cum predictis Magister tractat in ista tertia
448 1600 1290 1655 distinctione de modo cognoscendi angelorum: ideo vi¬
453 1637 1273 1700 dendum est, vtrum angelus intelligat per essentiam suam
450 1688 848 1749 vel per species concreatas.
612 1766 1110 1837 RES OLVTIO.
429 1853 1288 1927 Licet radicale principium indiuidu ationis in materialibus sit ipsa
472 1913 1291 1967 quantitas: in separatis vero a materia sit essentia eorum, qua
481 1940 1282 1998 m esse specifico veponuntur nihilominus de potentia Dei abso¬
472 1983 1286 2039 lut a plures angelici spiritus in eadem specie esse possunt; quo¬
476 2019 1287 2080 rum numerus natur ali cognitione apud nos incertus iacet,
477 2059 1289 2126 quamquam in patria erit nobis satis perspectus: intexea tamen
479 2100 1288 2159 ipsi angeli se per suam natuvram cognoscunt: alia vero a se nec
479 2135 1279 2196 per suam, nec per cognolcibilium essentiam, sed per species sibi
471 2187 863 2240 contretas perfecte agnoscunt.
596 2262 1111 2327 ARTICVLVS I
588 2340 1136 2434 Vtrum in Angelis sit induuduatio.
516 2456 1280 2517 VANTVM ad primum dicendum, quod duplex
453 2501 1278 2547 e est modus indiuiduationis. Vnus in rebus mate¬
438 2544 1286 2588 rialibus Alius in rebus immaterialibus. Ideo primo vi¬
443 2586 1094 2626 dendum est de primo, secundo de secundo.
477 2612 1290 2665 Circa primum est aduertedum, quod appellando prin¬
437 2653 1284 2709 cipium indiuiduationis illud, quo radicaliter contingit
453 2691 1277 2749 lura solo numero differentia esse in eadem specie modo
433 2735 1276 2790 naturali, sic quantitas est principium originale, siue radi¬
440 2768 1278 2825 cale ipsius indiuiduationis, quia pro tanto plurificantur
444 2808 1275 2858 aliqua in eadem specle, quia diuisa est eorum materia;
438 2845 1274 2900 sed secundum modum, quem videmus, materia non diui
438 2896 1274 2944 ditur, nisi extensa per quantitatem: ergo non possunt na¬
441 2935 1282 2976 turaliter esse per quantitatem: Supernaturali tamen mo
444 2964 1288 3022 do distincta indiuidua materialia per diuinam potentiam
459 3006 1274 3056 ossunt fieri in eadem spetie sine omni quantitate, quia
447 3051 1273 3102 quaecum que potest Deus separata a quantitate distincta
446 3080 1277 3130 conseruare, illa potest Deus sine quantitate dictincte crea
444 3124 1288 3191 re, sed Deus potest annullata quantitate duorum lapidum
1325 286 2178 350 formas eotum in suis materiis conseruare: igitur sine quan
1336 345 2165 394 titate poterit supposita indiuidua illorum lapidum ex sua
1325 386 1973 435 materia & forma constituta distincte creare.
1361 429 2196 469 Forte dicetur, quod ista indiuidua non essent distincta,i
1332 460 2169 515 quia illa non possunt esse distincta, quae nullam penitus ha¬
1332 498 2169 544 bent dissimilitudinem, sed isti duo lapides essent huius¬
1327 538 2171 592 modi, quia nec ex parte materiae, nec ex parte formae, pos¬
1320 578 2168 631 set aliqualis similitudo concerni inter eos, & per conse¬
1323 620 2156 666 quens erunt penitus idem, quia vbi nulla est dissimilitu¬
1323 659 1859 704 do, ibi necessario est identitas.
1360 694 2172 741 Respondeo, quod cum simile & dissimile non dicantur
1323 733 2163 785 secundum quantitatem, sed potius secundum qualitatem,
1324 777 2172 826 vt patet in praedicamentis, igitur annullata omni quanti¬
1330 810 2175 857 tate, adhuc per diuersas qualitates materiam disponen¬
1328 849 2167 902 do Deus posset multas dispositiones creare in huiusmodi
1326 895 1481 947 indiuiduis,
1344 929 2161 981 Sed vtrum circumscripta omni accidentali disposito¬
1320 978 2166 1015 ne adhuc Deus possit talia indiuidua distincta creare, ac
1323 1011 1714 1058 distincte creata conseruare
1368 1045 2165 1094 Quamuis haec difficilioris speculationis sit: tamen sal¬
1333 1086 2168 1136 so semper meliori iudicio ad presens teneo, quod sic quia
1323 1127 2162 1174 Deus potest illa, quae sunt priora ordine essentiali, serua¬
1326 1166 2172 1213 re sine suis posterioribus: sed natura materiae & natura for
1324 1205 2168 1249 mae substantialis sunt priora ordine essentiali omnibus
1329 1243 2168 1287 accidentibus corporalibus, quia vt dicitur primo physico
1326 1283 2165 1330 rum, materia cum forma est causa omnium accidentium,
1338 1328 2162 1377 quae fiunt in ea: sicut igitur materia, & forma, quae sunt na
1323 1362 2162 1412 turaliter priora omnibus accidentibus, quae fiunt in eis,
1323 1406 2171 1455 sic duae naturae duorum lapidum sunt naturaliter priores
1335 1439 2168 1490 vmnibus accidentibus fundatis in eis, quia in coiunctio
1339 1479 2159 1529 se formae substantialis, cum materia naturaliter prius re
1330 1520 2174 1564 sultet natura substantialis, quam aliqua accidentalis natu
1324 1561 2162 1604 ra causetur in tali subste ntiali natura: igitur Deus tales
1328 1598 2168 1645 duas lapideitates simpliciter constitutas ex suis partibus
1320 1639 2177 1683 essentialibus in esse incommunicabili potest conser¬¬
1323 1682 2165 1729 uare, omnibus accidentibus maxime absolutis penitus
1326 1713 1548 1766 circum scriptis.
1362 1751 2164 1797 Sed contra primam conclusionem aliqui arguunt di¬
1325 1791 1830 1846 recte, aliqui indirecte Directe sic
1341 1830 2163 1882 1 Illud, quod alicui non est causa suae entitatis, hoc non
1322 1873 2164 1917 est causa suae vnitatis, & per consequens non est causa suae
1322 1913 2156 1955 indiuiduationis: quantitas non est alicui supposito praedi
1332 1961 2158 2007 tamenti substantiae causa essendi, seu entitatis: igitur non
1338 1990 2168 2032 rit causa indiuiduationis suae. Minor patet de seipsa; Pro
1323 2032 2161 2080 batur maior, quia secundum philosophum 8. met. Simile
1326 2068 2159 2115 est quaerere, quae sit causa vnius & quae sit causa essendi.
1342 2111 2169 2160 2 Praeterea, posterius non potest esse causa prioris: sed
1326 2146 2168 2191 indiuiduum quantitatis est posterius indiuiduo substan¬
1327 2186 2168 2236 tiae: ergo indiuiduum quantitatis non potest esse princi¬
1330 2229 2169 2278 pium indiuidui substantiae. Maior patet. Minor probatur;
1330 2274 2172 2317 quia sicut substantia, vt est genus praedicabile, est essen¬
1332 2305 2171 2350 tialiter prior quantitate: sic, vt est genus subiicibile, puta
1312 2342 2165 2393 indiuiduum substantiae, naturaliter est prior indiuiduo
1329 2380 1494 2433 quantitatis
1405 2421 2167 2472 Praeterea, lllud, quo remoto, non minus res fit in¬
1328 2438 2170 2503 diuidua, hoc non est principium indiuiduationis: sed re-
1321 2503 2177 2544 mota quantitate, puta si forma substantialis non median
1334 2541 2168 2588 te quantitate reciperetur in materia, non minus, sed ma¬
1341 2579 2171 2620 tis constituitur indiuiduum: quia quantitas non est me¬
1339 2618 2166 2664 lium per se, & in perfici: sed solum per accidens & in fieri
1345 2663 2169 2712 4 Praeterea, si quantitas esset principium indiuiduatio
1332 2697 2174 2746 nis, tunc indiuiduum praedicamenti substantiae esset ens
1347 2739 2171 2781 er accidens, & per consequens non esset in praedicamen
1329 2776 2166 2816 to, sed in praedicamentis; quae omnia sunt falsa. consequen
1332 2813 2164 2859 tia patet, quia quantitas cum substantia non potest facero
1342 2852 1951 2901 num per se, sed solum per accidens: ergo.
1353 2886 2158 2942 Sed quauis ista aliquo modo concludant contra illos,
1340 2932 2164 2978 ui absolute dicunt quantitatem esse principium indiui¬
1332 2971 2165 3010 duationis: tamen non sunt contra me, quia dixi, quod quan¬
1335 3005 2171 3058 itas est principium indiuiduationis, non quomodocum¬
1338 3053 2168 3094 ue: sed prout illud appellatur principium indiuiduatio¬
1329 3087 2164 3132 nis, per quod originaliter reperiuntur plura indiuidua
1328 3133 2163 3183 materialia in eadem specie: & ideo multi non bene intel
