2456 3572
255 289 1133 364 rognoseat per species: Quo ad pritrum pono tres con¬
264 349 405 400 clufior es
291 392 1110 432 Prima, est quod angelus intelligit essentiam suam per
258 428 1118 470 seipsam: quia quandocum que obiectum actu intelligibi¬
257 469 1119 513 le debite proportionatum alicui potentiae intellectiuae
261 507 1105 551 est per seipsum actualiter presens illi potentiae, tunc in
252 548 1115 590 telligitur a tali potentia per seipsum, nulla alia specie
258 596 1113 637 tamquam representatiuo medio requisita: sed essentia an
263 627 1120 676 geli est obiectu actu intelligibile debite proportionatum
268 674 1116 719 angelico intellectui pr seiptam actualiter praesens, ergo &c.
293 705 1108 745 Forte dicetur contra maiorem, quod anima rationali
258 740 1111 788 est actu intelligibilis, cum sit substantia spiritualis, & actu
258 786 1117 830 est praesens humano intellectui, & tamen intellectus noster
263 825 1114 871 non intelligit essentia animae per seipsm, vt patet. 3. de aia
302 861 1114 912 Respondeo, quod ad presens per actu intelligibilem in
265 905 1115 943 telligitur aliquid se habens per modum actus in genere
267 940 1108 982 intelligibilium, sed essentia animae rationalis non se ha¬
257 975 1121 1026 bet per modum actus in genere intelligib ilium: sed per
268 1021 1112 1069 modum purae potentiae, quia sicut materia prima se habet
263 1057 1109 1106 in genere entium, sic anima rationalis in genere intelli¬
264 1098 1109 1148 gibilium, vt ait Commentator. 3. de anima: lpse etiam in
258 1139 1110 1182 tellectus animae rationalis in sui primordio est sicut tabi
271 1179 1110 1226 la rasa, in qua nihil est depictum, vt patet per philosophi
267 1213 1110 1260 ibidemalgitur non est simile de essentia angeli, & essen¬
268 1254 1103 1304 tia animae rationalis; nec de intellectu angeli, & intelle
257 1295 1115 1345 ctu animae rationalis, quia non solum essentia angeli, sed
264 1336 1118 1386 et intellectus angeli est actus in genere inelligibilium, &
264 1373 1110 1423 est etiam actiuatus speciebus intelligibilibus sibi concrea
261 1410 1113 1459 tis a primordio suae creationis, quibus speciebus res; qua
264 1449 1062 1502 sunt extra se, solet cognoscere, vt patebit infra.
293 1490 1109 1534 Forte iterum dicetur, quod si esse actuum in genere in
260 1535 1114 1581 telligibilium facit ad hoc, quod aliquid intelligatur ab
258 1572 1109 1622 Angelo per suam essentiam sine specie media, tunc ange
260 1608 1114 1653 lus inferior intelligeret essentiam Angeli superioris per
255 1648 1121 1702 seipsam sine specle, quod est simpliciter falsum consequen
255 1688 1109 1737 tia patet, quia essentia Angeli superioris est actus in gend
266 1731 1118 1780 re intelligibilium, est enim actualior in tali genere, quam
263 1767 659 1823 essentia Angeli inferioris.
300 1808 1104 1857 Respondeo, quod licet fit actus tamen non est actuali¬
260 1848 1109 1898 ter praesens intrinsece intellectui Angeli inferioris: &
258 1885 1113 1931 ideo ad hoc, quod essentia superioris intelligatur ab in¬
267 1923 1106 1971 feriori, nece sse est, vt sit sibi praesens mediante specie ipsi
272 1965 1109 2014 representante; si enim essentia vnius angeli per seipsam
264 2002 1108 2052 esset intrinsece praesens alteri Angelo, tunc illaberetur
269 2043 1118 2103 quod est falsum, quia nulla creatura per se existens per es
269 2084 1115 2130 sentiam illabitur alteri creaturae, talem enim illapsum
268 2127 1087 2185 Deus, quia oia intrinsece conseruat, sibi soli reseruauit
302 2164 1099 2212 Forte adhuc dicetur, quod ex his sequatur, quod Ang
263 2203 1114 2248 lus naturali cognitione cognoscat Deum per essentiam
257 2244 1105 2294 suam, quod est falsum, quia tunc naturaliter esset beatus
260 2286 1118 2327 quia visio Dei per essentiam est beatifica visio consequen
261 2320 1106 2371 tia patet, quia essentia Dei est actu intelligibilis; est enin
273 2356 1113 2411 purus actus in genere intelligibilium, vt patet. 12. met.
264 2400 1109 2452 e est intrinsece praesens intellectui angelico per essen¬
266 2434 917 2488 tialem illapsum, vt iam dictum est, ergo &c
318 2476 1121 2527 Respondeo, quod licet essentia diuina sit purus actus
273 2512 1115 2568 in genere intelligibilium, & sit intime praesens intellectui
264 2554 1106 2606 angelico; tamen Angelus essentiam Dei per essentiam
270 2590 1109 2647 scnicet, visione perfecta, quae est beat ifica naturaliter non
266 2637 1103 2681 cognoscit, eo, quod huiusmodi obiectum potentiae ange
260 2673 1121 2725 licae non sit naturaliter proportionatum: sed excedens
257 2716 1111 2763 & supereminens valde nimis, propter quod indiget Ango
266 2752 1115 2808 lus gratia naturam eleuante, ac lumine gloriae intellectu
276 2791 1118 2847 perficiente ad hoc, quod circa nudam diuinam essentiam
263 2825 892 2891 perfctum actum eliuiat beatificae visionis
314 2856 1113 2919 Patet igitur quomodo tribus particulis positis in ma¬
261 2905 1121 2963 iori cauetur superficienter huiimodi tribus instantiis sci
276 2948 1112 2998 licet per primam primae, per iccundam tertiae, per tertiam
267 2997 688 3039 secundae cauetur instantiae.
299 3027 1114 3074 Conclusio secunda est, quod Angelus per essentiam
272 3060 1111 3116 suam non intelligit ea, quae sunt extra se: quia illud, quod
266 3104 1109 3157 est proprium solius Dei, hoc non angelo, nec alicui crea¬
264 3138 1116 3200 turae debet attribui, sed quod intelligens per essentiam
1161 308 2009 356 intelligat ea, quae sunt extra se, proptium est solius Dei
1169 349 2006 407 Maior est nota: minorem probo: quia cum cognitio fa
1164 397 2013 444 per assimilationem, oportet illud esse exemplar coguit a¬
1166 433 2008 481 rum rerum, quod est ratio, per quam cognoscitur, sed so
1152 469 2015 528 lum diuina essentia est ldea, seu perfectu exemplar omnium
1162 514 2019 554 creaturarum, vt probaui superius in primo libro, ergo &c
1160 552 2015 605 Forte dicetur, quod falsum assumitur in minori istius
1163 591 2003 635 probationis, quia dicit Dionysius. 3. de di no, quod prin¬
1162 626 2009 675 cipaliora in entibus sunt exemplaria aliorum, sed Angeli
1166 666 2003 721 sunt entia principaliorat ergo angeli erunt exemplaria ex
1158 703 1412 757 tium inferiorum
1164 748 2006 789 2 Praeterea, ista conclusio videtur esse contra Aucto¬
1166 787 2007 838 rem de causis, qui. 8. propositone sui libri ait, quod intel
1164 821 1940 877 ligentia scit res per modum substantiae suae.
1168 864 2003 914 Ad primum dicendum, quod Angeli dicuntur aliorum
1165 902 2004 959 exemplarta, non per essentiam, sed per species intelligi¬
1161 940 2005 983 biles, quae sunt eorum intellectui concreatae.
1160 981 2019 1026 Ad secundum dicendum, quod pro tanto dicitur Angelus
1153 1021 2012 1064 res scire per modum substantiae suae, quia nihil intelligit de
1161 1060 2006 1103 rebus creatis, quae sunt extra se, nisi intelligendo se. lste
1170 1098 2009 1153 enim est ordo cognitionis angelicae loquendo de cogni¬
1158 1136 2010 1182 tione naturali, quod primo intellectus Angelicus fertur
1157 1178 2004 1229 super essentiam suam, deinde engnoscendo essentiam con
1155 1213 2003 1261 gnoscit seipsum & ceteras potenttas, quae sunt in essen¬
1170 1254 2001 1299 tia, tertio cognoscendo se; cognoscit omnium rerum spe
1165 1293 2004 1339 cies, quas habet in se, & per consequens cognoscit res,
1161 1333 2003 1383 quarum sunt species, quodammodo puta in vniuersali, &
1158 1371 2003 1426 quarto cognitis sic rebus in vniuersali, voluntas Angeli
1162 1415 1993 1464 vt It magis cognitionem vnius rei, quam aliarum: idec
1158 1451 1998 1495 voluntas determinat intellectum ad eius cognitionem,
1169 1488 2006 1536 & tunc intellectus iuxta voluntatis imperium conuertit
1152 1530 1998 1571 se determinate super speciem illius rei representatiuam.
1161 1571 2001 1614 & sic mediante huiusmodi specie determinata determi-
1160 1610 2003 1656 nate & perfecte cognoscit illud, quod voluntas cognosci
1160 1651 2009 1689 voluit. Propter quod de primo ad vltimum Angelus eo¬
1169 1685 2003 1738 gnoscit omnia per essentiam aliquo modo causaliter; quia
1152 1731 1996 1771 si non cognosceret essentiam suam, tunc ceterorum
1161 1768 2009 1815 nihil cognosceret: & ideo dicitur res cognoscere modo
1159 1805 2006 1848 substantiae suae: quia autem huiusmodi cognitio rerum
1167 1843 2007 1887 vniuersalis & indistincta sufficiat ad hoc, quod voluntas
1162 1882 1994 1925 desideret & imperet distinctam notitiam alicuius, hoc po
1166 1922 1991 1965 tet expresse per August. 9: de trin. & 1o de trini intelli¬
1166 1961 1991 2011 git igitur Angelus omnia modo substantiae suae, quia a eo
1173 2010 1987 2052 gnitione substantiae suae dependet cognitio omnium ce
1158 2046 2000 2094 terorum, quae ipse Angelus cognoscit cognitione natura
1156 2077 1949 2127 li, siue ad intra, siue ad extra cognoscantur: ergo &c.
1191 2118 1994 2164 Conclusio tertia est, quod angelus nou cognoscit res, qua
1155 2157 1999 2200 sunt extra ipsum per essentias ipsarum rerum, quia ime
1163 2195 1994 2240 diata ratio intelligendi oportet, quod sit intellectu: sec
1165 2237 1997 2279 essentiae rerum secundum seipsas non sunt in intellectu
1158 2278 2003 2319 angelico : ergo tales essentiae non possunt esse rationes,
1162 2315 2007 2366 per quas intellectus angelicus cognoscit res, quae sunt
1168 2360 1994 2399 extra ipsum Maior patet: minor probatur: quia da oppo¬
1158 2396 1991 2436 situm, tunc essentiae rerum illaberentur menti angelicae
1163 2432 2002 2483 quod est impossibile, vt patet ex predictis; Etiam cum sup
1169 2482 2005 2520 ponatur res esse extra intellectum, si essentiae essent in in
1167 2511 1997 2559 tellectu, tunc esset manifesta contradictio, scilicet quod res
1164 2552 2013 2605 essent extra intellectum, & non esset extra intellectum,
1171 2587 1739 2639 quia vbi est essentia rei, ibi est res.
1240 2629 2000 2673 Sed contra istud forte dicetur, quod intellectus no¬
1157 2669 2007 2717 ster per quidditatem rei, quae est in amma, cognoscit quid
1160 2710 2000 2750 ditatem, quae est in re extra: ergo multo magis hoc pote¬
1158 2745 1538 2797 rit intellectus angelicus.
1173 2786 2009 2832 2 Praeterea, secundum Dion. Angelus superior illumi
1162 2827 1999 2873 nat inseriorem : ergo poterit in eo immediate causare
1161 2857 1451 2915 actum intelligendi¬
1235 2902 2007 2949 Preterea, intellectus noster cognoscit substantiam
1158 2942 2000 2987 rei exterioris immediate per seipsam ergo hoc poterit
1167 2982 2006 3028 intellectus angelicus consequentia patet: probatur ante¬
1164 3021 2006 3061 cedens: quia nihil est in intellectu, quin prius fuerit in sen
1169 3061 2004 3100 su, sed species substantiae numquam fuit in sensu: ergo nec
1158 3100 2006 3144 in intellectu, & per consequens substantia cognoscitur
1171 3136 1668 3200 per intcllectum per seipsam.
