2216 3538
90 308 911 373 habuit postea; non potuit tamen se ex se mouere ad pri¬
90 366 918 422 mum actum, vt patuit per Ans. si. nm mouisset se ad uolen¬
90 408 908 457 dum, quo ad primum actum, quia volendo mouisset se
90 451 906 497 tunc ante suum primum actum fuisset in actu uolendi; pr
84 487 912 547 mum igitur imo tum voluntatis oportet nos reducere in
93 524 338 577 ipsum creatorem.
107 561 909 610 Ad secundum dicedum ad minorem, quod primus mo
88 607 903 658 tus voluntatis non comperit voluntati elicitiue actiue
84 648 905 700 cum sit a creante. Ad probationem dicendum, quod Au¬
77 686 907 730 gustin, loquitur ibi de effectu causae naturalis, qui quam
81 724 901 778 uis sit coaeternus causae, reducitur tamen, vt plurimum it
87 766 902 804 psum generans, sicut descensus deorsum ipsius grauis re¬
88 801 903 848 dutitur in generans graue, vt sic ratio est pro nobis: quia
90 843 902 895 primus actus voluntatis, cum vt sic, reducatur in ipsum
86 874 905 927 Deum, non est libere a voluntate: igitur non potest esse
81 919 226 967 pectatum.
102 937 905 1012 Ad tertium nego antecedens de pura creatura loquen
81 984 912 1050 do. Ad probationem dico, quod Christus non fuit pura
70 1035 200 1090 ceatura.
108 1066 896 1129 ed forte dicetur de anima nostra rationali, quae es
82 1119 896 1168 ura creatura, & tamen maculatur peccato originali
81 1156 901 1219 um corpori humano infunditur in primo instanti suae
78 1195 209 1241 treationis
100 1217 896 1279 hespondeo, quod non est simile: quia anima human¬
76 1271 902 1317 percato originali non maculatur ex sua personali electio
72 1315 897 1362 ne, el operatione: sed ex aliena actione, & ex eo que corpo
76 1352 896 1416 nsedo coniungitur, angelus autem non potuit macula¬
67 1391 710 1436 ninisi ex sua propria & personali clectione,
103 1419 898 1471 Tertia est opinio cuiusdam doctoris, qui circa istam
91 1469 909 1519 estionem ponit duas propositiones: Quarum prima est
72 1514 909 1558 mod angelus in primo instanti creationis suae potuit eli
64 1548 892 1593 ten actum desectuosum, & fundamentum suae rationi¬
69 1584 902 1631 Mhoc probandum est, quia voluntas eius potuit elicere
58 1631 903 1679 acum male circumstantionatum, puta quia potuit delige
56 1665 898 1708 rse super Deum, seu plus quam Deum: Secunda propo¬
60 1702 902 1755 suo est, quod angelus in primo instanti non potuit elice
54 1742 671 1792 re actum defectuosum sibi imputabilem
76 1785 894 1833 Fondamentum autem huius secundae propositonis non
54 1822 906 1874 em recitare: quia propositionem concedo, eo quod sit
66 1863 906 1909 nsona meae conclusioni: ergo tantum modo ad praesens
57 1902 904 1944 tolo ostendere, quod istae duae propositiones simul stare
60 1938 257 1994 non possunt
75 1976 905 2022 1 Quta omnis effectus defectuosus, si non fuit casualis
49 2011 902 2062 imentandus est aut causae immediate elicienti, si libere
49 2056 904 2101 tietur, aut causae dirigenti, si a tali cam effectus defectuosus
47 2095 902 2145 ticitur, quae a superiori causa in eliciendo talem effectu
47 2136 892 2181 Tpitur: sed secundum te angelus in primo instanti po¬
47 2173 903 2220 n elicere actum defectuosum: cum igitur huiusmodi ef
48 2212 905 2263 reus non possit esse casualis, cum sit agentis a proposito,
45 2253 895 2297 ner derectus talis possit retorqueri in causam dirigentem
45 2290 897 2341 Se in ipsum Deum: ergo imputandus est causae elicien¬
35 2333 352 2385 n, pata ipsi angelo.
90 2365 897 2416 Praeterea, omnis actus elicitus contra rectum iudi¬
56 2405 895 2456 m rationis imputandus est elicienti, maxime si elicie¬
30 2452 895 2496 emax rationis : sed quoe angelus plus diligat se, quam Det
36 2487 896 2530 nem n primo instanti secundum Aug cognouit esse fa¬
30 2527 896 2575 eorem suum, & omnino summum bonum, hoc est contra
24 2571 896 2615 nrectum indicium rationis: ergo cum angelus sit rationis
29 2606 707 2662 Sna, talis defectus sibi esset imputandus.
72 2636 894 2697 Ad motinum primae suae propositonis dicendum, quo
60 2681 896 2729 imus motus voluntatis angelicae actiue non est ab ang¬
36 2720 902 2780 nased a Deo; igitur impossibile est illum primum motum
57 2765 856 2819 ntatis angelicae fuisse male circumstantionatum.
171 2837 780 2928 ARTICVLV S. I.
50 2925 848 3007 trum demones post peccatum habeant locim
342 2994 602 3050 determinatum.
75 3086 898 3142 VA NTVM ad tertium articulum est aduertendum
94 3119 904 3170 qnod in malis angelis quantum ad praesens duo
51 3166 907 3219 amus considetate, scilicet peccatum & officium, & se¬
960 326 1791 387 cundum hoc possumus ponere duas conclusiones.
992 374 1797 419 Prima est, quod considerando eorum peccatum, tuni
969 397 1799 458 proprius eorum locus est infernus: quia grauitas inclinas
963 455 1806 497 rem deorsum: sed peccatum est grauitas, qua grauatur sub¬
954 494 1806 540 stantia spiritualis: ergo infernus, qui est locus summe deor
954 527 1802 580 sum, est proprius locus daemonum, considerando eorum
966 572 1131 617 peccatum.
975 610 1791 655 Secunda conclusio est, quod quantum ad eorum officium
963 645 1802 702 daemones vsque ad diem iudicij, seu vsque ad diem nouissi¬
961 690 1798 742 mum pro loco habent aerem, ac etiam infernum: quia de
967 735 1787 784 mones quantum ad suum officium tentatores homi
961 769 1787 825 num viuentium, & tortores peccatorum post mortem ac
961 808 1791 859 infernum descendentium: ergo quantum ad primum offi
954 850 1791 899 cium pro loco habent aerem, sed quantum ad secundum,
947 880 1379 942 pro loco habent infernum.
988 894 1793 976 Ex is duabus conclusionibus corollarie potest infer¬
945 951 1791 1004 ri, quod post diem indicij ipsorum doemonum locus erit
953 1001 1786 1043 tantummodo infernus: quia tunc desinet in eis officium
957 1046 1790 1078 tentandi, & tantummodo remanebit in eis officiu punie¬
949 1075 1774 1121 di eos, qui cum eis in inferno perpetuo remanebunt.
963 1116 1777 1171 Forte dicetur, quod inter locum & locatum debet es
947 1155 1795 1209 se proportio: sed substantia spiritualis propter suae natura
945 1196 1789 1244 lis puritatis excessum non habet proportionem ad ista lo
948 1234 1599 1283 ca vilia, cuiusmodi sunt, aer, & infernus &c
977 1266 1780 1320 Dicendum, quod licet talia non conueniant angel¬
949 1318 1778 1362 ratione naturae angelicae in sua puritate manente, tament
963 1360 1787 1416 possunt sibi competere ratione officii, vel ratione culpae
953 1390 1107 1441 contractae.
1068 1469 1679 1550 ARTICVLVS I1I1.
941 1552 1784 1636 Vtrum peccatum primi angeli ceteris angelis pecca.
1111 1616 1621 1685 toribus fuerit occasio peccandi.
941 1705 1787 1754 SVANTVM ad quartum articulum pono duas con
987 1744 1217 1791 clusiones.
990 1785 1781 1833 Prima est, quod peccatum Tuciferi fuit maius peccatis
947 1821 1788 1869 ceterorum angelorum peccantium: quia vbi est maior in
953 1867 1786 1906 gratitudo, ibi ceteris paribus est maius peccatum: sed in
944 1897 1782 1956 Lucifero, siue in peccato Luciferi erat maior ingratitu¬
952 1938 1777 1983 do: ergo &c. Maior patet: probo minorem: quia pluribu
947 1979 1786 2030 existentibus beneficiatis nolentibus subesse suo benefa¬
951 2019 1784 2063 ctori, & recepta beneficia ab eo recognoscere, tunc maior
945 2059 1782 2109 apparet ingratitudo in illo, qui plura & maiora recepit
951 2095 1784 2142 beneficia: sed omnibus alijs agelis Lucifer recepit a Deo
952 2142 1788 2190 plura & maiora beneficia: quia omnes alios angelos ipse
946 2178 1786 2224 excessit in naturae suae splendore & naturalium perfectio
948 2215 1779 2264 num decore. Vnde de ipso exponitur illud. Tu signacu¬
952 2254 1788 2303 lum similitudinis plenus sapientia, & perfectus decore,
954 2294 1777 2334 omnis lapis pretiosus operimentum tuum: Et tot & tan¬
954 2334 1782 2381 ta beneficia ipse noluit a Deo recognoscere: sed potius com
961 2370 1787 2414 ra Dei voluntatem se erigere volendo non a Deo, sed ex
960 2413 1781 2463 uris suis naturalibus consequi suam petfectam beatitu¬
954 2447 1178 2500 dinem: ergo &c
949 2486 1810 2539 Secunda conclusio est, quod Lucifer fuit ceteris malis an s
957 2528 1784 2574 gelis causa, vel occasio peccandi: quia vt plurimum vide¬
955 2565 1781 2620 mus illud appetere inferiores, quod superiores habent
955 2605 1779 2655 vel quod superiores nituntur habere, sed inferiores ango
948 2645 1796 2693 li videbant quod Lucifer voluit suam beatitudinem ha¬
955 2683 1786 2724 bere per naturam & non ex gratia Dei; ergo cum ipse fue¬
952 2724 1794 2763 rit maioris scientiae, & perfectionis, quam quicumque ce
952 2764 1781 2812 terorum, verisimile esse videtur, quod caeteri mali anceli
947 2798 1788 2845 tamquam sapientiorem, & perfectiorem imitando hoc
951 2840 1810 2883 ideme legerint. Et ista est intentio Damasclibro secundo.
950 2876 1786 2920 vbi ait de primo angelo, Ipse primus desistens a bono fi¬
951 2917 1787 2966 mul cum eo factae sunt tenebrae, & secuta est eum multi
957 2954 1790 3001 tudo innumera eorum, qui sub ipso ordinati erant ange¬
948 2993 1777 3042 lorum, Et alibi dicitur, Draco magnus, & cauda eius tra
953 3034 1504 3078 hebat tertiam partem stellarum caeli¬
996 3069 1785 3113 Forte dicetur, quod causa est prior effectu: sed peccatum
964 3106 1785 3159 Luciferi non potuit esse prius peccato ceterorum: quia
961 3161 1791 3208 immediate postquam peccanit cecidit, & sic peccatum eius
