2323 3546
171 250 1044 321 theologiae. Tertio videndum est id, quod quaestio quae¬
181 314 1037 354 rit. Et quarto tollenda sunt quaedam motiua diuersatum
175 352 1024 395 epiniorum, quae veritati dicendae in tertio articulo vi¬
172 390 431 441 dentur obuiare.
348 470 830 553 RESOLVTI O
169 547 1032 629 cencladitur tandem, scientiam quamlibet asuo proprio ac pecu¬
201 611 1031 659 hiari sine deneminari. Vnde, cum proprius, ac peculiaeris fini¬
200 654 1034 708 Theologiae. ipsa Dei dilectio sratuatur: merue ipsalacra Theo¬
192 688 796 748 lgia affecliua, sea dilectiua votitari debet
291 785 866 837 ARTICVLVS I.
253 862 929 950 Aquo scientia sit proprit denominanda
192 975 1036 1028 VANTVM ad primum a quo scientia sit proprie
219 1016 1040 1074 o denominanda. Dicunt quidam quod scientia ab
168 1059 708 1101 obiecto proprie debet denominari¬
181 1095 1037 1144 1 Quia ab illo debet habitus proprie denominari, a
174 1142 1032 1192 quo per se trahit speciem, & entitatem: sed habitus per
169 1173 850 1222 se specificatur per obiecta, ergo. Maior patet
173 1216 1034 1258 2 Praeterea, id, quod sic se habet, quod per ipsum, ha¬
166 1254 1024 1298 bitas ab omnibus aliuis distinguitur, ab illo denominatur
155 1294 1030 1336 sed per obiecta, siue per subiecta, habitus distinguuntur, ei
162 1335 1026 1382 go. Maior patet, quia ab eodem debet esse distinctio, & di
167 1378 1026 1417 nominatio: minor patet 2. de anima, vbi dicitur, quod poten¬
171 1409 1022 1453 tiae distinguuntur per actus, & actus per obiecta: cum ha
171 1448 1035 1489 bitus causentur ex actibus, sequitur, quod primordialiter
159 1489 1025 1537 distinguantur ex obiectis. Item 3. de anima dicitur, quod
152 1530 1025 1575 fecantur scientiae, quemadmodum & res, de quibus sunt
182 1564 1028 1612 Sed illud nou valet: quia si scientiae proprie denomi-
156 1605 1025 1649 narentur ab obiectis, tunc impossibile erit de eodem ob
151 1643 1025 1693 iecto simul esse diuersas scientias, quarum vna simplici¬
153 1687 1027 1732 ter nominaretur practica, & alia simpliciter speculatiua;
160 1723 1014 1770 sed consequens est falsum, ergo & antecedens; consequen
165 1762 1018 1809 aapatet: probo falsitatem consequentis: quia de eisden
163 1804 1016 1848 vntutibus, de quibus homo habet scientiam, quae vere o
163 1844 1016 1887 topliciter dicitur practica, habet angelus scientiam, qua
176 1890 745 1929 ere & fimpliciter dicitur speculatiua
188 1892 1025 1967 Dico ergo cum philosopho, quod a fine debet fieri hu
190 1955 1018 2005 modi denominatio. Philosophus, enim x: metaph vo¬
184 2004 1013 2046 probare, quod prima philosophia sit simpliciter specu
164 2037 1024 2084 ba, siue denominari debeat speculatiua vtitur hoc me
171 2079 1013 2120 te, quod finis speculatiuae est veritas, practicae vero opus
160 2117 1010 2164 Smer quo verbo ait Commentator, quod sermo Arisi
164 2152 1012 2204 hit est manifestus: sed planu est quod si magis proprie scien
168 2195 1027 2240 tia diceretur practica. vel speculatiua ab obiecto quam a
174 2232 1020 2281 ine, quod sermo Arist. non esset manifestus, quia talis pro¬
165 2274 918 2320 batio non esset per causam propriam.
175 2319 1015 2367 3 Praeterea, si scientia non denominaretur a fine, tund
161 2356 1010 2403 eodem scientia non posset dici practica, & speculatiua, se
166 2394 1021 2441 cundum quod ab alio, & alio sciente, in alium, & in aliu
155 2430 1007 2477 rnem referretur. bed consequens est falsum: quia etian
155 2471 1017 2520 ili, qui sunt de prima opinione, habent dicere, quod si
150 2520 1013 2560 i de operabili non intenderet: ni si cognoscere, eius scit
159 2548 1015 2594 uia quamuis esset de operabili, tamen esset speculatiua. E
158 2594 1018 2644 a conuerso si de speculabili non intenderet nisi opus, aut
162 2633 855 2676 vtilitatem, erus scientia esset practica.
177 2666 1010 2720 4 Preterea, quandocumque duae causae concurrunt ac
160 2703 1025 2756 eondem effectum, quarum vna dependet ab alia, & non
168 2747 1022 2794 eenuerso, magis debet effectus denominari a causa non
168 2786 1022 2838 inendente, quam a causa dependente, maxime quando
156 2826 1019 2874 eansa independens non est minus specialis, & determi¬
155 2864 1012 2913 nata fiue propria causa, quam dependens quod addo ac
168 2904 1019 2961 rludendum cauillationes, quae possent fieri de Deo, de
156 2939 1017 2990 sole, & ceteris causis vniuersalibus: sed obiectum propriu
166 2982 1009 3031 tnas proprius, sic concurrunt ad causandum habitum
161 3019 1011 3075 Sin tali causatione oblectum dependet a fine, & non e¬
162 3057 1013 3105 temaerso, ergo &c. Maior patet, probo minorem: qui¬
156 3102 1010 3161 ebie cum cansat vt efficiens, & per consequens depende
1067 268 1923 319 a bonitate finis, a quo mouetur efficiens propter quod
1077 315 1927 368 dicitur 2. physicorum, quod finis est causa causarum, &
1070 353 1415 399 idem patet 2. metaph¬
1079 392 1942 438 3 Praeterea, 3. de anima ponit Arist. expresse, quod
1069 431 1599 477 speculatiuus differt a practico fine
1092 468 1915 515 e Praeterea, etiam ipsum obiectum denominatur,
1075 510 1922 560 fine: quia ex hoc obiectum dicitur speculabile: quia finis
1078 549 1928 606 ipsius est ipsum speculari, ergo etiam ipse habitus princi¬
1076 588 1522 637 paliter denominabitur a fine¬
1090 629 1916 672 3 Praeterea, eadem sanitas potest considerari a natu¬
1083 672 1916 718 rali philosopho, & a medico: &tamen in intellectu na¬
1078 710 1919 757 turalis philosophi: quia intendit solam speculationem,
1087 747 1916 797 talis scientia, denominatur speculatiua, & in intellectu
1076 788 1907 829 medici quia intendit operari, dicitur practica.
1092 824 1924 871 3 Praeterea, ab illa causa principalius, & magis per se
1074 863 1915 911 debet habitus denominari, a cuius causalitate nullatenus
1088 901 1916 953 potest absolui; quam ab ea, a qua absolui potest sine qua
1072 944 1925 993 libet contradictione: sed ab obiecto potest absolui, & non
1082 981 1916 1024 a fine, ergo &c. Maior nota: probo minorem: quia Deus
1086 1016 1910 1062 per rationem idealem potest creare scientiam, & supple¬
1070 1056 1921 1106 re causalitatem obiecti, cum sit de genere causae efficien
1077 1097 1919 1142 tis, & tamen non potest scientia absolui ab intentione
1079 1135 1915 1186 finis: quia si non intenderet speculationem, tunc non
1074 1174 1856 1220 esset speculatiua, si non opus, tunc non esset practica,
1101 1209 1909 1267 Nec obstat si dicetur, quod quamuis per Deum possi
1074 1255 1916 1299 absolui ab obiecto, vt habet rationem efficientis, non ta¬
1080 1299 1911 1345 men vt habet rationem terminantis; sicut enim non esset spe
1075 1335 1916 1374 culatiua nisi intenderet speculationem, sic non esset spe¬
1071 1376 1913 1422 culatiua, nisi terminaretur ad obiectum speculabile¬
1083 1413 1909 1459 Non valet: quia habitus secundum totam suam enti
1081 1452 1906 1491 tatem praeexistit termino : nec obiectum est causa habitus
1070 1489 1918 1533 secundum quod terminat: ergo a tota causalitate obiecti
1080 1525 1484 1577 habitus potest absolui.
1080 1568 1904 1612 9 Praeterea, quod secundum sui exigentiam determi
1071 1605 1907 1648 nat omnes alias causas, ab illo principaliter debet fieri
1068 1643 1907 1687 denominatio: sed finis est huiusmodi, ergo &c. Maior no¬
1071 1685 1907 1730 ta: minorem ponit Linco i, posteriorum dicens quod secun¬
1081 1723 1905 1774 dum exigentiam finis cetera habent moderari, & men¬
1077 1767 1907 1811 turari. Et si quandoque inueniuntur aliquae auctoritater
1078 1803 1915 1853 onantes in oppositum, omnes sic debent intelligi, quod
1075 1839 1907 1882 licet aliquo modo scientiae distinguantur, & denominen
1068 1882 1907 1928 tur ab obiectis, per se tamen, & principaliter hoc fieri
1065 1917 1269 1964 debet a fine:
1101 1955 1920 2005 Forte dices quomodo fiet illa denominatio a fine :
1077 1995 1901 2045 Quia aut finis causat praedictam distinctionem, & deno¬
1072 2035 1913 2078 minationem, vt acquisitus, vel vt cognitus, vel vt inten¬
1066 2073 1901 2118 tus. Nou primo modo, quia sic est posterior habitus po¬
1072 2114 1901 2158 sterius autem non est causa prioris: Nec secundo modo
1077 2154 1907 2204 quia tunc sequitur oppositum eius. quod intendis: quia
1060 2192 1905 2244 finis vt cognitus habet rationem obiecti, & sic denomi-
1071 2230 1905 2282 natio fieret ab obiecto. Nec tertio modo: quia vt est in¬
1071 2270 1913 2313 tentus, nondum est, & per consequens nullam causalita¬
1068 2308 1350 2357 tem habere potest.
1092 2348 1905 2401 Hic posset dici, quod distinctio haec est in sufficiens; quia
1071 2389 1914 2434 nec fic, nec sic: sed finis est causa illius distinctionis & de¬
1070 2427 1909 2469 nominationis, inquantum determinat obiectum ad cau¬
1068 2469 1914 2509 sandum habitum iuxta exigentiam ipsius finis.
1098 2501 1932 2546 Iterum Dices. Quomodo determinabit esi nondum sit.
1101 2544 1911 2587 Verum est quod hic est difficultas singularis. quam do
1075 2582 1906 2628 nino concedente, circa principium secundi diffusius in¬
1062 2622 1901 2670 tendo pertractare. Quantum tamen ad presens dico bro
1063 2661 1902 2706 uiter me expediendo, quod quamuis ille finis, qui dicitur
1068 2698 1906 2744 determi nare obiectum, non sit extra intellectum, est ta¬
1065 2745 1913 2786 men alius finis, secundum cuius exigentiam, desiderium
1056 2777 1907 2824 istius finis in nobis determinatur: qua determinatione
1068 2822 1913 2863 acta, determinatur obiectum ad causandum habitum,
1078 2859 1910 2904 uo mediante talem finem consequi poterimus, verbi
1061 2901 1904 2948 gratia; dato enim quod non sit speculatio, quae est finis
1069 2932 1917 2983 cientiae speculatiuae: est tameu ipse homo tamquam fi-
1059 2975 1913 3017 nis principalior, secundum cuius exigentiam determina¬
1059 3011 1908 3059 tur in nobis, qualis debeat esse speculatio, & per conse¬
1059 3050 1913 3093 sequens quale obiectum speculabile principians huiusmo¬
1065 3089 1797 3149 di habitum per quem talem finem consequamur.
