2401 3541
242 287 1084 344 & homines multipliciter vexasse, textus sacrae scripturae
239 332 1081 377 saepius protestatur: Dicitur enim, quod offerebant aposto
240 374 1080 430 lis vexatos a spiritibus immundis, qui curabatur omnes.
247 410 504 462 idem patet alibi.
252 443 1086 494 Sed Forte dicetur, cum anima rationalis sit tota in to
234 490 1082 542 to corpore, & tota in qualibet parte corporis, vt patuit
227 526 1081 575 in primo libro, igitur daemon non potest esse in corpo¬
234 576 1085 630 re, nec in aliqua parte corporis, in quo est anima, nin il¬
231 609 431 657 laberetur ei
274 642 1074 689 Respondeo negando consequentiam. Nam quamuis
240 686 1084 732 ex hoc bene arguatur, quod daemon & anima simul sint,
237 723 1073 773 illapsus tamen vnius in alterum ex hoc argui non potest.
266 765 1078 818 Dico tertio, quod daemon, siue angelus per substantia¬
240 800 814 847 lem illapsum non potest esse in anima.
264 842 1071 890 1 Quia nullus spiritus per illapsum potest esse in alio
243 880 1080 936 spiritu: sed tam anima, quam angelus sunt spiritus: Maior
243 921 1079 968 patet per Aug. in de fide ad Petrum, vbi ait, quod singu¬
239 959 1072 1019 us spiritibus inest terminus, quo a se inuicem distinguun
234 999 629 1054 tur, & vnus in alio non est
276 1021 1078 1089 2 Praeterea, quod solius Dei proprium est, angelo con¬
240 1075 1069 1120 aenire non potest: sed illabi animae est huiusmodi; qui¬
234 1116 1066 1165 secundum beatum August. in de ecclesiasticis dogmati
234 1166 1067 1211 bus, illabi menti illi tantum possibile est, qui creauit ea.
276 1202 1076 1249 3 Praeterea, quicquid est in essentia rei, vt essentia est,
232 1235 1085 1282 hoc facit ad esse rei, & conseruat rem in esse, propter hoc
235 1283 1073 1329 enim essentia dicitur ab esse, vt patet per beatum Aug. 2
232 1318 1085 1365 de tri. Sed nullus angelus facit ad esse animae, nec eam con
228 1360 1077 1414 seruat in esse, ergo nullus angelus est in essentia animae,
236 1393 922 1445 vt essentia est, nec per consequens illabitur ei¬
271 1431 1075 1476 Forte dicetur, quod per istam eandem rationem po¬
234 1473 1080 1522 test probari, quod angelus non possit esse in essentia ali¬
237 1520 1078 1564 tuius corporis, quod videtur contradicere primae conclu
234 1547 1088 1601 sioni; quia nec facit ad esse corporis, nec conseruat cor¬
230 1590 395 1643 pus in esse
269 1597 1085 1679 Respondeo, quod virtute istius rationis non probatur,
234 1679 1078 1720 quod angelus non sit in essentia corporis absolute & sim
234 1715 1081 1761 pliciter, quamuis bene probetur, quod angelus non sit in
236 1749 1078 1798 essentia corporis, vt essentia, seu substantia est, & hac con¬
240 1796 1086 1837 tedo: quia primae conclusioni non contradicit, num an¬
239 1830 1081 1877 gelus non potest esse in essentia corporis, vt essentia est;
246 1860 1083 1921 ed vt extensa est, secundum quod dicunt magni doctores,
355 1949 968 2013 Vtrum Demones cognoscant nostras
533 1999 741 2073 cogitationes.
357 2071 923 2160 ARTICVLVS II
235 2143 1094 2246 SVANTVM ad secundum articulum sic procedam:
298 2223 1082 2269 . Primo enim ostendam qualiter angelus cogno¬
240 2258 1096 2305 scat humanas cogitationes, prout cogitatio dicit actum
242 2295 1094 2352 intellectus, Secundo ostendam hoc idem, prout dicit, vel
241 2336 599 2395 amplicat actum affectus
270 2350 1092 2416 Quantum ad primum est aduertendum, quod gram¬
245 2410 1093 2461 maticaliter loquendo cogitatio dicitur quasi coagitatio,
241 2453 1083 2505 id est, vnius cum altero agitatio, & ideo proprie loquen¬
244 2491 1086 2537 do cogitatio non dicit, necsignat actum intellectus, qui est
239 2526 1086 2585 simplicium apprehensio, sed actum componentem affir¬
254 2568 1085 2623 matiue, vel diuidentem negatiue. Hoc supposito ponam
257 2612 530 2667 luas conclusiones.
299 2618 1094 2701 Prima est, quod angelus naturaliter cognoscit nostras
249 2702 1096 2741 cogitationes quantum ad terminorum significationem,
245 2725 1085 2783 Secunda est, quod non intelligit eas quantum ad compo
248 2766 863 2830 sitionis vel diuisionis determinationem.
291 2790 1093 2856 1 Primum probo sicillle, qui omnem actum intelle¬
255 2840 1095 2903 ctus nostri cognoscit, qui est simplex apprehensio; ille
254 2893 1081 2942 etiam omnem actum componentem, vel diuidentem con
257 2932 1085 2983 gnoscit, quo ad significatum terminorum. lsta patet, qui¬
251 2959 1094 3017 terminorum significatum in vno actu composito non est
252 2999 1097 3059 aliud, nisi significatum plurium simplicium, sed angelus
252 3040 1088 3091 naturaliter potest cognoscere omnem actum nostri inte¬
245 3076 1087 3137 lectus, qui est simplicium terminorum, eo quod ipse eui¬
251 3122 1091 3184 denter videat, qua specle vtimur in organo phantasiae, cum
1118 290 1968 345 illa species prae ceteris specialiter actiuetur: qua actuali¬
1123 331 1493 388 ter vtimur cognoscendo.
1143 346 1970 429 2 Praeterea, quicumque persecte cognoscit aliquod sub
1122 409 1955 452 iectum, ille poterit cognoscere omnia, quae sunt in subio
1127 453 1967 496 cto: sed angelus perfecte cognoseit nostram potentiam
1123 492 1968 545 intellectiuam, ergo etiam cognoscit actum intelligendi
1130 527 1439 582 psam informantem.
1146 565 1961 621 3 Praeterea, perfecte cognitis omnibus causis alicuius
1117 608 1974 655 effectus, cognoscitur & effectus: sed angelus perfecte co¬
1130 647 1952 700 gnoscit omnes causas nostri actus intelligendi. Maior pro
1122 697 1971 738 tet: quia scire est causas rei cognoscere, vt patet primo
1131 727 1953 778 posteriorum; minorem declaro: quia angelus intelligit
1125 764 1966 811 seu cognoscit intellectum nostrum possibilem, & agentem
1125 803 1961 856 obiectum intelligibile, & speciem obiecti, quae sunt suffi
1122 841 1601 894 cientes causae actus intelligendi.
1149 854 1961 936 4 Praeterea, intellectus, qui non cognoscit spiritualia
1132 923 1962 975 per corporalia, ille non minus pfecte cognoscit accidentia
1128 974 1970 1016 piritualia, quam corporalia angelus est nuiusmodi; cum
1115 999 1970 1051 igitur perfecte cognoscat omnia accidentia corporalia: igi¬
1125 1038 1971 1096 tur etiam perfecte cognoscit nostrum actum intelligen¬
1122 1078 1694 1141 di, qui est quoddam accidens spirituale
1160 1091 1963 1169 3 Praeterea, sicut perfecte viso corpore videntur figu¬
1125 1154 1959 1207 rae, & picturae, quae sunt in corpore, sic perfecte viso intel¬
1130 1196 1960 1250 ectu videntur species & actus intelligendi, quae sunt qua
1125 1234 1967 1289 si quaedam figurae spirituales ipsius intellectus: sed ange¬
1134 1282 1768 1327 us perfecte cognoscit intellectum nostrum
1158 1283 1970 1365 & Praeterea, sicut se habet sensus ad sensibile, sic se ha
1122 1350 1964 1397 bet intellectus ad intelligibile; sed nullum est sensibile,
1118 1389 1961 1437 quod subtersugiat notitiam sensitiuam sensus creati; quia
1123 1431 1991 1485 sicut patet 2. de anima si esset aliquod sensibile, quod non
1134 1473 1954 1522 posset percipi aliquo quinque sensuum, oporteret dare se¬
1131 1508 1971 1560 vtum sensum:igitur cogitatio nostra cum sit ens actu in¬
1130 1547 1970 1598 telligibile, non poterit subterfugere notitiam intelle¬
1140 1589 1965 1649 tus angelici, qui est intellectus perfectus & a nullo im¬
1123 1623 1246 1681 peditus.
1183 1639 1968 1729 ped contrarium istius conclusionis tenens quidam
1139 1701 1310 1759 loctor dicit
1172 1718 1973 1793 1 Quod quantumlibet aliquid nostro intellectui vi¬
1141 1780 1968 1832 leatur, si tamen scriptura sacra tenet, & docet oppositum,
1141 1833 1971 1878 taptiuadus est intellectus in obsequium scripturae sacrae:
1132 1861 1969 1915 sed in multis locis sacrae scripturae habetur, quod solus
1135 1899 1969 1954 Deus intuetur corda hominum. lsta minor patet, quo¬
1131 1937 1961 1989 niam dicitur, Tu Deus, qui solus nosti corda hominum
1128 1983 1973 2038 Et alibi, Homo videt quae patent: Deus autem intuetur
1128 2028 1948 2071 cor. Et Apostolus ait, Nemo nouit sensum hominis &c
1168 2052 1975 2107 2 Praeterea, hoc idem probat sanctorum auctoritati
1136 2096 1958 2148 bus; quia August. in libro de ecclesiasticis dogmatibus di
1131 2146 1967 2188 cit, Non est possibile, quod angelus videat hominis cogi
1137 2173 1971 2232 tationem, immo quia quandoque dixerat oppositum, ideo
1144 2218 1692 2272 noc retractat in libro retractationum.
1176 2227 1973 2301 3 Preterea, illud, per quod probatur filius Dei esse
1146 2297 1967 2346 Deus, non potest conuenire creaturae, sed cognoscere com
1149 2340 1971 2381 sitationes hominum est huiusmodi: quia Chryso. super
1144 2368 1974 2416 Matthaeum dicit, quod cognitio cogitationum in Chri¬
1141 2407 1580 2467 sto fuit argumentum Deitatis.
1171 2432 1979 2496 Addit autem iste doctor causam praedictorum dicens,
1151 2495 1973 2538 uod angelus nostram intellectionem, cogitationem, &
1143 2537 1970 2579 volitionem pro tanto non potest cognoscere: quia licet
1145 2575 1972 2619 praedicta, scilicet intellectio, cogitatio & volitio, quan¬
1140 2610 1986 2652 tum ad actum primum non subsint imperio voluntatis;
1149 2641 1981 2697 ubsunt tamen quantum ad actum secundum, qui est gi¬
1142 2695 1987 2736 gnere suam similitudinem actiue in mente alterius. Et
1140 2730 1977 2773 ideo secundum istum doctorem, nisi adsit consensus no¬
1134 2761 1987 2811 strae voluntatis ad hoc, quod angelus cognoscat nostras
1145 2799 1976 2857 cogitationes, & volitiones, ipse angelus eas cognoscere
1139 2841 1315 2894 non potest.
1212 2852 1976 2929 Preterea, arguit doctor communis hoc idem sic Ea¬
1159 2927 1972 2969 uae in nostra voluntate sunt, vel a voluntate depen¬
1145 2962 1982 3003 dent, soli Deo subiecta sunt, & per consequens angeli ta¬
1145 2995 1985 3051 lia cognoscere non possunt, nostrae cogitationes sunt
1152 3037 1322 3093 uiusmodi.
1218 3046 1984 3125 Praeterea, ad cognoscendum cogitationes hominis
1149 3122 1978 3176 non sufficit cognitio specierum: sed oportet, vt usus ea¬
