2404 3553
426 303 1265 365 rum cognoscatur, sed vsum specierum angeli cognoscer.i
424 359 1277 424 non possunt: quia ex voluntate dependet, quae soli Deo
423 402 580 454 sobijcitur,
444 431 1265 483 Sed his non obstantibus teneo praedictam conclusio¬
427 475 1272 519 nem, & confirmo eam sic: Potentia in genere suo perfe¬
417 515 1271 562 cta, potest in omne illud, quod per se continetur sub suo
423 554 1273 606 obiecto adaequato: sed cogitationes nostrae quantum ad
412 591 1268 633 naturam actus, cum sint actu intelligibiles, per se compre
424 633 1267 695 henduntur sub obiecto adaequato potentiae intellectiuae
413 674 668 726 angeli, ergo &c
459 697 1265 762 Ad primas tres rationes dicendum, quod cognoscere
427 752 1262 792 nostras cogitationes non solum quantum ad naturam actus.
417 791 1272 837 & significatum terminorum: sed etiam quantum ad cogi¬
417 828 1269 874 tantis intentionem quo ad affirmationem, & negatione,
422 864 1270 911 hoc solus Deus potest, vt patebit in conclusione sequen¬
426 903 1262 954 ti. Et de hoc etiam loquuntur omnes auctoritates adducte
417 943 1269 989 in rationibus supradictis: sed quantum ad naturam actus,
423 979 1266 1028 & significatum terminorum, nihil prohibet ipsum ange¬
418 1021 1271 1072 lu cognoscere nostras cogitationes. Nec valet, quod assignat
425 1060 1261 1117 pro causa sui dicti de assensu voluntatis: quia non credo
423 1105 1261 1152 que aliquis homo sit ita stultus, quod velit daemones cognosc.
421 1143 1258 1200 re suos actus interiores, & tamen ipsi saepe tales actus co¬
429 1179 885 1232 gnoscunt etiam inuitis nobis
456 1212 1267 1262 Ad quartum dicendum, quod actus intelligendi, quo
418 1263 1271 1307 ad naturam suam non dependet a voluntate, cum sit na¬
420 1295 1265 1341 turaliter prior actu voluntatis, quamuis aliquo modo de
422 1334 1262 1392 pendeat a voluntate quantum ad continuationem suam
458 1374 1263 1422 Ad quintum dicendum, quod vel per vsum specierum
425 1415 1271 1460 intelligis gignitionem vnius speciei ab altera iuxta mo¬
422 1452 1270 1501 dum loquendi Augus, qui dicit, quod cum intelligimus
426 1493 1261 1545 actu, tunc a specle, quae est in memoria, gignitur species
417 1536 1263 1584 quae est in intelligentia, quae est parenti simillima, & sic
416 1572 1262 1619 nego minorem: quia talem vsum augeli bene percipiunt
414 1610 1259 1660 quia vident speciem oenitam in esse pleno, quam prius
414 1659 1264 1703 viderant in esse semipleno; vel per huiusmodi vsum in¬
426 1691 1268 1733 telligis affirmationem & negationem, tunc concedo mi-
426 1727 1255 1781 norem: quia non est contra me: quia non cognito tal
416 1774 1264 1822 vsu potest angelus naturam actus intelligendi perfecte
420 1805 597 1871 cognoscere
464 1836 1261 1889 Secunda conclusio est, quod angelus cogitationes no¬
417 1877 1268 1929 stras quantum ad affirmationem, & negationem per se, &
419 1925 1262 1971 determinate cognoscere non potest: cognoscit tamen ut
423 1961 1256 2019 plurimum eas indirecte ex aliquibus signis in corporibu
427 2008 1254 2050 nostris apparentibus. Primum declaro sic. Quandocunqu
420 2040 1258 2092 idem representatiuum representat opposita, videns illuc
423 2082 1253 2124 representatiuum, vnum illorum representatiuorum, non po
417 2119 1263 2164 test virtute illius representatiui determinate cognosce¬
426 2160 1262 2202 re; si enim vna vox diuersa significat, quamuis per auditum
420 2199 1265 2244 eius possimus iudicare, quod ille, qui profert ea velit hoc,
426 2238 1262 2283 vel hoc dicere; non tamen possumus iudicare virtute il¬
417 2277 1262 2318 lius vocis, quod prolator eius velit determinate dicere
426 2316 1262 2365 hoc, sed eaedem sunt species intelligibiles, quibus reprae¬
426 2351 1269 2411 sentantur obiecta actus affirmatiui, & actus negatiui. quia
425 2393 1253 2444 rectum est iudex sui & obliqui, vt dicitur primo de ani
416 2431 1265 2476 ma; per eandem enim speciem non mutatam possumus
417 2478 1259 2528 cogitare sacere, & non facere, fugere, & non fugere: quia s
426 2517 1261 2555 cut dicit Aug. 12. de ci. Dei, Talia, quae priuatiue dicuntur
427 2551 1262 2594 non in specle, sed in priuatione sciuntur; lgitur quamuis
422 2589 1262 2634 angelus possit naturaliter cognoscere me cogitare de re
430 2630 1258 2676 quacumque eo, quod videat speciem illius rei gigni in meo in
417 2669 1253 2710 tellectu, & eius phantasma actu moueri in ipsa phatasia
417 2708 1264 2753 non poterit tamen scire per certitudinem & determina¬
423 2747 1223 2786 te, vtrum de tali re cooitem affirmatiue, vel negatiue.
461 2778 1258 2838 Quod autem angelus vt plurimum nostras cogitatio¬
429 2816 1259 2868 nes quo ad affirmationem, & negationem cognoicat con
426 2869 1261 2917 lecturatiue & indirecte patet: quia rara est aliqua cogita¬
416 2902 1253 2944 tio, si fortis fuerit, quin aliquod indicium, seu signum su
426 2942 1256 2989 demonstret in aliqua parte corporis, quae quidem signa ci
418 2985 1263 3028 angelo abscondi non possint, de nostris intentionibus an
413 3019 1256 3064 gelus poterit determinate iudicare, & cognoscere illud
420 3066 1262 3118 quod cogitamus, non obstante indeterminatione speciei
423 3096 878 3152 pro affirmatione, & negatione
466 3125 1265 3183 Quomodo autem cognitio angelica se habeat ad no¬
1314 287 2184 360 stram volitionem, siue ad cogitationem, prout cogitatio
1311 353 2185 397 implicat actum nostrae voluntatis, potest ex praedictis ali¬
1319 385 2185 440 qualiter esse notum: quia actus ipsius voluntatis sequitur
1316 423 2184 478 actum intellectus componentis, & diuidentis; voluntas
1316 464 2165 516 enim nec acceptat aliquid per actum complacentiae, nec
1320 503 2162 556 refutat per actum displicentiae, nisi illud sit apprehesum
1320 542 2162 593 vt conueniens, vel disconueniens: cum igitur de similibus
1311 580 2168 635 idem sit iudicium, ideo potest eodem modo dici de actu
1320 618 2165 674 voluntatis, sicut dictum est de actu intellectus compone¬
1312 669 1574 722 tis, & diuidentis
1452 739 2036 820 ARTICVLVS III
1438 845 2040 905 Vtrum demones cognoscant futira.
1351 932 2161 994 VA NTVM ad tertium articulum dico, quod daemo
1431 981 2165 1027 nes scire futura dupliciter potest intelligi, secun¬
1306 1021 2165 1074 dum quod futura dicuntur esse duplicia, puta contingen¬
1311 1061 1552 1108 tia, & necessaria
1341 1100 2164 1146 Si igitur quaeritur de contingentibus futuris sic dico;
1322 1138 2162 1189 quod daemon ex suis naturalibus certitudinaliter non eo
1320 1178 2161 1229 gnoscit aliquod futurum: quia omne, quod certitudinali¬
1318 1217 2159 1266 ter cognoscitur, aut cognoscitur in se, aut in sua causa: sed
1320 1254 2163 1299 futurum contingens non cognoscitur ab angelo per se, si¬
1320 1294 2159 1335 ue in se, quia tunc non esset futurum sed praesens; nec in
1312 1332 2163 1382 sua causa, cum eius propinqua causa sit mutabilis; nullam
1312 1371 2172 1421 enim habet causam immutabilem, & necessariam. Si
1317 1416 2165 1462 enim haberet causam immutabilem, & necessariam, tunc
1314 1453 2153 1496 non esset contingens, sed necessarium: Potest tamen ex
1311 1491 2153 1539 aliquibus signis coniecturari de multis futuris contin¬
1310 1532 1477 1588 gentibus
1354 1565 2160 1620 Si vero quaeritur de futuris necessarijs, sic dico duo. Pri
1311 1614 2167 1659 mo, quod daemon non potest de huiusmodi futuris omni
1307 1650 2159 1700 mode certam habere notitiam: quia nescit, vtrum causae
1318 1689 2162 1732 talium futurorum impediantur a causa superiori, sicut de
1308 1724 2158 1778 facto contingit, quando sol steterat tempore losue, retro¬
1313 1769 2164 1820 cessit tempore Exechiae, obscuratus fuit in die plenae lu¬
1314 1806 2150 1853 nae in lesu Christi domini nostri passione: de qua ecli¬
1314 1849 2165 1895 psi dicit Diony. epistola ad Policarpum, quod non erat tune
1323 1885 2161 1930 conuentus solis & lunae. Solus. n. Deus ommmode tertam
1313 1933 2158 1972 potest habere futurorum notitiam, ad cuius nutum, & vo
1320 1964 2148 2012 luntatem causae quaecunque permanent, & mutatur: Et isto
1311 2012 2162 2057 mode, loquendo de certa futurorum notitia scribitur, An
1315 2041 2162 2091 nunciate nobis, quae ventura sunt in futurum, & sciemus,
1317 2083 1565 2139 quia dij estis vos
1344 2110 2150 2167 Secundo dico, quod loquendo de certa futurorum no¬
1323 2161 2150 2201 citia, quae potest haberi per quamcumque artem, uel ex¬
1320 2198 2152 2241 berientiam, in qua notitia praesupponitur communis cur
1311 2240 2154 2293 sus causarum, sic daemon potest certa notitia prae scire effe
1318 2277 2153 2319 ctus necessarios ex suarum causarum notitia, priusquam
1311 2319 2151 2363 eueniant: quia vt sic, etiam multi homines possunt scire
1310 2354 2150 2402 futura, cum bene docti fuerint in astrologia, & in alijs ae¬
1316 2400 2146 2444 tibus & experientijs: daemon autem melius noscit huius
1311 2437 2149 2489 modi artes quibuscumque hominibus, cum propter acu¬
1313 2470 2159 2519 men sui intellectus melius & clarius cognoscat causas &
1313 2520 2155 2566 concursus causarum, ex quarum notitia tales artes depe¬
1304 2552 2157 2597 dent: etiam propter diuturnitatem temporis daemon ma
1311 2595 2159 2645 gis viget experientia quibuscumque hominibus Propter
1313 2631 2156 2680 quod ait lsidorus primo lib de summo bono, quod praeua
1304 2670 2150 2713 ricatores angeli sanctitate amissa non amiserunt viuacita
1305 2714 2144 2761 tem sensuum angelicae creaturae, sed triplici modo prae
1305 2752 2150 2803 scientiae vigent, subtilitate naturae, experientia tempo¬
1305 2787 2160 2844 rum, & reuelatione summarum potestatum, scilicet bono
1305 2824 1535 2880 rum spirituum.
1343 2860 2165 2921 Forte dicetur contra praedicta, & specialiter contra pri
1310 2910 2154 2956 mam conclusionem istius tertij articuli, quod angeli a prin
1305 2950 2144 2994 cipio suae creationis habuerunt species omnium futura
1314 2993 2154 3040 rum rerum sibi concreatas: quia nullam speciem de no¬
1311 3025 2154 3074 uo acquirunt ex progressu rerum in esse, siue sint res con
1308 3068 2142 3120 tingentes, siue necessariae: cum igitur praedictae species sen
1320 3100 2154 3148 per sint, & fuerint praesentes intellectui angelico; ergo vi
1305 3144 2139 3204 detur, quod angelus semper cognoscat, & cognouerit fu
