2357 3540
384 290 1225 366 stium orbium. Hic quattuor sunt videnda. Primo, vtrun
384 344 1226 400 angelus possit mouere corpus. Secundo, vtrum mali an
392 393 1228 446 geli possint mouere, siue immutare sensum hominis. Ter
384 434 1114 487 tio, vtrum intellectum. Quarto, vtrum affectum
570 508 1076 584 RES OLVTI O.
385 585 1232 669 Angelus quidem nihil ad formam, sed ad lacum mouet Vnde non
428 646 1232 710 per potentiam aliquam ab int ellectu, &r valuntate condistin
433 699 1232 753 ctam, neque per eius essentiam caelum, siue quodiis corpus, qui
441 726 1055 790 virtit em corportam immediate mouere potert.
569 820 1117 877 ARTICVLVSL
554 895 1057 981 Vtrum Angeli possint mouer¬
753 966 883 1028 corpus.
466 1054 1234 1116 VANTVM ad primum primo videndum est, vtri
513 1102 1229 1138 angeli possint mouere immediate motu ad for
393 1136 1235 1190 mam. Secundo, vtrum immediate ad vbi possint mouere
438 1173 926 1221 Quo ad primum dico, quod non
443 1196 1231 1259 1 Quia omne quod mouet immediate motu ad ali¬
399 1246 1232 1302 quam formam, comprehendit illam formam in sua nati
402 1285 1242 1341 ra, vel formaliter, vel virtualiter: sed angelus, nec formali
396 1327 1235 1378 ter, nec virtualiter comprehendit formas rerum corpo¬
392 1366 1241 1419 ralium, hoc enim inter omnes separatas substantias soli
405 1407 752 1463 Deo conuenit: ergo &c
440 1432 1241 1497 2 Praeterea, nulla alteratio potest fieri ab agente crea
407 1488 1239 1533 to, nisi mediante motu caeli: propter hoc enim caelum di
404 1522 1236 1568 citur primum alterans inalterabile; sed nulla forma ma¬
400 1570 1241 1616 terialis potest induci ab agente creato, nisi per alteratio¬
408 1602 1236 1656 nem: solus enim Deus potest formam materialem rea¬
408 1645 1232 1692 lem inducere per simplicem emanationem, ergo an¬
401 1684 1226 1735 gelus nullam formam potest inducere, nisi mediant
393 1726 567 1774 motu caeli¬
392 1757 1226 1812 3 Praeterea, illud agens, quod non potest inducere fo
391 1807 1232 1852 mas materiales, nisi auctiua passiuis coniungendo, non mo
393 1850 1238 1888 uet ad formam, nisi mediante motu locali: quia illa com¬
393 1884 1239 1930 iunctio fieri non potest, nisi mediante motu locali, ange¬
402 1915 1047 1969 lus est huiusmodi, vt patet per Aug. 3. de tri
433 1954 1217 1998 Sed oppositum istius conclusionis quidam probant sic¬
421 1996 1229 2047 1 Corporale potest producere spirituale, puta phan¬
411 2036 1230 2080 tasma gignit speciem intelligibilem in potentia intelli
398 2074 1242 2115 ctiua; igitur etiam spirituali, puta angelo non repugnat
404 2112 893 2159 immediate producere corporale
399 2157 1229 2203 2 Praeterea, quicquid in essentialiter ordinatis competi
399 2194 1229 2243 inferiori spectans ad perfectionem, hoc etiam conueni
403 2230 1233 2274 superiori; sed de perfectione caeli est mouere ad forma:
399 2272 1220 2317 istorum inferiorum, & caelum ordine essentiali est infe
404 2314 1236 2365 rius angelo; ergo etiam conuenit angelo, quod moueat
393 2350 571 2399 ad formam
439 2376 1235 2437 3 Praeterea, virtus imaginatiua potest formas induce¬
405 2431 1229 2491 re, vt patet per Auic,. sed virtus angelica est multo fortio
397 2467 787 2518 quam virtus imaginatiua.
429 2490 1229 2566 4 Preterea, Magi Pharaonis faciebant ranas, & serper
396 2552 856 2599 tes virtute daemonum, vt patet.
432 2580 1237 2628 Ad primum dicendum, quod phantasma non causat il
400 2624 1226 2675 lam spiritualem speciem nisi mediante virtute spiritual
402 2667 1234 2718 s:mediante lumine intellectus agentis, & sic etiam con¬
399 2703 1232 2748 cedo, quod virtus spiritualis ipsius angeli potest mouere
399 2741 1235 2787 ad formam mediante locali transmutatione aliquarum
393 2781 1232 2829 corporalium rerum: nec etiam est ad propositum; quia
401 2819 1232 2884 nos loquimur de formis realibus, illa autem species ess
393 2857 678 2912 quid intentionale¬
442 2892 1217 2953 Ad secundum dicendum, quod quamuis in essentiali
406 2937 1223 2976 ter ordinatis bene arguatur, quod superioris natura sit non
393 2983 1227 3031 bilior naturis omnium inferiorum, non tamen ex hoc ha
392 3013 1216 3064 betur, quod comprehendat omnes singulares perfectio
399 3056 1236 3099 nes eorum, hoc enim soli Deo conuenit; quamuis enim
396 3095 1235 3143 aurum in sua natura sit nobilius plumbo & cupro; non ta
400 3132 1227 3192 men comprehendit singulas perfectiones plumbi & cu¬
1280 280 2120 358 pri; & ideo maior istius argumenti non est vniuersali¬
1284 348 1405 395 ter vera
1272 391 2120 432 Ad tertium dicendum, quod virtus imaginatiua non
1281 419 2120 464 mouet immediate motu ad formam, sed ex vehementia
1272 462 2111 513 imagmationis mouetur sanguis imaginantis localiteri
1271 497 2121 545 quo moto potest homo calefieri, vel etiam infrigidari,
1268 537 2111 588 vel aliqua alia forma alterari; sed quantum ad hoc, quod
1284 580 2118 625 isti dicunt Auicennam posuisse, quod imaginatio vnius
1284 615 2118 668 faciat immediate casum, vel alterationem in altero, ne¬
1287 653 2124 713 go dictum Auic. quia in hoc communiter a doctoribus
1275 699 1473 754 negatur.
1303 741 2127 784 Ad quartum dicendum, quod Magi talia fecerunt me
1268 783 2117 824 diante motu locali coniungendo actiua passiuis, & daemo
1284 811 2106 861 nes, quorum auxilio hoc fecerunt, non mouerunt imme
1283 854 2108 899 diate ad formam, sed ad vbi. Licet enim homines & ango
1281 890 2117 938 li per coniunctionem aliquorum seminum mirabiles ef¬
1271 929 2112 974 fectus possint, & sciant producere, hoc tamen multo me
1284 970 2120 1015 lius & efficacius fieri potest per angelos, quam per
1286 1008 2129 1057 homines, quia ipsi daemones, siue angeli virtutem semi¬
1284 1054 2114 1096 num, quae actiua, quibus passiuis, & sub qua constellatio¬
1278 1087 2126 1137 ne coniungi debeant, melius cognoscunt, & celerius, an¬
1274 1131 2128 1177 tequam virtus seminum euanescat, coniungere poterunt
1275 1164 2121 1225 Sunt etiam pro tunc, quando haec fiunt per angelos, hu¬
1272 1199 2140 1252 iusmodi semina efficaciora ad talem effectum produce¬
1281 1241 2126 1298 dum: quia sic agut, vt organa substantiae spiritu alis, & per
1276 1289 1684 1342 consequens in virtute eius.
1335 1330 2139 1379 Quo ad secudam parte istius primi articuli, sic procedam.
1280 1365 2139 1414 Primo enim ostendam, quod angelus mouet immediate
1281 1398 2140 1451 motu ad vbi: Secundo ostendam, quod ad huiusmodi mo
1283 1440 2125 1493 tum exequendum non oportet in angelo aliquam aliam.
1277 1490 2077 1541 potentiam ponere praeter intellectum & voluntatem.
1308 1525 2123 1568 Prima conclusio non indiget multa probatione: quia
1278 1567 2117 1613 ipsam concedunt philosophi propter motores celestium
1274 1602 2116 1653 orbium, & ipsam probant theologi: quia saepius in scriptu
1278 1638 2102 1688 ris sacris legimus angelos in humanis corporibus appa
1272 1690 2126 1732 ruisse: sicut patet Qen. 10. de duobus angelis, qui Coth &
1271 1718 2110 1767 filias eius cum vxore sua educentes de Sodoma ab interi
1284 1755 2120 1809 tu Sodomorum liberauerunt. Et in eodem libro do tribus
1285 1794 2127 1840 angelis, qui Abrahae apparuerunt, cum tres vidit & vnum
1279 1834 2120 1878 adorauit. Et in libro Thobiae de Raphacle, qui cum Tho¬
1284 1877 1961 1928 bia iuniore iuit in Rages ciuitatem Medorum.
1285 1919 2116 1968 Probo tamen hanc conclusionem sic: Si angeli non mo
1284 1955 2108 1999 uerent corpora secundum vbi, tunc periret connexio vn
1274 1992 2104 2046 uersi, consequens est falsum: ergo & antecedens, falsita
1275 2032 2126 2079 consequentis patet quia vbi non est singularum partium
1271 2081 2117 2124 ordinata connexio, ibi non poterit esse ordinata disposi¬
1283 2113 2115 2152 tio : sed vniuersum est optime dispositum, sicut patet 1 2¬
1277 2151 2140 2195 metaph ergo vniuersum est ordinatissime connexum; con
1279 2189 2114 2234 sequentia patet: quia cum angeli non habeant connexio
1275 2230 2118 2278 nem ad corporalem naturam secundum esse, eo quod non
1285 2269 2117 2314 habeant esse materiale, nec secundum motum ad formam,
1274 2310 2123 2360 vt patuit in prima conclusione: si nec coniungerentur ei
1288 2348 2116 2392 per motum ad vbi, non appareret aliqua connexio, quae
1275 2389 2140 2438 posset esse inter angelum & naturam corporalem.
1321 2425 2108 2470 Et ista est intentio Augustini ; de tri. vbi ait, quod Deui
1279 2464 2123 2517 corpora grossiora per subtiliora gubernat, & corporalem
1275 2504 1701 2562 substantiam per spiritualem
1320 2535 2114 2589 becundo dico, quod in angelo non est dare aliquam
1275 2587 2110 2635 potentiam motiuam realiter distinctam ab intellectu &
1275 2623 1443 2674 voluntate.
1360 2659 2109 2709 Quia sicut se habent nostrae potentiae cognitiuae ac
1284 2704 2115 2749 cognitiuam angeli, sic se habent potentiae motiuae in no
1281 2736 2124 2791 bis ad motiuam, quae est in angelo: sed quamuis sint di¬
1276 2785 2117 2833 uersae virtutes cognitiuae in nobis, vt apparet de sensibus
1278 2823 2110 2873 exterioribus &interioribus, ac intellectu: in angelo tamen
1282 2859 2114 2902 est vna virtus tantum cognitiua, scilicet sua intelligen¬
1278 2895 2117 2948 tia:igitur quamuis in nobis sint diuersae potentiae moti¬
1274 2933 2117 2977 uae, puta virtus, quae est in musculis: qua motum imme¬
1285 2979 2113 3018 diate prosequimur, & ipsa voluntas, quae ad motum exer
1269 3017 2112 3066 cendum imperatiue mouet: in angelo tamen erit vna tam¬
1285 3060 2118 3114 tum, quae imperat motum & prosequitur, quia, quae sunt
1278 3094 2118 3156 sparsa in inferioribus, sunt vnita in superioribus, vt patet
1277 3129 1648 3201 per Auctorem de causis.
