2377 3504
402 230 1253 298 operatio eius terminatur sic ad rem extra, quod nullum
402 295 1262 337 obiectum primarium habebit ab intra, & per consequens
401 324 866 386 specificatur a re extra: ergo &c.
482 368 1253 411 Praeterea, Hugo in libro de sacramentis loquens de
408 400 1256 454 diuina voluntate ait, Haec sola est, vnde ortum habet quic
407 445 1251 496 quid est, Et Anselmus in libro 2. Cur Deus homo, ait, Non
414 480 1250 530 st in Deo vlla faciendi necessitas, aut non faciendi im¬
412 521 1256 576 possibilitas, quia sola in eo operatur voluntas: Et istud
404 559 759 609 ctiam probaui superius.
443 587 1257 645 Ad primum nego antecedens. Ad probationem dico,
405 645 1249 691 quod creat vt diuina, quia posse creare soli Deo conuenit,
408 690 1243 728 nec sequitur illud inconueniens, quod tu infers, sed bend
405 713 1256 760 sequitur, si voluntas diuina est principium creaturae vt di¬
396 767 1243 808 uina est, quod nihil possit create, nisi sit Deus: sicut si e¬
407 801 1253 849 quilaterus habet tres angulos aequiualentes duobus rectis;
399 845 1249 888 m quantum est triangulus, sequitur quod nihil possit ha¬
397 873 1261 917 bere tres angulos aequiualentes duobus rectis, nisi sit trian
401 916 1249 967 gulus vel si animal non est risibile, nisi inquantum homo;
399 958 1250 1003 tunc bene potest inferri, quod homo primo, & per se est risi¬
408 991 1218 1035 bilis; & quoe nihil potest esse risibile, nisi sit homo, sic &c
445 1031 1253 1077 Ad secundum patebit infra, ostendetur enim ibi quo
408 1071 1235 1119 modo creatio actio potest dici noua, & transiens: & quo
411 1110 1245 1161 modo manens in agente. Etiam ad virtutem istius argu¬
397 1150 1250 1199 menti responsum est supertus dist. prima in solutione ra¬
407 1186 998 1236 tionum Auerrois de aetern tate mundi¬
450 1218 1253 1268 Ad tertium potest dici ad maiorem, quod ex distinctio¬
402 1265 1248 1311 ne talium obiectorum non oportet dare plures potentias
406 1306 1259 1350 formaliter distinctas, sed sufficit, quod vna detur, quae est
403 1348 1245 1400 virtualiter plurium contentiua. Potest etiam negari mi-
404 1391 1256 1432 nor, quia sicut inferius & speciale non distinguitur forma
404 1427 1246 1468 liter contra superius, & cone; sic creabile non est obiectum
401 1463 1206 1516 formaliter distinctum contra volibile & intelligibile¬
447 1504 1252 1552 Ad quartum dicendum, quod illud dictum philosophi
402 1543 1257 1587 fic absolute acceptum non est verum: quia ex actibus tam
407 1586 1243 1634 intellectus, quam voluntatis gignitur & constituitur ha¬
412 1621 1244 1668 bitus: etiam ex actu intelligendi gignitur in nobis verbum
403 1663 1244 1713 Item voluntas est principium rerum artificialium, vt pa
408 1699 1246 1751 tet in libro Et hicorum & 9. metaph Item quamuis per in¬
396 1743 1250 1787 telligere speculatiuum nihil comstituitur extra intellectu;
410 1787 1245 1828 per intelligere tamen practicum necessario constituitur
402 1816 1241 1866 aliquid ad extra, cum opus transiens sit finis eius; iuxta il¬
414 1855 1256 1904 ud 2. metaph theoricae quidem finis speculatio, practicae
405 1899 557 1946 vero opus.
453 1938 1246 1982 Ad quintum dicendum, quod Hugo loquitur quantum
403 1968 1254 2030 ad modum nostrum intelligendi, quem capimus de his,
408 2013 739 2073 quae videmus in nobis
435 2037 1247 2106 Ad primum de potentia angelorum dicendum, quod
405 2092 1246 2137 ficut sentire & intelligere arguunt diuersas potentias com
411 2131 1237 2184 gnitiuas in nobis, tamen ipsis in angelo correspondet tam
407 2180 1246 2220 tum vna potentia; sic imperare & mouere, quauis sint in
402 2214 1257 2258 nobis a diuersis potentiis, in angelo tamen propter sui
398 2255 1229 2302 perfectionem eadem est potentia imperatiua & motiua¬
435 2288 1239 2337 Ad secundum dicendum, quod quando ab eadem vir
402 2319 1256 2375 tute procedunt due operationes, tunc non est inconue¬
393 2371 1254 2419 niens, quod vna illarum operationum requirat aliquam
399 2413 1247 2460 proportionem, quam alia non requirit, sol enim illumi¬
402 2446 1247 2496 nat ad quamcumque distantiam, non tamen generat ad
409 2485 1248 2541 quamcumque distantiam. Item sol illuminat remotius,
405 2525 629 2576 quam calefacit.
435 2565 1252 2609 Ad tertium dicendum, quod argumentum imaginatur
402 2599 1247 2645 falsum, scilicet, quod angelus ipso velle suo moueat for¬
400 2639 1244 2691 maliter; & istud non est verum, quia velle suum non est
392 2681 1241 2732 formaliter mouere, sed virtualiter; vnde sicut angelus ip
399 2719 1247 2767 so intelligere intelligit formaliter, & ipso velle vult for¬
402 2757 1242 2806 maliter, sic ipso mouere mouet formaliter. Virtualiter au
397 2795 1238 2844 tem actus transiens potest principari a substantia separata,
405 2843 964 2885 mediante actu formaliter immanente
442 2878 1238 2927 Ad quartum dicendum, quod non oportet tantam di¬
399 2913 1242 2959 stinctionem ponere in superioribus, puta in angelis, quan
395 2956 1246 2996 ta est in infcrioribus, puta in nobis; igitur neganda est con
398 2994 1252 3041 sequentia. Ad probationem consequentiae dico, quod ma
396 3042 1239 3088 gis arguit oppositum, quam propositum: quia eo ipso, quam
405 3072 1250 3124 motor & forma non possunt coincidere in idem numero
1303 229 2172 296 vt dicitur. 2. physic. ideo motor coiunctus magis requirit
1295 289 2171 339 in suis potentijs distinctionem, quam motor separatus.
1351 323 2162 366 Ad quintum dicendum quod maior vniuersaliter lo¬
1312 365 2163 413 uendo non est vera; vnde debet sic moderari, quod actues
1296 402 2153 452 ciusdem rationis sunt a potentia eiusdem rationis forma
1305 444 2166 494 liter, vel a potentia alia, quae huiusmodi potentiam con¬
1295 479 2150 525 tinet virtualiter; sic autem est in proposito, quia voluntas
1302 522 2160 574 & intellectus angeli comprehendunt virtualiter virtutem,
1305 561 2166 602 motiuam secundum locum, quae formaliter est in brutis;
1309 600 2156 648 quod autem maior sit falsa, sine iam dicto modetamine
1306 644 2157 691 patet: quia per eandem formam arguendi probaretur, quod
1307 678 2156 721 potentia materialis, quae est in musculis eiusdem rationis
1299 719 2160 764 esset in Deo: quia Deus non minus bene potest mouere¬
1300 756 2163 808 humanum corpus sine motu elicito a virtute, quae est in
1299 799 1855 844 musculis, quam mediante tali motu.
1345 835 2155 881 Ad sextum dicendum, quod concesso toto argumento¬
1293 872 2144 922 non plus concluditur, nisi quod virtus motiua sit in ange
1296 914 2151 955 lis; quod autem huiusmodi virtus differat realiter a vo¬
1295 954 1824 998 luntate & intellectu, non probatur.
1314 992 2148 1045 Ad septimum dicendum, quod non repugnat eandem
1308 1035 2154 1080 tirtutem habere plures operationes circa plura obiecta.
1317 1071 2156 1121 uarum secudum unam ponit obiectum in esse intetiona
1296 1112 2145 1155 li, & secundum aliam in esse reali : Sol enim per eandem
1298 1154 2142 1201 virtutem, qua caelum & stellas immutat intentionaliter;
1306 1187 2150 1246 olum alterat ista inferiora non solum intentionaliter, ve¬
1298 1228 2146 1276 rum etiam valde realiter. Ad formam argumenti dicen¬
1303 1272 2150 1311 dum, quod minor non est vera loquendo de intellectu &
1296 1307 2145 1360 voluntate Dei & angeli: velle enim diuino cuucta produm
1297 1347 2147 1399 cuntur in esse: Etiam, vt dictum est supra, intellectus, &
1297 1391 2153 1439 voluntas angeli virtualiter comprehendunt virturem, seu
1303 1425 2149 1469 potentiam motiuam; ideo angelus per intellectum & vo
1303 1467 2147 1515 untatem potest rem immediate ponere in hoc esse reali,
1311 1506 1886 1554 quod est esse motum secundum locum.
1337 1543 2154 1593 Ad octauum dicendum eodem modo, quo dictum est
1305 1586 1931 1629 id quartum argumentum de potentia Dei
1331 1625 2145 1676 Ad nonum dicendum, quod maior non est vera, nisi lo
1320 1663 2134 1707 uendo de op rationibus propriis immediate a poten
1304 1703 2153 1751 tiis elicitis, quia cum plures operationes eliciuntur ab ea
1296 1741 2140 1787 dem potentia, vna mediante alia, contingit quandoque
1298 1785 2144 1825 tales operationes plus differre, quam alias operationes
1297 1819 2150 1864 immediate elicitas a duabus potentiis realiter distinctis.
1302 1859 2142 1900 bol enim immediate illuminat planetas, & mediante tali
1297 1899 2141 1945 illuminatione, quae est operatio intentionalis generat, asi
1297 1939 2151 1987 num, vel equum, & tamen plans est, quod generatio asini
1300 1978 2151 2024 & illuminatio planetarum plus differunt, quam audire &
1292 2017 2151 2057 videre, quae immediate eliciuntur a duabus potentus rea
1300 2055 2150 2097 liter distinctis. Sic in proposito, quamuis plus differant
1299 2094 2145 2147 mouere corpus & velle, quam velle & intelligere, tamen
1306 2137 2138 2183 quia mouere non est immediata operatio ipsius angelis
1300 2177 2141 2223 quia ipsum elicit mediante suo velle in aliena natura: ideo
1302 2208 1933 2263 quamuis plus differant mouere & velle, &c
1329 2251 2136 2294 Dicit etiam iste doctor, quod ista conclusio sit contra
1296 2293 2134 2347 Parisiensem articulum, qui dicit, quod angelum mouero
1300 2329 2051 2375 corpus per solum intellectum & voluntatem error
1314 2377 2135 2422 Salua istius doctoris reuerentia articulus non facit me
1294 2410 2138 2462 tionem de intellectu; Dicit enim articulus 2s sic, quod
1301 2452 2140 2496 ntelligentia sola voluntate moueat caelum error: Articu
1296 2488 2136 2537 lus ergo non tangit me, quia ego non excludo intellectum,
1296 2532 2138 2579 immo dico, quod mouet pet intellectum & voluntatem,
1332 2564 2133 2621 Dato tamen, quod ita staret articulus, sicut iste allegati
1287 2614 2142 2658 ad hoc dico, quod error esset non propter exclusionem
1294 2650 2142 2700 virtutis exsecutiuae, quam ipse ponit, sed propter exclusio
1289 2685 2136 2731 nem virtutis diuine, sine qua impossibile est angelum quod
1296 2728 2135 2779 cuque corpus mouere, quae virtus diuina intelligitur esse
1297 2766 1816 2820 exclusa, cum dicitur sola voluntate
1330 2802 2130 2858 Tertio dico, quod angelus non mouet corpus imme¬
1287 2833 1674 2894 diate per essentiam suam.
1380 2881 2136 2932 Quia angclus non intelligit, nec vult immediate per
1292 2923 2133 2982 essentiam suam sine media potentia: ergo nec mouet nisi
1290 2966 2138 3003 mediante potentia. Antecedens patet etm per eos, qui oppo¬
1290 2998 2132 3055 situm tenent istius coclusionis; consequentiam probo, quia s
1298 3040 2142 3082 operatio habens maiorem conformitatem cum essentia
1297 3080 2141 3127 intellectualis creaturae non potest immediate elici a tali
