2421 3527
447 254 1287 317 scilicet illorum, qui dicuntur potestates, quorum interess
447 314 1283 358 resistere potestati malignispiritus. Vnde de istis dicit ber
451 346 1292 396 vbi supra, Putemus potestates, quarum virtute potestas te
440 391 1295 439 nebrarum comprimitur, ne quantum vult noceat, nec ma
450 417 858 478 lignari possit, nisi vt prosit.
491 461 1298 516 Tertia hierarchia est, vt dixi, ordinabiliter exequentium,
448 501 1286 553 qui ipsam diuinam voluntate nobiscum hic inferius ope
449 547 1286 589 re prosequuntur. Haec autem prosecutio triplex esse vide
444 585 1285 639 tur. Vna quo ad prouincias & regiones. Alia quo ad perso
441 626 1301 681 nas principaliores & digniores. Et tertia vniuersaliter
450 653 932 703 quo ad quoslibet homines
480 698 1291 748 A prima istarum conditionum sumitur ordo Principa¬
450 740 1287 790 tum, de quo ordine intelligitur esse Michael, qui quando
450 774 1292 838 que fuit princeps Svnagogae, nunc autem princeps eccle¬
450 818 1292 874 siae: De eodem ordine potest intelligi ille angelus, de quo
440 854 1303 906 dixit angelus populi lsrael ad Danielem, Princeps regni
442 888 807 942 Persarum restistit mihi
480 915 1287 984 Asecunda dicitur ordo Archangelorum, de quorum
440 970 1296 1026 numero fuit Oabriel minister dignissimae personae scilicet
446 1011 1292 1061 virginis gloriosae, vt aliqui dicunt: Dionysius tamen vide¬
457 1052 991 1096 tur sentire, quod fuerit de Scraphin¬
494 1085 1285 1138 Atertia dicitur ordo angelorum tenentium tertiun
456 1125 1287 1185 ordinem tertiae hierarchiae, de quorum numero videtur
450 1165 1286 1214 fuisse Raphael, qui custos fuit & minister Tobiae iunioris.
450 1205 1295 1262 Sunt etiam de illo ordine omnes angeli, qui communi¬
444 1248 995 1291 ter ipsorum hominum sunt custodes
492 1284 1302 1337 Quo ad secundum dico, quod ordines praedicti possunt du
462 1318 1289 1384 liciter considerari. Vno modo, quantum ad angelorum
449 1371 1291 1412 ordinatorum naturam, & per consequens quantum ad eo
441 1403 1289 1452 rum gratiam, & gloriam: quia secundum dignitatem na¬
440 1446 1286 1496 turae receperunt gratiam, & secundum mensuram gratia
449 1480 1286 1539 habent gloriam. Alio modo secundum officia, quo ad in¬
453 1517 1290 1581 feriorem parte mundi gubernandam. Primo modo absque
444 1561 1293 1613 dubio manet praedictorum ordinum distinctio: quia manet
447 1604 1296 1655 eorum natura, gratia, & gloria: Sed secundo modo non ma
446 1635 1297 1691 net quantum ad actualem gubernationem: quia tunc ni¬
454 1677 1298 1738 hil restat actualiter gubernadum; manet tamen quantum
434 1715 1292 1769 ad aptitudinalem gubernationem, quia si Deus faceret post
437 1753 1294 1812 diem nouissimum alium mundum, illi ijdem angeli, qui
444 1797 1231 1847 gubernant istum mundum possent gubernare alium.
578 1867 1158 1959 ARTICVLVS I1.
506 1948 1212 2028 Vtrum Hommes electi ad huiusmodi ordines
753 2019 972 2082 assumantuir.
515 2099 1293 2156 VANTVM ad secundum articulum dico, quod
456 2110 1277 2202 ipsi homines secundum quod participant pene
429 2182 1293 2236 aliquam excellentiam praedictas proprietates suae condi¬
446 2224 1280 2285 tionis, a quibus discernuntur chori, siue ordines angelo.
435 2267 1276 2315 rum: sic assumuntur cum angelis ad praedictos ordines, po
434 2303 1279 2352 ta feruentissimi diligentes ad ordinem seraphicum, in quo
435 2343 1276 2389 supremum locum super omnes angelos exaltata tenet vi
434 2382 1277 2428 go gloriosa, eo quod super omnem puram ereaturam feruer
439 2426 1286 2472 tius dilexerit creatorem: Ad quem ordinem assumptus est
434 2464 1283 2511 etiam lohannes Daptista, qui testimonio saluatoris lucet
425 2499 1280 2548 na erat ardens & lucens. Vnde & Deatus bernardus in
438 2540 1289 2593 quodam sermone ait de isto lohanne, quod sic est insertus an
444 2579 1286 2630 velorum ordinibus, quod ad ipsum seraphicum ordinem
432 2626 1280 2666 est translatus. Idem pie credendum est de Deato lohanne
441 2661 1284 2704 euangelista, & Deato Augustino & ceteris seruentissimis
423 2687 1281 2746 Dei amatoribus. In quibus autem non est tantus excessus
432 2734 1276 2780 ardoris diuinae dilectionis, si tamen fuerint in catholica
426 2773 1289 2818 fidei doctrina praecellentes, tales assumentur ad ordinem
435 2811 1287 2868 ipsorum cherubin, iuxta illud, Qui docti fuerint fulgebut
441 2856 1280 2898 quasi splendor firmamenti, & qui ad iustitiam erudiunt
427 2886 1276 2945 multos, quasi stelle in perpetuas aeternitates. Et sic de alijs
430 2925 812 2978 conditionibus supradictis
461 2967 1274 3023 Sed hic restat vnum dubium, scilicet vtrum per eun¬
432 2996 1280 3056 dem gradum virtutis homo cum angelo pertingat ad es¬
432 3044 1277 3115 dem gradum beatitudinis, & eandem claritatem beata
425 3079 560 3131 visionis.
1377 269 2182 322 Ad quod respondeo, quod non quia sicut, si ab inaequalibus
1335 318 2197 364 aequalia auferuntur, quae remanent sunt inaequalia: sic si
1332 355 2190 402 inaequalibus aequalia adduntur, ipsa erunt inaequalia: Cum
1334 392 2180 446 igitur naturalia hominis, & angeli sint multum inaequa¬
1330 432 2183 484 lia, per eundem gradum gratiae, & virtutis superadditum
1335 478 2183 524 non videtur, quod sic aequentur in gloria, quod eundem
1344 516 2115 564 gradum beatitudinis, seu beatae visionis pertingant.
1359 549 2195 604 Videtur igitur mihi saluo semper meliori iudicio, quod
1344 596 2183 642 infirmitas humanae naturae abundantiori virtute, & gratia
1340 627 2178 686 debeat roborari ad hoc, vt pertingere valeat ad angelica
1340 670 2198 709 visionis claritatem; nam secundum mensuram coritatis
1341 709 2187 761 & gratiae infunditur lumen gloriae; & quia actus actiuorum
1335 745 2184 800 sunt in patiente & disposito; angelus autem in suis natu¬
1341 791 2189 836 ralibus abundat maiori dispositone claritatis, quam ho¬
1344 824 2198 879 mo:igitur per eundem gradum luminis gloriae limpidius
1335 869 2196 909 videt diuinam essentiam, quam homo: quia idem gradus
1341 903 2182 951 luminis gloriae magis videtur perficere angelicum intel¬
1347 942 2198 989 ectum, quam humanum. Et ideo pater misericordiarum
1346 983 2192 1027 & Deus totius consolationis multum de tempore con-
1335 1027 2199 1064 cessit homini ad meredum, cum angelus habuerit vnam
1334 1060 2190 1110 breuissimam morulam, quatenus ex frequentatis merito
1347 1106 2183 1149 tum actibus ipse homo non solum in gloria aequari pos¬
1332 1138 2181 1187 sit angelis; vt sic penes dictum euangelicum omnes fiant
1332 1180 2186 1234 sicut angeli Dei in coelis: verum etiam virtutibus merito
1340 1222 2181 1269 tum superexcedere possint homines omnem mensuram
1337 1260 2190 1314 gloriae quorumcumque angelorum, maxime quia homi¬
1341 1301 2191 1341 nes innituntur virtuti sacramentorum, ac merito passio¬
1338 1340 2190 1398 nis Christi, qua redempti sunt, quibus inniti non poterat
1348 1380 1871 1422 meritum ipsorum angelorum, &c.
1458 1444 2090 1531 ARTICVLVS III
1454 1543 2066 1623 Vtrum Angeli superiores illuminent
1670 1596 1839 1661 inseriores.
1410 1682 2173 1749 VANTVM ad tertium articulum pono duas con¬
1335 1688 1599 1777 O cuiones
1376 1764 2189 1825 Prima est, quod angelo cuicumque non repugnat re-
1336 1802 1698 1855 cipere illuminationem.
1347 1849 2180 1889 1 Quia illud, quod est luminis capax, & non habet om
1323 1880 2181 1941 nem plenitudinem lucis, hoc potest aliquam illuminatio
1322 1931 2180 1982 nem recipere, angelus est huiusmodi: nam, quod sit lumi
1335 1965 2188 2025 nis capax, patet: quia cum omne, quod cognoscitur, in ali¬
1335 2006 2177 2052 quo lumine cognoscitur, si angelus non esset capax lucis;
1329 2047 2182 2098 nihil posset cognoscere: quod non habet omnem ple¬
1336 2083 2186 2145 nitudi nem lucis etiam, patet: quia sua lux est lumen par¬
1328 2118 1492 2171 ticipatum.
1351 2141 2179 2211 2 Praeterea, etiam ipse Commentator videtur hoc sen¬
1329 2183 2203 2258 tire: quia in Commento super. 3. de anima ait, quod non est
1339 2245 2187 2297 opinandum, quod prima materia sit causa receptionis sim
1341 2275 2179 2327 pliciter, sed est causa receptionis transmutabilis. Et sub¬
1334 2307 2180 2379 dit ibidem, quod ex hoc est possibile, quod intelligentiae ab¬
1332 2351 2184 2415 stractae purificent se adinuicem: Et addit ibidem, quod hoc,
1328 2395 2183 2464 quod est liberum ab hac natura scilicet a natura recepti¬
1324 2440 1920 2491 ua, est primum intelligens, id est, Deus.
1370 2464 2202 2536 Secundo dico, quod angelus inferior aliquo modo pos
1324 2503 1850 2558 sit illuminari ab angelo superiori,
1419 2531 2175 2610 Quia vt iam patuit ex dictis Commentatoris, vnus
1329 2592 2177 2640 angelus pot ab alio purificari: igitur poterit ab eo aliquo
1337 2635 2177 2689 modo illuminari, consequentia tenet, quia omnis spiritua¬
1326 2664 1980 2724 lis purificatio aliquo modo est illuminatio,
1391 2710 2201 2760 Praeterea, idem patet per Dio. celestis hierarchiae, vbi
1322 2742 2186 2808 ait, lex diuinitatis est, & diuino ordine est omnino peni¬
1322 2789 2170 2852 tus promulgatum secundas intelligentias participare il¬
1323 2818 1706 2875 luminationes per primas.
1397 2859 2173 2932 Praeterea, omnis veritatis reuelatio est aliquo mo¬
1323 2896 2174 2964 do illuminatio illius, cui fit reuelatio: sed veritates diui¬
1323 2944 2172 3010 norum secretorum inferioribus angelis reuelantur a su¬
1329 2973 1500 3025 perioribus.
1360 3015 2198 3073 Forte dicetur, quod cum omne lumen angelicum vel
1322 3048 2174 3122 sit naturale, vel gratiae, vel gloriae, & omnia ista tria
1322 3095 2174 3157 lumina sint per solam creationem in esse producibilia;
