2391 3560
399 266 1247 344 Ad argumentum principale patebit in quaestione se
399 331 1256 381 quenti; ibi enim ostendetur modus angelicae locutionis,
418 369 1253 419 & per consequens modus illuminationis patebit, qua vnu¬
412 413 940 468 angelus illuminat alium angelum
501 476 1172 568 DISTINCTIO . &x1.
460 589 1205 659 ctara harum distinctionum diuisio in quibus di
541 642 1142 711 tura, ac regimine bonorum Angelo¬
579 695 1092 763 rum circa hunc mundum inferio
687 741 996 802 rem determmatur.
747 808 1262 888 ICETIAM INVESTIGAN
756 871 1258 930 DVM. Postquam Magister deter¬
759 915 1259 969 minauit de bonorum angelorum
749 956 1250 1001 ordinatione in celo, hic determi
757 992 1265 1040 nat de eorum gubernatione in hoc
754 1034 1254 1086 mundo; & diuiditur in duas par
758 1069 1259 1128 tes: quia primo Magister ostendis
728 1099 1272 1158 I quomodo angeli a Deo in hunc
417 1147 1263 1196 mundum mittuntur. Secudo quomodo ab angelis missis
429 1199 1267 1241 homitaes in hoc mundo custodiuntur ibi, lllud quoque
422 1229 1263 1286 sciedum Prima in duas: quia primo cum motiuis acceptis
417 1268 1259 1323 ex auctoritatibus recitat duplicem opinionem circa an¬
416 1300 1268 1366 gelorum missionem. Secundo respondet motiuis vtriusque
426 1347 1271 1398 opinionis per auctoritatum expositionem, ibi, Qui auten
414 1395 1271 1442 omnes. Prima in tres: quia primo praemittit dictarum opi
416 1436 1270 1473 nionum recitationem, Secundo adducit contra secudam
425 1465 1265 1520 opinionem quandam dubitationem nouam, & tertio po
428 1502 1259 1552 nit quorumdam vocabulorum explanationem. Secundi
426 1544 1274 1591 ibi, Hic oritur quaestio. Tertia ibi. Et putant illi, Sequitur
424 1577 1277 1629 illa pars; llud quoque sciendum, & est principium. 11. di
427 1628 1274 1669 stinctionis, & diuiditur in duas partes: quia primo Magi¬
429 1665 1268 1709 ster tractat de bonorum angelorum custodia, & guberna¬
425 1699 1274 1749 tione respectu hominum oecundo inquirit de merito &
434 1746 1270 1788 praemio custodientium, ibi, Praeterea considerare oportet.
417 1778 1271 1823 Prima in duas: nam primo recitat, quod angeli ad nos cu
430 1812 1265 1863 stodiendum mittuntur, Secundo ostendit, quod plures ho¬
423 1851 1271 1903 mines eiusdem angeli custodiae committuntur, ibi, Solet
429 1895 1257 1945 autem quaeri. Sequitur illa pars, Praeterea considerari o
426 1944 1269 1993 portet: & diuiditur in duas partes: nam primo recitat opi-
429 1969 1253 2026 nionem ponentem angelos vsque ad tempus iudicij profi
423 2012 1250 2066 cere quantum ad meritum, & quantum ad praemium. So
425 2048 1268 2100 cundo adducit oppositae opinionis modum, ac motiuum,
420 2092 1267 2137 ibi. Alij dicunt. Prima in quattuor: quia primo praedictam
423 2128 1262 2174 opinionem recitat. Secundo auctoritate sacrae scriptura
426 2165 1269 2221 ipsam roborat. Tertio ex dictis Augustini, quae dictis Hie
428 2208 1262 2259 ronvmi videntur opposita, huiusmodi opinionem impu¬
428 2244 1265 2305 gnat. Et quarto tantorum doctorum dicta concordat. Se-
429 2294 1261 2330 cunda ibi, Et quod angeli. Tertia ibi, His autem videtur
432 2321 1261 2373 Quarta ibi, Attende lector, Sequitur illa pars, Alit dicunt
426 2363 1249 2412 & diuiditur in tres: quia primo opinionem secundam ad
426 2400 1265 2447 ducit, Secundo opinionem primam reducit, Tertio contra
423 2447 1253 2499 ipsam obijcit, & obiectionem soluit. Secunda ibi, lllud v
432 2491 1267 2533 ro. Tertia ibi, Quibus tamen &c. Circa istas duas distin¬
429 2529 1169 2573 ctiones scilicet 10. & 11. quaero hanc quaestionem.
729 2566 995 2650 Questio
474 2630 1208 2692 An Angeli ad homines in hac militante Ec
614 2679 1067 2747 clesia degentes mittantur.
472 3062 1268 3126 VTRVM aliqui angeli mittantur ad homines exi¬
434 3104 1262 3171 V stentes in ecclesia militante. Et videtur quod non
1314 271 2156 344 quia ad denunciandum voluntatem domini frustra mit¬
1311 327 2163 380 titur nuntius, vbi semper praesens est dominus, sed ipse
1307 359 2159 424 Deus, qui nihil facit frustra, cuius nucius est angelus, sem¬
1308 408 1906 460 per praesens est omni creaturae: ergo &c
1353 440 2159 486 Contra, angelus dixit ad Thobiam, Nunc misit me do¬
1306 480 2162 526 minus vt curarem te, & Saram vx orem filii tui a daemone
1311 521 2165 575 liberarem. Hic quattuor sunt videnda, quorum duo respi
1302 559 2150 604 ciunt distinctionem. 10 alia vero duo distinctionem. 1I
1305 598 2159 647 conformis enim est materia istarum duarum distinctio¬
1314 638 2163 684 num. Primo ergo videndum est, vtrum aliqui angeli ad ho¬
1312 682 2152 726 mines huc inferius mittantur, Secundo, vtrum possint lo
1308 718 2156 767 qui illis, ad quos mittuntur, Tertio, vtrum aliqui ange¬
1308 756 2157 804 li sic mittantur, quod ad continuam hominum custodiam
1305 796 2171 846 deputentur. Et quarto, vtrum ex tali ministerio, seu custo
1308 834 2152 886 dia premium angelorum ministrantium, seu custodien
1319 876 1552 926 tium augeatur.
1500 981 1989 1046 RES OLVTI O
1346 1104 2117 1181 Angelos quidem ad nosmitti, & missos fuisse nullus am¬
1386 1178 2092 1227 bigit Theologus, cum praesertim id ex sacrocanone con
1425 1207 2035 1262 vincatur Verum de inferioribus ordinibus ple¬
1468 1248 2001 1309 runque mitti solent, licet quandoque de su¬
1500 1290 1970 1342 perioribus mittantur, qui lant a
1563 1328 1910 1386 beata numquam desictum
1636 1366 1832 1423 contemplatio¬
1703 1411 1760 1464 ne
1469 1498 2015 1590 ARTICVLVSI.
1366 1628 2104 1698 Vtrum aliqu Angeli ad hommes huc inferius
1649 1693 1823 1751 mittantur.
1398 1810 2159 1862 VA NTVM ad primum primo videndum ess
1332 1856 2168 1898 e de eo, quod quaeritur. Secundo, vtrum om¬
1326 1889 2162 1945 nes angeli mittantur, Et tertio, vtrum ex tali missione,
1316 1935 2167 1977 qua localiter destinantur extra coelum hic inferius mi¬
1317 1972 2159 2019 nistrando, impediantur aliquo modo a superna Dei con¬
1320 2008 1517 2063 templatione
1347 2049 2180 2098 Prima conclusio non indiget probatione: quia clarum
1326 2087 2180 2131 est per multos textus sacrae scripturae angelos a Deo fuis¬
1320 2128 2160 2171 se missos, & ad homines destinatos; sicut apparet in Sen¬
1319 2169 2150 2217 de Abraam & lacob; in Exo. de Movse, & sic de multis alij¬
1326 2208 2153 2250 patribus veteris testamenti. In nouo etiam testamento
1326 2244 2157 2288 egimus angelum fuisse missum ad Mariam, qui ei Chri¬
1320 2285 2150 2331 sti conceptionem annunciauit, & ad Petrum, qui ipsun
1311 2325 2156 2366 de carcere Herodis liberauit: Angelum etiam missum ad
1317 2361 2157 2408 lohanem saepissime apparet in Apocal. Et de pluribus
1317 2405 2154 2452 alijs sanctis noui testamenti legimus angelos fuisse mis¬
1319 2440 2162 2495 sos. Et istud congruum esse videtur, quia quando aliqui
1311 2481 2163 2527 ad ciuilitatem eiusdem ciuitatis ab eodem principe sunt
1314 2523 2144 2560 vocati, rationabile est, vt se mutuo visitent consolando
1317 2560 2165 2606 sed omnes homines sunt vocati, & aliqui saltem electi
1311 2603 2150 2651 ad ciuilitatem supernae ciuitatis ecclesiae triumphantis.
1313 2639 2159 2681 & existentes in ecclesia militante, ratione suae imbecil¬
1316 2678 2156 2724 litatis non possunt visitare illos angelicos spiritus, iam in
1320 2718 2156 2759 illa ciuitate regnantes, nisi postquam mutauerint for¬
1310 2758 2157 2800 titudinem, & assumpserint pennas, vt aquilae, tunc enim
1320 2797 2154 2842 volabunt & non deficient, vt patet Isa. 4o. ergo conde¬
1323 2837 2150 2878 cens esse videtur, quod angeli visitent homines, & eo
1317 2879 2156 2922 adiuuent, vt peruenire valeant ad eorum societatem;
1320 2911 1442 2961 ergo &c.
1356 2957 2147 3003 Quo ad secundum dico, quod satis congrue pot teneri ci
1317 2994 2160 3034 Magistro sniarum in littera, quod modo consueto & regula¬
1316 3033 2155 3080 riter mittuntur illi de inferioribus ordinibus; sed pro
1310 3074 2153 3126 aliquibus arduissimis negotijs, etiam illi de supremo or¬
1311 3105 2153 3175 dine possunt mitti: & quandoque de, facto missi sunt. E
