2372 3546
420 259 1283 318 arbitrium, quia cum omne, quod recipitur, ad modum rei
432 307 1281 353 recipientis reperiatur; ideo talis actio, quamuis necessaria
429 348 1274 396 sit ex parte agetis, libere tmen recipitur in libero arbitrio
425 384 1271 432 & per consequens non impedit liberam eius actionem
460 425 1278 475 Ex duabus vero aliis rationibus patet, quod adhuc fal
433 464 1278 511 sior est illa antiqua opinio, quae posuit, quod caelum sic di
442 500 1274 552 ecte agit in liberum arbitrium, quod ipsum necessitatur
428 545 1253 591 in sua inclinatione secundum necessarium motum caeli¬
462 584 1264 631 Has etiam ambas opiniones simul refellit Aristotele
439 619 1268 668 2. de anima dicens quod iste, qui dicit voluntatem hom
435 656 1273 709 nis augeri ad praesens; id est subiectam esse directe tem¬
442 701 1266 752 pori, & per consequens motui ipsius caeli, talis dicit intel¬
432 741 1263 791 lectum esse sensum, quasi dicat, si voluntas esset immedi
438 780 1278 831 te subiecta motui caelesti; tunc voluntas esset appetitus
429 819 1281 869 sensitiuus, quo posito sequitur, quod intellectus, qui est
420 856 1270 911 virtus cognitiua respondens voluntati, esset sensus, quia
433 890 1170 946 est uirtus cognita, respondens appetitui sensitiuo.
462 934 1271 984 Sed contra philosophum posset instari sic. Sicut se haber
432 975 1274 1021 mobile ad mobile: sic motor ad motorem, sed mobile caele
432 1016 1271 1058 ste mediatam habet, & directam actionem in corpus huma¬
432 1054 1269 1100 num: ergo motor caelestis directe aget in animam humanam,
434 1093 1274 1147 quae est motor corporis humani, sed secundum philoso¬
431 1131 1270 1181 phum intelligentia non potest moueri ad aliquam for¬
434 1170 1275 1217 mam, nisi mediante motu caelestis corporis: ergo caeleste
438 1215 1275 1258 corpus directe, & immediate aget in animam humanam.
471 1249 1274 1290 Respondeo, quod ista argumentatio non plus conclu¬
427 1285 1272 1336 dit, nisi, quod celum habeat directam infuentiam in vi¬
425 1335 1260 1375 res inferiores ipsius animae, secundum quas anima imme
420 1366 1269 1413 diate mouet corpus: & hoc conclusio mea negat: sed ne¬
431 1403 1264 1453 gat celum directe agere in liberum arbitrium, quod se to
419 1445 1258 1489 net ex parte intellectus, & uoluntatis, quae sunt poten
424 1488 1261 1532 tiae superiores ipsius animae a Deo immediate creatae, &
429 1527 1253 1578 non eductae de potentia materiae, sicut potentiae organi¬
433 1557 776 1617 cae, sensitiuae, & motiuae¬
453 1603 1266 1656 Secundo dico, quod indirecte caelum potest agere in
424 1636 1258 1686 liberum arbitrium. Nam cum appetitus sensitiuus, & ap¬
432 1683 1263 1729 petitus intellectiuus radicaliter coniuncti sint in nobis;
428 1714 1260 1771 sicut duae rotae connexae in eodem stipite, vt patet 3. di
426 1757 1253 1805 anima: ideo celum directe immutans sensitiuum appeti
426 1798 1261 1841 tum aliquo modo indirecte etiam agit in appetitum in¬
417 1841 1265 1890 tellectiuum, & per consequens in liberum arbitrium ipsum
428 1874 1259 1920 alliciendo secundum immutationem virtutis sensitiui
413 1912 1256 1963 Nec mirum, quia isto modo etiam res aliae, puta cibus, &
428 1957 1253 2004 potus, vires sensitiuas inflamantes possunt agere in libe
423 1996 1260 2041 rum arbitrium, quamuis indirecte: omnes tamen talet
427 2038 1266 2081 motus, gratia Dei cooperante, libertate a Deo nobis com
423 2066 1259 2112 municata, possumus superare: iuxta quoed ait Ptholomeus
423 2108 1249 2157 Sapiens dominabitur astris per sapientiam Propter quo
410 2150 1259 2194 ait Dam as. 2. libro. Nos autem liberi arbitrij a conditore
408 2188 1265 2232 facti, existimus domini nostrorum actuum: si enim ex astro¬
416 2235 1262 2280 rum allatione agimus omnia secudum necessitatem, nec
415 2266 1175 2326 virtus, nec vitium, seu malitia est in nobis. Haec ille
547 2312 1142 2405 ARTICVLVS III1
402 2389 1257 2453 Vtrum aliquod colum habeat infiuentiam vealem in
507 2434 1157 2511 haec inferiora non obstante quod ipsum
650 2480 1008 2558 simmobile permaneat.
442 2563 1250 2631 VANTVM ad quartum articulum teneo conclu¬
512 2622 1241 2669 sionem affirmatiuam, quia caelum empyreum ha
409 2653 1247 2712 bet influentiam in haec inferiora: ergo aliquod corpus i
407 2704 1257 2750 mobile habet influentiam in haec inferiora, consequentia
410 2738 1240 2784 patet: quia caelum empvreum est corpus immobile, vt pa
407 2783 1241 2828 tet ex dictis superius, Antecedens probo, quia si non, tun
413 2816 1243 2860 vniuersum non esset ordinate dispositum: consequens es
402 2858 1246 2908 inconueniens, vt patet 12. metaphysicae. probo consequen
404 2890 1246 2945 tiam, quia illud, cuius partes non sunt connexae, nisi se¬
400 2933 1247 2984 cundum superficialem contactum: illud non est ordinate
402 2970 1238 3015 dispositum: sed posito, quod caelum empvreum non ha
402 3010 1247 3061 beat realem influentiam in corpora, quae sunt infra ipsum;
390 3053 1251 3108 tunc solummodo coniungetur eis se cundum superficia¬
398 3087 767 3146 lem contactum: ergo &c.
1353 243 2183 316 Sed oppositum istius asserit quidam venerabilis doctor
1326 307 2036 354 in suo scripto. dist. 2. secundi libri sententiarum
1400 342 2169 394 Quia eo ipso, quod celum empvreum non mouetur
1327 383 2165 433 non potest sibi competere aliqua realis influentia in ce¬
1325 424 2076 466 tera corpora, quia corpus non agit nisi per motum
1348 460 2166 505 2 Praeterea, arguunt quidam alij sic. Anima caeli non
1319 496 2171 549 habet aliquam influentiam in corpora ista inferiora nisi
1328 545 2162 589 per motum: ergo nec aliquod corpus, consequentia pa¬
1324 577 2171 629 tet, quia secundum Augustinum in multis locis super
1333 620 2162 662 Sen. substantia spiritualis praestantior est omni corpore
1319 660 2172 713 Antecedens ponitur in Commento tertiae propositonis
1322 696 1533 752 libri de causis.
1404 739 2171 785 Praeterea, talis influentia non posset recipi in istis
1327 777 2160 826 nferioribus, nisi prius reciperetur in corporibus caelesti
1326 820 2155 861 bus, quae mediant intes caelum empvyreum, & inferiora
1323 851 2160 902 sed caelestia corpora non possunt recipere istam influen
1314 893 1957 941 tiam: ergo nec ista inferiora recipient eam.
1327 939 2165 978 4 Item forte contra rationem adductam pro conclu¬
1324 972 2162 1018 sione dicetur, quod illa corpora, quae sunt ad alium, & ad
1316 1015 2156 1063 alium statum ordinata: non oportet esse connexa nisi se
1311 1052 2171 1097 cundum superficialem contactum: sed caelum empyreum
1324 1091 2171 1139 est ordinatum ad statum patriae, & alij caeli ad statum viae,
1315 1128 2172 1172 ergo &c. Maior est nota. Sed minor quantum ad primam
1320 1169 2170 1214 sui partem patet ex dictis superius. distin. 2. Patet etiam
1320 1208 2174 1258 quantum ad secundam partem, quia caeli ordinantur ad
1326 1243 2164 1301 genetationem istorum inferiorum, quae solum est neces¬
1317 1287 1676 1340 saria pro statu ipsius viae.
1362 1324 2165 1376 bed ista non concludunt, quia aut celum empyreum agit
1317 1366 2182 1407 in seipsum, aut in alterum. Ista patet, quia nulla res penitus
1310 1411 2180 1451 destituitur a propria operatione, vt ait Commen. Item se
1308 1448 2168 1491 cundum Dion, & Damascenum, lsta tria sunt in qualibet
1315 1480 2153 1533 re distincta, scilicet substantia, virtus, & operatio. Ex qui¬
1320 1529 2155 1572 bus apparet, quod caelo empvreo conuenit operatio, set
1317 1563 2153 1604 actio: igitur ex sufficienti diuisione dicetur, vel agere in
1302 1603 2156 1648 se, vel in alterum. Sed primum dari non potest, quia nullu
1302 1637 2164 1682 corpus est supra seipsum conuersiuum: sed omne, quod agit
1316 1683 2161 1735 n seipsum, est supra seipsum conuersiuum: igitur dabitur
1317 1719 1933 1767 secundum: & hoc est praesens propositum.
1356 1759 2176 1803 Ad primum dicendum, quod nec illa consequentia Va¬
1306 1798 2160 1846 let, nec eius probatio, quia tempore losue sol non moue¬
1320 1836 2153 1879 patur per spatium unius dici, & tamen habuit realem in¬
1311 1877 2159 1922 fiuentiam in ista inferiora, alias ista viuentia hic inferius
1314 1915 2154 1962 tuissent mortua, ltem, Magnes non motus trahit ferrum
1348 1957 2160 2002 Ad secundum dicendum, quod quamuis anima celi agat
1306 1988 2153 2039 in ista inferiora mediante motu: ille tamen motus non
1310 2042 2157 2085 est in illa anima subiectiue ita, quod ipsa moueatur. Sic
1313 2074 2153 2124 dato, quod caeli empvrei influentia perueniat ad ista in¬
1310 2110 2163 2159 feriora, mediante motu celi, ex hoc tamen non conuinci¬
1304 2156 1906 2198 tur, quod celum empvreum moueatur.
1344 2188 2151 2244 Forte dicetur, quod si caelum empyreum agit mediant,
1315 2233 2153 2288 motu caeli: tunc dependet a caelo, cuius oppositum ego di
1305 2267 1598 2320 xi superius. distin. 2.
1343 2288 2151 2363 Respondeo, quod quamuis agentia inferiora agant mediam¬
1302 2349 2149 2395 te motu caeli, tamquam mediante regula, & directiuo, &
1298 2394 2155 2443 per consequens dependeant ab eo: tamen caelum empvreum
1305 2429 2147 2482 non influit mediante motu caeli tamquam mediante re¬
1302 2467 2153 2520 gula, vel directiuo, seu tamquam mediante organo, quod
1305 2512 2157 2560 quidem organum non est in tali influentia requisitum ra
1306 2548 2141 2591 tione caeli empvrei influentis, sed ratione patientis huiu
1309 2591 2150 2639 modi influentiam recipientis: caelum enim empvreum pos¬
1308 2622 2149 2674 et influere sine motu caeli, tamen patiens non potest hu
1306 2667 2140 2716 usmodi influentiam recipere sine motu caeli, & ideo ex hn
1299 2708 2148 2761 non habetur, quod caelum empyreum dependeat a motu
1303 2748 2148 2806 celi, quamuis bene probetur, quod ista inferiora depen¬
1303 2775 1877 2830 deant a motu caeli, seu a virtute caelesti
1334 2812 2057 2872 Ad tertium dicendum, quod minor non est vera
1330 2856 2144 2915 Forte dicetur, quod minor ista probari potest ex dictis
1290 2882 2128 2951 superius dist. 2. Dicebam enim ibi, quod celum non pa
1293 2941 2139 2993 titur peregrinas impressiones: & quod est primum alterans
1291 2972 2132 3033 inalterabile; sed illud, quod recipit influentiam alicuius
1291 3011 2145 3083 hoc recipit peregrinas impressiones, & alteratur secundum
1285 3050 1910 3109 impressionem illius influentiae : ergo &c.
1329 3096 2142 3150 Respondeo, quod duplex est influentia. Vna, quam ali¬
