<?xml version="1.0" encoding="UTF-8" standalone="yes"?>
<PcGts xmlns="http://schema.primaresearch.org/PAGE/gts/pagecontent/2013-07-15" xmlns:xsi="http://www.w3.org/2001/XMLSchema-instance" xsi:schemaLocation="http://schema.primaresearch.org/PAGE/gts/pagecontent/2013-07-15 http://schema.primaresearch.org/PAGE/gts/pagecontent/2013-07-15/pagecontent.xsd">
    <Metadata>
        <Creator>prov=University of Rostock/Institute of Mathematics/CITlab|PLANET AI GmbH/Gundram Leifert/gundram.leifert@planet-ai.de:name=cod-P122zz-m2(htr_id=26330)::::v=2.6.7
prov=University of Rostock/Institute of Mathematics/CITlab|PLANET AI GmbH/Tobias Gruening/tobias.gruening@planet-ai.de:name=de.uros.citlab.module.baseline2polygon.B2PSeamMultiOriented:v=2.6.7
prov=University of Rostock/Institute of Mathematics/CITlab|PLANET AI GmbH/Tobias Gruening/tobias.gruening@planet-ai.de:name=/net_tf/LA73_249_0mod360.pb:de.uros.citlab.segmentation.CITlab_LA_ML:v=2.6.6
Transkribus</Creator>
        <Created>2020-10-05T23:23:34.518+02:00</Created>
        <LastChange>2020-10-19T05:29:50.812+02:00</LastChange>
        <TranskribusMetadata docId="505580" pageId="20954457" pageNr="368" tsid="46286069" status="IN_PROGRESS" userId="25065" imgUrl="https://files.transkribus.eu/Get?id=FQCUIRJTCRIHGUCJEGNQBUYD&amp;fileType=view" xmlUrl="https://files.transkribus.eu/Get?id=EVGLSWMGZXUYVQPHMILQUHBK" imageId="16095654"/>
    </Metadata>
    <Page imageFilename="367.jpg" imageWidth="2373" imageHeight="3563">
        <ReadingOrder>
            <OrderedGroup id="ro_1603931012374" caption="Regions reading order">
                <RegionRefIndexed index="0" regionRef="r2"/>
                <RegionRefIndexed index="1" regionRef="TextRegion_1602897178467_1270"/>
            </OrderedGroup>
        </ReadingOrder>
        <TextRegion orientation="0.0" id="r2" custom="readingOrder {index:0;}">
            <Coords points="378,223 378,3159 1248,3159 1248,223"/>
            <TextLine id="r2l3" custom="readingOrder {index:0;}">
                <Coords points="421,351 1225,326 1211,272 892,291 799,266 587,310 420,296"/>
                <Baseline points="426,341 465,338 505,336 545,333 584,332 624,330 664,328 703,326 743,324 783,323 823,323 862,321 902,320 942,318 981,318 1021,318 1061,317 1100,317 1140,317 1180,317 1220,317"/>
                <TextEquiv>
                    <Unicode>2 Praeterea, taliter Deus &amp; natura miscibilia in re mi¬</Unicode>
                </TextEquiv>
            </TextLine>
            <TextLine id="r2l4" custom="readingOrder {index:1;}">
                <Coords points="379,387 1199,377 1226,371 1225,327 378,354"/>
                <Baseline points="384,380 425,378 467,377 509,375 551,373 593,372 635,369 676,368 718,366 760,365 802,363 844,362 886,360 928,360 969,359 1011,359 1053,357 1095,357 1137,357 1179,357 1221,357"/>
                <TextEquiv>
                    <Unicode>xta temperauit, vt mixtum aliquo modo durare possit, &amp;</Unicode>
                </TextEquiv>
            </TextLine>
            <TextLine id="r2l5" custom="readingOrder {index:2;}">
                <Coords points="384,430 1224,415 1223,374 383,390"/>
                <Baseline points="389,419 430,417 471,416 513,414 554,412 596,410 637,408 679,407 720,405 762,404 803,402 844,401 886,399 927,398 969,397 1010,396 1052,396 1093,395 1135,395 1176,395 1218,396"/>
                <TextEquiv>
                    <Unicode>non immediate corrumpatur. Ista patet: quia frustra pro¬</Unicode>
                </TextEquiv>
            </TextLine>
            <TextLine id="r2l6" custom="readingOrder {index:3;}">
                <Coords points="384,463 1220,444 1193,402 383,426"/>
                <Baseline points="390,456 431,455 472,453 513,453 555,451 596,449 637,447 678,446 720,445 761,443 802,442 843,440 885,440 926,438 967,437 1008,435 1050,435 1091,434 1132,434 1173,434 1215,432"/>
                <TextEquiv>
                    <Unicode>duceretur in esse, quod immediate tenderet in non esse</Unicode>
                </TextEquiv>
            </TextLine>
            <TextLine id="r2l7" custom="readingOrder {index:4;}">
                <Coords points="388,503 1225,484 1224,451 1073,444 387,466"/>
                <Baseline points="393,495 434,493 475,492 517,491 558,489 599,488 641,486 682,485 723,483 765,482 806,480 847,480 889,479 930,477 971,477 1013,476 1054,476 1095,474 1137,474 1178,474 1220,473"/>
                <TextEquiv>
                    <Unicode>Deus autem &amp; natura uihil faciunt frustra, Sed si tantum</Unicode>
                </TextEquiv>
            </TextLine>
            <TextLine id="r2l8" custom="readingOrder {index:5;}">
                <Coords points="393,550 1075,515 1182,534 1232,521 1231,486 391,502"/>
                <Baseline points="398,533 439,531 480,531 522,530 563,528 605,527 646,525 687,524 729,522 770,521 812,520 853,519 894,518 936,516 977,515 1019,515 1060,514 1101,513 1143,513 1184,512 1226,512"/>
                <TextEquiv>
                    <Unicode>de igne penes quantitatem molis, seu de virtute ignis esset</Unicode>
                </TextEquiv>
            </TextLine>
            <TextLine id="r2l9" custom="readingOrder {index:6;}">
                <Coords points="373,588 1220,564 1219,530 1165,522 372,552"/>
                <Baseline points="378,575 419,573 461,571 503,570 545,568 587,566 628,564 670,563 712,561 754,560 796,559 837,558 879,557 921,555 963,555 1005,554 1046,554 1088,552 1130,552 1172,552 1214,551"/>
                <TextEquiv>
                    <Unicode>in mixto, quantum de terra: cum actiuitas ignis multum</Unicode>
                </TextEquiv>
            </TextLine>
            <TextLine id="r2l10" custom="readingOrder {index:7;}">
                <Coords points="394,624 1203,608 1221,572 393,593"/>
                <Baseline points="399,612 439,610 480,608 521,607 562,605 603,603 644,602 685,600 726,599 767,599 808,597 848,597 889,596 930,594 971,594 1012,593 1053,593 1094,592 1135,591 1176,591 1217,590"/>
                <TextEquiv>
                    <Unicode>excedat actiuitatem terrae, vel aquae: ipsum mixtum pro¬</Unicode>
                </TextEquiv>
            </TextLine>
            <TextLine id="r2l11" custom="readingOrder {index:8;}">
                <Coords points="396,665 1229,641 1228,603 1155,601 396,630"/>
                <Baseline points="401,650 442,648 483,647 524,645 565,644 606,642 647,641 688,640 729,639 770,638 812,636 853,636 894,635 935,633 976,633 1017,632 1058,632 1099,631 1140,630 1181,630 1223,629"/>
                <TextEquiv>
                    <Unicode>pter ignis consumptiuam virtutem immediate corrumperetur.</Unicode>
                </TextEquiv>
            </TextLine>
            <TextLine id="r2l12" custom="readingOrder {index:9;}">
                <Coords points="417,693 1229,690 1228,648 416,662"/>
                <Baseline points="422,689 462,687 502,686 542,684 582,683 622,681 662,680 702,679 742,678 782,677 822,675 862,675 902,674 942,672 982,672 1022,671 1062,671 1102,669 1142,669 1182,669 1223,668"/>
                <TextEquiv>
                    <Unicode>Tertio dico, quod omnia animalia dicuntur facta de ter¬</Unicode>
                </TextEquiv>
            </TextLine>
            <TextLine id="r2l13" custom="readingOrder {index:10;}">
                <Coords points="387,742 1204,728 1222,689 386,701"/>
                <Baseline points="392,731 433,729 474,727 515,725 557,723 598,722 639,720 680,719 722,717 763,716 804,715 845,714 887,713 928,712 969,711 1010,711 1052,710 1093,710 1134,708 1175,708 1217,707"/>
                <TextEquiv>
                    <Unicode>ra, vel de aqua: non quod ab eorum compositone exclu¬</Unicode>
                </TextEquiv>
            </TextLine>
            <TextLine id="r2l14" custom="readingOrder {index:11;}">
                <Coords points="382,782 1225,765 1225,726 381,747"/>
                <Baseline points="387,770 428,767 470,765 511,764 553,762 595,760 636,758 678,758 720,756 761,755 803,753 845,753 886,752 928,752 970,751 1011,750 1053,750 1095,749 1136,749 1178,749 1220,747"/>
                <TextEquiv>
                    <Unicode>dantur cetera elementa: sed pro tanto, quia in eis terra,</Unicode>
                </TextEquiv>
            </TextLine>
            <TextLine id="r2l15" custom="readingOrder {index:12;}">
                <Coords points="390,817 1218,804 1225,764 390,776"/>
                <Baseline points="396,809 437,806 478,804 519,803 560,801 602,800 643,798 684,797 725,795 766,794 808,794 849,792 890,792 931,791 972,791 1014,791 1055,789 1096,789 1137,789 1178,789 1220,788"/>
                <TextEquiv>
                    <Unicode>&amp; aqua praedominantur. In iumentis enim bestijs, &amp; re-</Unicode>
                </TextEquiv>
            </TextLine>
            <TextLine id="r2l16" custom="readingOrder {index:13;}">
                <Coords points="388,866 1230,835 1229,804 1066,794 387,822"/>
                <Baseline points="393,848 434,845 476,843 517,842 559,840 600,839 642,837 683,836 725,834 766,834 808,833 850,832 891,831 933,830 974,830 1016,828 1057,828 1099,827 1140,827 1182,825 1224,825"/>
                <TextEquiv>
                    <Unicode>ptibilibus dominatur elementum terrestre; in piscibus au</Unicode>
                </TextEquiv>
            </TextLine>
            <TextLine id="r2l17" custom="readingOrder {index:14;}">
                <Coords points="394,895 1226,875 1215,833 394,862"/>
                <Baseline points="399,888 440,886 481,884 522,881 563,879 604,878 645,876 686,875 727,873 768,873 809,872 850,870 891,870 932,869 973,869 1014,867 1055,867 1096,867 1137,867 1178,866 1220,866"/>
                <TextEquiv>
                    <Unicode>tem, &amp; auibus dominatur elementum aquae: aliter tamen,</Unicode>
                </TextEquiv>
            </TextLine>
            <TextLine id="r2l18" custom="readingOrder {index:15;}">
                <Coords points="388,937 1223,919 1222,883 1193,874 387,901"/>
                <Baseline points="393,924 434,923 475,921 516,920 557,918 599,917 640,915 681,915 722,914 763,912 805,911 846,911 887,909 928,909 969,908 1011,908 1052,906 1093,906 1134,906 1175,905 1217,905"/>
                <TextEquiv>
                    <Unicode>&amp; aliter : quia in complexione piscium dominatur ele¬</Unicode>
                </TextEquiv>
            </TextLine>
            <TextLine id="r2l19" custom="readingOrder {index:16;}">
                <Coords points="385,980 1221,961 1220,920 384,945"/>
                <Baseline points="390,963 431,962 472,960 513,959 555,958 596,956 637,954 678,954 720,953 761,951 802,951 843,950 885,948 926,948 967,947 1008,946 1050,945 1091,945 1132,944 1173,944 1215,942"/>
                <TextEquiv>
                    <Unicode>mentum aquae per se: in volatilibus autem dominatur a¬</Unicode>
                </TextEquiv>
            </TextLine>
            <TextLine id="r2l20" custom="readingOrder {index:17;}">
                <Coords points="391,1017 1218,991 1217,958 1180,952 390,977"/>
                <Baseline points="396,1002 436,1001 477,999 518,998 559,996 600,995 640,993 681,992 722,992 763,990 804,989 844,989 885,987 926,986 967,986 1008,985 1048,984 1089,984 1130,983 1171,983 1212,983"/>
                <TextEquiv>
                    <Unicode>qua vt admixta est aeri. Propter quod etiam beatus Au¬</Unicode>
                </TextEquiv>
            </TextLine>
            <TextLine id="r2l21" custom="readingOrder {index:18;}">
                <Coords points="393,1063 1218,1034 1217,999 1185,988 392,1018"/>
                <Baseline points="398,1043 438,1040 479,1038 520,1037 560,1035 601,1034 642,1032 682,1031 723,1029 764,1029 805,1028 845,1028 886,1026 927,1026 967,1025 1008,1024 1049,1023 1089,1023 1130,1022 1171,1020 1212,1020"/>
                <TextEquiv>
                    <Unicode>gustinus 3. libro super Sen videtur dicere, quod corpo¬</Unicode>
                </TextEquiv>
            </TextLine>
            <TextLine id="r2l22" custom="readingOrder {index:19;}">
                <Coords points="382,1095 1222,1073 1215,1033 382,1064"/>
                <Baseline points="387,1082 428,1079 470,1077 511,1076 553,1074 594,1073 636,1071 677,1070 719,1068 760,1068 802,1067 843,1066 885,1065 926,1065 968,1064 1009,1063 1051,1062 1092,1062 1134,1061 1175,1060 1217,1059"/>
                <TextEquiv>
                    <Unicode>ra auium sunt facta ex aere: sunt enim factae ipsae aues ex</Unicode>
                </TextEquiv>
            </TextLine>
            <TextLine id="r2l23" custom="readingOrder {index:20;}">
                <Coords points="382,1134 1224,1119 1213,1081 1118,1070 381,1103"/>
                <Baseline points="387,1121 428,1118 470,1116 511,1115 553,1113 594,1112 636,1110 677,1109 719,1107 760,1107 802,1106 844,1106 885,1104 927,1104 968,1103 1010,1103 1051,1102 1093,1101 1134,1101 1176,1100 1218,1100"/>
                <TextEquiv>
                    <Unicode>aere uaporoso habente admixtos vapores grossos, &amp; a¬</Unicode>
                </TextEquiv>
            </TextLine>
            <TextLine id="r2l24" custom="readingOrder {index:21;}">
                <Coords points="390,1168 1223,1148 1222,1118 1155,1106 389,1130"/>
                <Baseline points="395,1157 436,1157 477,1155 518,1154 559,1152 600,1151 641,1149 682,1149 723,1148 764,1146 806,1145 847,1144 888,1143 929,1142 970,1142 1011,1140 1052,1140 1093,1139 1134,1139 1175,1139 1217,1139"/>
                <TextEquiv>
                    <Unicode>queos: cuius signum est, quod etiam ipse aues non viuuns</Unicode>
                </TextEquiv>
            </TextLine>
            <TextLine id="r2l25" custom="readingOrder {index:22;}">
                <Coords points="388,1217 1198,1209 1232,1200 1231,1149 387,1167"/>
                <Baseline points="393,1199 434,1197 476,1196 518,1194 559,1193 601,1191 643,1190 684,1188 726,1188 768,1187 810,1185 851,1185 893,1184 935,1182 976,1182 1018,1182 1060,1181 1101,1181 1143,1181 1185,1181 1227,1181"/>
                <TextEquiv>
                    <Unicode>in puro aere, sed magis hic prope nos in aere aquoso, &amp;</Unicode>
                </TextEquiv>
            </TextLine>
            <TextLine id="r2l26" custom="readingOrder {index:23;}">
                <Coords points="386,1258 398,1264 406,1257 423,1262 451,1247 468,1258 497,1260 523,1244 543,1246 540,1204 523,1209 502,1199 489,1208 444,1207 430,1218 383,1213"/>
                <Baseline points="390,1239 419,1238 448,1236 478,1234 507,1233 537,1233"/>
                <TextEquiv>
                    <Unicode>vaporoso.</Unicode>
                </TextEquiv>
            </TextLine>
            <TextLine id="line_1602897147995_1253" custom="readingOrder {index:24;}">
                <Coords points="537,1352 598,1352 632,1329 833,1341 924,1319 959,1333 996,1311 1020,1328 1063,1324 1062,1276 740,1290 663,1271 536,1286"/>
                <Baseline points="542,1328 567,1328 592,1325 617,1325 642,1323 668,1323 693,1322 718,1322 743,1321 769,1320 794,1320 819,1319 844,1319 869,1319 895,1317 920,1317 945,1316 970,1316 996,1314 1010,1316 1058,1313"/>
                <TextEquiv>
                    <Unicode>ARTICVLVS R</Unicode>
                </TextEquiv>
            </TextLine>
            <TextLine id="r2l29" custom="readingOrder {index:25;}">
                <Coords points="409,1444 864,1433 964,1406 1215,1421 1214,1362 1140,1351 963,1353 912,1381 829,1351 408,1379"/>
                <Baseline points="414,1419 453,1418 493,1416 533,1415 573,1413 612,1412 652,1410 692,1409 732,1407 771,1407 811,1406 851,1404 891,1403 930,1403 970,1401 1010,1401 1050,1401 1089,1400 1129,1400 1169,1400 1209,1401"/>
                <TextEquiv>
                    <Unicode>Vtrum formae quattuor elementorum in re mixta</Unicode>
                </TextEquiv>
            </TextLine>
            <TextLine id="r2l30" custom="readingOrder {index:26;}">
                <Coords points="496,1480 1099,1478 1115,1473 1114,1428 495,1440"/>
                <Baseline points="501,1466 531,1464 561,1463 592,1463 622,1461 653,1460 683,1460 713,1459 744,1458 774,1457 805,1456 835,1455 865,1455 896,1454 926,1454 957,1452 987,1452 1017,1452 1048,1452 1078,1451 1109,1451"/>
                <TextEquiv>
                    <Unicode>mone ant omnia quattuor imcorrupte.</Unicode>
                </TextEquiv>
            </TextLine>
            <TextLine id="r2l31" custom="readingOrder {index:27;}">
                <Coords points="420,1554 457,1575 569,1550 1232,1546 1217,1480 1095,1515 419,1519"/>
                <Baseline points="425,1547 465,1545 505,1543 545,1542 585,1541 625,1540 665,1539 705,1538 745,1538 785,1536 825,1536 865,1535 905,1534 945,1533 985,1533 1025,1532 1065,1531 1105,1529 1145,1529 1185,1527 1226,1526"/>
                <TextEquiv>
                    <Unicode>VANTVM ad secundum articulum pono duas con</Unicode>
                </TextEquiv>
            </TextLine>
            <TextLine id="r2l32" custom="readingOrder {index:28;}">
                <Coords points="409,1595 1232,1589 1231,1546 569,1550 485,1578 408,1557"/>
                <Baseline points="414,1586 454,1584 495,1584 535,1583 576,1581 617,1581 657,1580 698,1578 738,1577 779,1575 820,1574 860,1573 901,1571 941,1570 982,1569 1023,1568 1063,1568 1104,1568 1144,1566 1185,1566 1226,1568"/>
                <TextEquiv>
                    <Unicode>e clusiones. Prima est, quod formae clementorum</Unicode>
                </TextEquiv>
            </TextLine>
            <TextLine id="r2l33" custom="readingOrder {index:29;}">
                <Coords points="394,1637 1079,1612 1236,1630 1212,1583 393,1597"/>
                <Baseline points="399,1626 440,1625 482,1623 523,1622 565,1620 606,1620 648,1617 689,1617 731,1616 772,1614 814,1613 856,1611 897,1611 939,1610 980,1609 1022,1608 1063,1608 1105,1607 1146,1607 1188,1607 1230,1607"/>
                <TextEquiv>
                    <Unicode>non manent in re mixta secundum essentias eorum per¬</Unicode>
                </TextEquiv>
            </TextLine>
            <TextLine id="r2l34" custom="readingOrder {index:30;}">
                <Coords points="400,1677 1227,1656 1226,1622 1081,1612 399,1632"/>
                <Baseline points="405,1662 445,1662 486,1661 527,1660 568,1658 609,1658 649,1656 690,1656 731,1655 772,1653 813,1652 853,1652 894,1650 935,1650 976,1649 1017,1647 1057,1647 1098,1646 1139,1646 1180,1646 1221,1644"/>
                <TextEquiv>
                    <Unicode>fectas: sicut videtur posuisse Auicen, prout sibi Commen¬</Unicode>
                </TextEquiv>
            </TextLine>
            <TextLine id="r2l35" custom="readingOrder {index:31;}">
                <Coords points="393,1720 1230,1703 1229,1670 1160,1657 392,1680"/>
                <Baseline points="398,1703 439,1703 480,1701 521,1700 563,1698 604,1697 645,1695 687,1694 728,1694 769,1692 811,1691 852,1690 893,1689 934,1688 976,1686 1017,1686 1058,1685 1100,1685 1141,1685 1182,1685 1224,1685"/>
                <TextEquiv>
                    <Unicode>tator imponit tertio coeli &amp; mun. Dicit enim ibi Com¬</Unicode>
                </TextEquiv>
            </TextLine>
            <TextLine id="r2l36" custom="readingOrder {index:32;}">
                <Coords points="400,1755 1232,1738 1231,1703 1169,1700 399,1720"/>
                <Baseline points="405,1740 446,1740 487,1739 528,1739 569,1737 610,1736 651,1735 692,1733 733,1731 774,1730 815,1728 856,1727 897,1726 938,1725 979,1724 1020,1724 1061,1722 1102,1722 1143,1722 1184,1723 1226,1724"/>
                <TextEquiv>
                    <Unicode>mentator, quod Auicenn. posuit elementa remanere in</Unicode>
                </TextEquiv>
            </TextLine>
            <TextLine id="r2l37" custom="readingOrder {index:33;}">
                <Coords points="394,1796 1223,1778 1222,1743 1119,1734 393,1761"/>
                <Baseline points="399,1781 442,1779 485,1778 528,1778 571,1776 614,1775 657,1773 700,1772 743,1770 786,1770 830,1769 873,1767 916,1766 959,1766 1002,1764 1045,1764 1088,1764 1131,1763 1174,1764 1218,1764"/>
                <TextEquiv>
                    <Unicode>mixto secundum suas completas essentias, remissa tamet</Unicode>
                </TextEquiv>
            </TextLine>
            <TextLine id="r2l38" custom="readingOrder {index:34;}">
                <Coords points="402,1841 470,1825 670,1831 821,1816 820,1783 401,1798"/>
                <Baseline points="407,1817 432,1818 458,1818 483,1818 509,1817 534,1817 560,1815 585,1815 611,1814 637,1812 662,1812 688,1811 713,1809 739,1809 764,1809 790,1808 816,1809"/>
                <TextEquiv>
                    <Unicode>quantum ad suas qualitates.</Unicode>
                </TextEquiv>
            </TextLine>
            <TextLine id="r2l39" custom="readingOrder {index:35;}">
                <Coords points="442,1865 1204,1859 1227,1852 1226,1802 1115,1825 999,1803 441,1830"/>
                <Baseline points="447,1857 485,1856 524,1856 563,1854 601,1853 640,1851 679,1850 717,1850 756,1848 795,1847 834,1845 872,1845 911,1844 950,1844 988,1842 1027,1842 1066,1842 1104,1842 1143,1842 1182,1842 1221,1842"/>
                <TextEquiv>
                    <Unicode>Secunda conclusio est, quod essentiae elementorum non</Unicode>
                </TextEquiv>
            </TextLine>
            <TextLine id="r2l40" custom="readingOrder {index:36;}">
                <Coords points="388,1917 972,1884 1201,1905 1240,1892 1240,1862 387,1874"/>
                <Baseline points="393,1898 435,1896 477,1895 519,1895 561,1893 603,1892 645,1890 687,1889 729,1888 771,1887 814,1886 856,1884 898,1883 940,1883 982,1883 1024,1881 1066,1881 1108,1881 1150,1881 1192,1881 1235,1881"/>
                <TextEquiv>
                    <Unicode>remanent in mixto secundum gradum essentiae retinen¬</Unicode>
                </TextEquiv>
            </TextLine>
            <TextLine id="r2l41" custom="readingOrder {index:37;}">
                <Coords points="399,1949 956,1942 990,1933 989,1889 943,1905 715,1912 680,1895 549,1918 398,1915"/>
                <Baseline points="404,1937 433,1937 462,1937 491,1935 520,1934 549,1933 578,1932 607,1931 636,1930 665,1929 694,1928 723,1926 752,1925 781,1924 810,1923 839,1923 868,1923 897,1922 926,1922 955,1922 984,1923"/>
                <TextEquiv>
                    <Unicode>tem modum, &amp; diffinitionem elementi</Unicode>
                </TextEquiv>
            </TextLine>
            <TextLine id="r2l42" custom="readingOrder {index:38;}">
                <Coords points="417,1993 1236,1972 1235,1931 416,1948"/>
                <Baseline points="422,1976 462,1974 502,1973 543,1973 583,1971 624,1970 664,1968 704,1967 745,1965 785,1964 826,1962 866,1961 906,1960 947,1959 987,1959 1028,1958 1068,1958 1108,1958 1149,1958 1189,1958 1230,1959"/>
                <TextEquiv>
                    <Unicode>1 Primam conclusionem probo sic. Si elementa mane</Unicode>
                </TextEquiv>
            </TextLine>
            <TextLine id="r2l43" custom="readingOrder {index:39;}">
                <Coords points="397,2028 1227,2012 1226,1975 1196,1971 396,1984"/>
                <Baseline points="402,2016 445,2015 488,2013 531,2012 574,2010 617,2009 660,2007 703,2006 746,2004 789,2003 833,2001 876,2000 919,2000 962,1998 1005,1998 1048,1997 1091,1997 1134,1997 1177,1997 1221,1998"/>
                <TextEquiv>
                    <Unicode>rent in mixto secundum completas eorum essentias: tuns</Unicode>
                </TextEquiv>
            </TextLine>
            <TextLine id="r2l44" custom="readingOrder {index:40;}">
                <Coords points="402,2072 1239,2049 1231,2007 401,2030"/>
                <Baseline points="407,2054 448,2052 489,2051 530,2049 572,2048 613,2046 654,2045 696,2043 737,2043 778,2042 820,2040 861,2040 902,2039 943,2039 985,2037 1026,2037 1067,2037 1109,2037 1150,2037 1191,2037 1233,2037"/>
                <TextEquiv>
                    <Unicode>in vno mixto essent simul quattuor supposita realia reali</Unicode>
                </TextEquiv>
            </TextLine>
            <TextLine id="r2l45" custom="readingOrder {index:41;}">
                <Coords points="393,2110 1204,2090 1227,2086 1226,2048 392,2072"/>
                <Baseline points="398,2093 439,2091 480,2090 521,2088 562,2088 603,2087 644,2085 686,2084 727,2083 768,2082 809,2081 850,2079 891,2078 932,2078 974,2076 1015,2076 1056,2075 1097,2075 1138,2075 1179,2075 1221,2075"/>
                <TextEquiv>
                    <Unicode>ter distincta, consequentia patet, quia secundum commu</Unicode>
                </TextEquiv>
            </TextLine>
            <TextLine id="r2l46" custom="readingOrder {index:42;}">
                <Coords points="396,2139 1232,2131 1231,2091 395,2109"/>
                <Baseline points="401,2132 442,2130 483,2129 524,2127 566,2127 607,2125 648,2124 689,2123 731,2121 772,2120 813,2120 854,2118 896,2117 937,2117 978,2115 1019,2115 1061,2115 1102,2114 1143,2114 1184,2114 1226,2114"/>
                <TextEquiv>
                    <Unicode>nem cursum naturae tunc completa essentia cuiuslibet</Unicode>
                </TextEquiv>
            </TextLine>
            <TextLine id="r2l47" custom="readingOrder {index:43;}">
                <Coords points="394,2179 1215,2172 1239,2168 1238,2129 393,2144"/>
                <Baseline points="399,2169 440,2169 482,2168 524,2166 565,2166 607,2165 649,2163 690,2162 732,2162 774,2160 816,2159 857,2158 899,2157 941,2156 982,2156 1024,2154 1066,2154 1107,2154 1149,2154 1191,2154 1233,2154"/>
                <TextEquiv>
                    <Unicode>substantiae constituit suppositum. Falsitas consequentis</Unicode>
                </TextEquiv>
            </TextLine>
            <TextLine id="r2l48" custom="readingOrder {index:44;}">
                <Coords points="397,2218 1242,2217 1241,2177 1211,2170 397,2185"/>
                <Baseline points="402,2208 443,2208 485,2207 527,2207 568,2205 610,2205 652,2204 693,2202 735,2201 777,2201 819,2199 860,2198 902,2198 944,2196 985,2196 1027,2195 1069,2195 1110,2195 1152,2195 1194,2195 1236,2196"/>
                <TextEquiv>
                    <Unicode>est nota: quia vnaquaeque res mixta habet tantum vnum</Unicode>
                </TextEquiv>
            </TextLine>
            <TextLine id="r2l49" custom="readingOrder {index:45;}">
                <Coords points="394,2269 409,2265 427,2271 477,2254 508,2257 527,2267 567,2256 578,2261 578,2228 561,2224 553,2230 540,2225 517,2230 493,2217 463,2232 449,2223 433,2226 423,2216 394,2223"/>
                <Baseline points="399,2250 428,2247 457,2247 486,2247 515,2247 544,2246 573,2244"/>
                <TextEquiv>
                    <Unicode>suppositum.</Unicode>
                </TextEquiv>
            </TextLine>
            <TextLine id="r2l50" custom="readingOrder {index:46;}">
                <Coords points="403,2294 1228,2287 1234,2241 402,2264"/>
                <Baseline points="408,2286 449,2285 490,2285 531,2283 572,2282 613,2281 654,2280 695,2279 736,2277 777,2276 818,2276 859,2274 900,2273 941,2273 982,2271 1023,2271 1064,2271 1105,2271 1146,2271 1187,2271 1229,2273"/>
                <TextEquiv>
                    <Unicode>2 Praeterea, aut ista quattuor elementa tenerent se di</Unicode>
                </TextEquiv>
            </TextLine>
            <TextLine id="r2l51" custom="readingOrder {index:47;}">
                <Coords points="392,2345 1202,2329 1238,2326 1237,2286 618,2305 390,2286"/>
                <Baseline points="396,2325 437,2325 479,2324 521,2324 563,2322 605,2321 647,2319 688,2319 730,2318 772,2316 814,2315 856,2315 898,2313 940,2312 981,2312 1023,2310 1065,2310 1107,2310 1149,2309 1191,2309 1233,2310"/>
                <TextEquiv>
                    <Unicode>stinctim abinuicem in distinctis partibus rei mixtae, &amp; tuc</Unicode>
                </TextEquiv>
            </TextLine>
            <TextLine id="r2l52" custom="readingOrder {index:48;}">
                <Coords points="402,2377 1238,2368 1237,2332 1176,2318 401,2337"/>
                <Baseline points="407,2366 448,2364 489,2363 530,2361 572,2360 613,2358 654,2357 696,2357 737,2355 778,2354 820,2354 861,2352 902,2352 943,2351 985,2351 1026,2351 1067,2349 1109,2349 1150,2349 1191,2349 1233,2351"/>
                <TextEquiv>
                    <Unicode>nullam facerent mixtionem: aut simul concurrerent in</Unicode>
                </TextEquiv>
            </TextLine>
            <TextLine id="r2l53" custom="readingOrder {index:49;}">
                <Coords points="394,2424 1236,2407 1235,2366 1115,2357 394,2386"/>
                <Baseline points="399,2403 440,2402 482,2402 523,2400 565,2400 606,2399 648,2397 689,2397 731,2396 772,2394 814,2393 856,2393 897,2391 939,2390 980,2390 1022,2388 1063,2388 1105,2387 1146,2387 1188,2387 1230,2388"/>
                <TextEquiv>
                    <Unicode>qualibet particula rei mixtae: &amp; tunc necessario sequere¬</Unicode>
                </TextEquiv>
            </TextLine>
            <TextLine id="r2l54" custom="readingOrder {index:50;}">
                <Coords points="403,2458 1228,2439 1227,2407 1178,2396 402,2427"/>
                <Baseline points="408,2444 448,2442 489,2441 530,2439 571,2438 611,2438 652,2436 693,2435 734,2435 774,2433 815,2432 856,2432 897,2430 937,2430 978,2429 1019,2429 1060,2427 1100,2427 1141,2427 1182,2427 1223,2426"/>
                <TextEquiv>
                    <Unicode>tur quattuor corpora simul esse in eodem loco cuiuslibe</Unicode>
                </TextEquiv>
            </TextLine>
            <TextLine id="r2l55" custom="readingOrder {index:51;}">
                <Coords points="406,2494 1224,2492 1241,2439 405,2460"/>
                <Baseline points="411,2483 452,2481 493,2480 534,2480 576,2478 617,2477 658,2475 699,2475 741,2474 782,2473 823,2472 864,2472 906,2471 947,2471 988,2469 1029,2469 1071,2469 1112,2469 1153,2468 1194,2468 1236,2469"/>
                <TextEquiv>
                    <Unicode>particulae ipsius rei mixtae; nam completa essentia cuiusli</Unicode>
                </TextEquiv>
            </TextLine>
            <TextLine id="r2l57" custom="readingOrder {index:52;}">
                <Coords points="402,2538 481,2528 502,2543 537,2532 615,2545 690,2523 846,2533 845,2486 401,2500"/>
                <Baseline points="407,2519 432,2520 457,2520 483,2520 508,2519 534,2519 559,2517 585,2517 610,2516 636,2515 661,2514 687,2513 712,2513 738,2513 763,2511 789,2511 814,2511 840,2511"/>
                <TextEquiv>
                    <Unicode>bet elementi est vnum corpus.</Unicode>
                </TextEquiv>
            </TextLine>
            <TextLine id="r2l58" custom="readingOrder {index:53;}">
                <Coords points="417,2575 1238,2566 1237,2488 1081,2489 1017,2531 416,2538"/>
                <Baseline points="422,2561 462,2559 503,2558 543,2558 584,2556 624,2555 665,2553 705,2552 746,2551 786,2550 827,2549 868,2548 908,2547 949,2546 989,2546 1030,2546 1070,2544 1111,2544 1151,2544 1192,2544 1233,2544"/>
                <TextEquiv>
                    <Unicode>3 Praeterea, ex pluribus existentibus in actu, &amp; manen</Unicode>
                </TextEquiv>
            </TextLine>
            <TextLine id="r2l59" custom="readingOrder {index:54;}">
                <Coords points="406,2609 1238,2605 1237,2562 1201,2551 405,2570"/>
                <Baseline points="411,2598 452,2598 493,2597 534,2597 575,2595 616,2595 657,2594 698,2592 739,2592 780,2590 821,2589 862,2588 903,2587 944,2586 985,2585 1026,2585 1067,2583 1108,2583 1149,2583 1190,2584 1232,2585"/>
                <TextEquiv>
                    <Unicode>sibus actu distinctis, numquam potest componi vna essen</Unicode>
                </TextEquiv>
            </TextLine>
            <TextLine id="r2l60" custom="readingOrder {index:55;}">
                <Coords points="394,2658 1206,2642 1234,2604 393,2618"/>
                <Baseline points="399,2639 440,2637 482,2636 523,2636 565,2634 606,2633 648,2632 689,2631 731,2630 772,2628 814,2628 855,2627 897,2625 938,2625 980,2624 1021,2624 1063,2624 1104,2624 1146,2624 1187,2624 1229,2624"/>
                <TextEquiv>
                    <Unicode>tia, sed res mixta vere habet vnam essentiam;: ergo ele¬</Unicode>
                </TextEquiv>
            </TextLine>
            <TextLine id="r2l61" custom="readingOrder {index:56;}">
                <Coords points="394,2695 1224,2687 1238,2635 393,2657"/>
                <Baseline points="399,2676 440,2676 482,2676 524,2676 565,2675 607,2673 649,2673 690,2671 732,2670 774,2669 816,2667 857,2666 899,2666 941,2664 982,2664 1024,2663 1066,2664 1107,2664 1149,2664 1191,2666 1233,2667"/>
                <TextEquiv>
                    <Unicode>menta non manent in eo sub distinctis suis essentiis, &amp; </Unicode>
                </TextEquiv>
            </TextLine>
            <TextLine id="r2l62" custom="readingOrder {index:57;}">
                <Coords points="396,2740 404,2740 421,2727 452,2736 458,2731 469,2735 478,2726 490,2725 526,2735 532,2728 536,2731 551,2723 550,2694 536,2687 521,2692 512,2689 503,2696 488,2687 449,2697 436,2691 428,2697 395,2699"/>
                <Baseline points="401,2717 430,2717 459,2716 488,2715 517,2714 546,2715"/>
                <TextEquiv>
                    <Unicode>completis</Unicode>
                </TextEquiv>
            </TextLine>
            <TextLine id="r2l64" custom="readingOrder {index:58;}">
                <Coords points="420,2769 1188,2764 1232,2759 1231,2717 419,2730"/>
                <Baseline points="425,2756 465,2754 505,2754 545,2753 585,2751 625,2751 665,2750 705,2748 745,2747 785,2747 826,2745 866,2744 906,2744 946,2742 986,2742 1026,2741 1066,2740 1106,2739 1146,2739 1186,2739 1227,2739"/>
                <TextEquiv>
                    <Unicode>4 Preterea, dicit Auerroes Commentator in Commi</Unicode>
                </TextEquiv>
            </TextLine>
            <TextLine id="r2l65" custom="readingOrder {index:59;}">
                <Coords points="393,2815 1223,2799 1209,2748 392,2767"/>
                <Baseline points="398,2795 441,2794 484,2793 527,2792 570,2790 613,2790 656,2789 699,2787 742,2786 785,2786 829,2784 872,2783 915,2783 958,2781 1001,2781 1044,2780 1087,2780 1130,2778 1173,2778 1217,2778"/>
                <TextEquiv>
                    <Unicode>to iam superius allegato, quod ad positionem Auicen, se</Unicode>
                </TextEquiv>
            </TextLine>
            <TextLine id="r2l66" custom="readingOrder {index:60;}">
                <Coords points="400,2852 1207,2837 1229,2801 399,2810"/>
                <Baseline points="405,2835 448,2834 491,2832 534,2832 577,2831 620,2829 663,2828 706,2827 749,2826 792,2825 836,2823 879,2822 922,2822 965,2820 1008,2819 1051,2819 1094,2817 1137,2817 1180,2817 1224,2817"/>
                <TextEquiv>
                    <Unicode>quebatur aceruus, &amp; non mixtio; quia sicut lapides acer</Unicode>
                </TextEquiv>
            </TextLine>
            <TextLine id="r2l67" custom="readingOrder {index:61;}">
                <Coords points="403,2884 1209,2881 1242,2876 1241,2834 402,2852"/>
                <Baseline points="408,2874 449,2873 490,2873 532,2871 573,2870 615,2868 656,2867 697,2867 739,2865 780,2864 822,2864 863,2862 904,2862 946,2861 987,2861 1029,2861 1070,2859 1111,2859 1153,2859 1194,2859 1236,2859"/>
                <TextEquiv>
                    <Unicode>ui non faciunt mixtionem, eo quod remaneant, secundum</Unicode>
                </TextEquiv>
            </TextLine>
            <TextLine id="r2l68" custom="readingOrder {index:62;}">
                <Coords points="405,2920 520,2918 549,2932 684,2911 866,2923 865,2881 832,2878 721,2888 669,2876 595,2892 562,2878 545,2893 469,2895 404,2884"/>
                <Baseline points="410,2909 435,2910 460,2910 485,2910 510,2910 535,2910 560,2910 585,2909 610,2907 635,2907 660,2906 685,2904 710,2904 735,2903 760,2903 785,2903 810,2903 835,2903 860,2903"/>
                <TextEquiv>
                    <Unicode>suas completas essentias: sic &amp;c</Unicode>
                </TextEquiv>
            </TextLine>
            <TextLine id="r2l69" custom="readingOrder {index:63;}">
                <Coords points="430,2958 1207,2958 1232,2954 1232,2910 430,2924"/>
                <Baseline points="435,2951 474,2951 514,2949 553,2948 593,2948 633,2946 672,2945 712,2943 751,2943 791,2942 831,2940 870,2940 910,2939 949,2938 989,2937 1029,2937 1068,2936 1108,2936 1147,2936 1187,2936 1227,2937"/>
                <TextEquiv>
                    <Unicode>Sed Auicen posset se in ista positone forte aliqualiter</Unicode>
                </TextEquiv>
            </TextLine>
            <TextLine id="r2l70" custom="readingOrder {index:64;}">
                <Coords points="403,2997 1211,2995 1238,2992 1238,2957 403,2964"/>
                <Baseline points="408,2991 449,2990 490,2988 531,2987 573,2985 614,2984 655,2984 696,2982 738,2981 779,2981 820,2981 861,2979 903,2979 944,2978 985,2978 1026,2978 1068,2976 1109,2976 1150,2976 1191,2976 1233,2976"/>
                <TextEquiv>
                    <Unicode>iuuare per dictum Aristo, primo de generatione; ibi enini</Unicode>
                </TextEquiv>
            </TextLine>
            <TextLine id="r2l71" custom="readingOrder {index:65;}">
                <Coords points="402,3045 1199,3036 1243,3031 1243,2991 401,3000"/>
                <Baseline points="407,3029 448,3028 490,3027 531,3026 573,3025 614,3024 656,3023 697,3023 739,3021 780,3021 822,3020 864,3018 905,3018 947,3017 988,3017 1030,3016 1071,3015 1113,3015 1154,3014 1196,3014 1238,3014"/>
                <TextEquiv>
                    <Unicode>dicit philosophus, quod mixtio est miscibilium alteratorum</Unicode>
                </TextEquiv>
            </TextLine>
            <TextLine id="r2l72" custom="readingOrder {index:66;}">
                <Coords points="403,3084 1247,3071 1246,3032 1144,3025 402,3045"/>
                <Baseline points="408,3068 449,3066 491,3066 532,3065 574,3065 616,3063 657,3062 699,3062 741,3060 782,3060 824,3059 866,3059 907,3058 949,3057 991,3057 1032,3056 1074,3056 1116,3056 1157,3054 1199,3054 1241,3054"/>
                <TextEquiv>
                    <Unicode>vnio: sed ea, quae tantum modo sunt alterata, non sunt cor</Unicode>
                </TextEquiv>
            </TextLine>
            <TextLine id="r2l73" custom="readingOrder {index:67;}">
                <Coords points="400,3121 976,3117 993,3113 992,3076 399,3088"/>
                <Baseline points="405,3108 434,3107 463,3107 492,3105 521,3105 550,3104 579,3103 608,3102 637,3102 666,3101 696,3101 725,3099 754,3099 783,3099 812,3098 841,3098 870,3098 899,3096 928,3096 957,3096 987,3096"/>
                <TextEquiv>
                    <Unicode>rupta secundum suas essentias, ergo &amp;c</Unicode>
                </TextEquiv>
            </TextLine>
            <TextLine id="r2l74" custom="readingOrder {index:68;}">
                <Coords points="445,3157 1148,3162 1253,3150 1253,3114 444,3118"/>
                <Baseline points="450,3149 489,3147 529,3146 569,3146 609,3144 649,3143 689,3143 729,3143 769,3141 809,3141 849,3140 888,3140 928,3138 968,3138 1008,3137 1048,3137 1088,3135 1128,3135 1168,3134 1208,3133 1248,3132"/>
                <TextEquiv>
                    <Unicode>Respondeo, quod sicut nomen motus quandoque ex¬</Unicode>
                </TextEquiv>
            </TextLine>
            <TextEquiv>
                <Unicode>2 Praeterea, taliter Deus &amp; natura miscibilia in re mi¬
xta temperauit, vt mixtum aliquo modo durare possit, &amp;
non immediate corrumpatur. Ista patet: quia frustra pro¬
duceretur in esse, quod immediate tenderet in non esse
Deus autem &amp; natura uihil faciunt frustra, Sed si tantum
de igne penes quantitatem molis, seu de virtute ignis esset
in mixto, quantum de terra: cum actiuitas ignis multum
excedat actiuitatem terrae, vel aquae: ipsum mixtum pro¬
pter ignis consumptiuam virtutem immediate corrumperetur.
Tertio dico, quod omnia animalia dicuntur facta de ter¬
ra, vel de aqua: non quod ab eorum compositone exclu¬
dantur cetera elementa: sed pro tanto, quia in eis terra,
&amp; aqua praedominantur. In iumentis enim bestijs, &amp; re-
ptibilibus dominatur elementum terrestre; in piscibus au
tem, &amp; auibus dominatur elementum aquae: aliter tamen,
&amp; aliter : quia in complexione piscium dominatur ele¬
mentum aquae per se: in volatilibus autem dominatur a¬
qua vt admixta est aeri. Propter quod etiam beatus Au¬
gustinus 3. libro super Sen videtur dicere, quod corpo¬
ra auium sunt facta ex aere: sunt enim factae ipsae aues ex
aere uaporoso habente admixtos vapores grossos, &amp; a¬
queos: cuius signum est, quod etiam ipse aues non viuuns
in puro aere, sed magis hic prope nos in aere aquoso, &amp;
vaporoso.
ARTICVLVS R
Vtrum formae quattuor elementorum in re mixta
mone ant omnia quattuor imcorrupte.
VANTVM ad secundum articulum pono duas con
e clusiones. Prima est, quod formae clementorum
non manent in re mixta secundum essentias eorum per¬
fectas: sicut videtur posuisse Auicen, prout sibi Commen¬
tator imponit tertio coeli &amp; mun. Dicit enim ibi Com¬
mentator, quod Auicenn. posuit elementa remanere in
mixto secundum suas completas essentias, remissa tamet
quantum ad suas qualitates.
Secunda conclusio est, quod essentiae elementorum non
remanent in mixto secundum gradum essentiae retinen¬
tem modum, &amp; diffinitionem elementi
1 Primam conclusionem probo sic. Si elementa mane
rent in mixto secundum completas eorum essentias: tuns
in vno mixto essent simul quattuor supposita realia reali
ter distincta, consequentia patet, quia secundum commu
nem cursum naturae tunc completa essentia cuiuslibet
substantiae constituit suppositum. Falsitas consequentis
est nota: quia vnaquaeque res mixta habet tantum vnum
suppositum.
2 Praeterea, aut ista quattuor elementa tenerent se di
stinctim abinuicem in distinctis partibus rei mixtae, &amp; tuc
nullam facerent mixtionem: aut simul concurrerent in
qualibet particula rei mixtae: &amp; tunc necessario sequere¬
tur quattuor corpora simul esse in eodem loco cuiuslibe
particulae ipsius rei mixtae; nam completa essentia cuiusli
bet elementi est vnum corpus.
3 Praeterea, ex pluribus existentibus in actu, &amp; manen
sibus actu distinctis, numquam potest componi vna essen
tia, sed res mixta vere habet vnam essentiam;: ergo ele¬
menta non manent in eo sub distinctis suis essentiis, &amp; 
completis
4 Preterea, dicit Auerroes Commentator in Commi
to iam superius allegato, quod ad positionem Auicen, se
quebatur aceruus, &amp; non mixtio; quia sicut lapides acer
ui non faciunt mixtionem, eo quod remaneant, secundum
suas completas essentias: sic &amp;c
Sed Auicen posset se in ista positone forte aliqualiter
iuuare per dictum Aristo, primo de generatione; ibi enini
dicit philosophus, quod mixtio est miscibilium alteratorum
vnio: sed ea, quae tantum modo sunt alterata, non sunt cor
rupta secundum suas essentias, ergo &amp;c
Respondeo, quod sicut nomen motus quandoque ex¬</Unicode>
            </TextEquiv>
        </TextRegion>
        <TextRegion orientation="0.0" id="TextRegion_1602897178467_1270" custom="readingOrder {index:1;}">
            <Coords points="1265,216 2126,216 2141,3084 2141,3178 1265,3178"/>
            <TextLine id="r4l3" custom="readingOrder {index:0;}">
                <Coords points="1269,325 2112,307 2096,248 1619,285 1449,262 1268,291"/>
                <Baseline points="1274,314 1315,312 1357,312 1398,312 1440,310 1482,309 1523,307 1565,305 1606,303 1648,302 1690,300 1731,297 1773,296 1814,295 1856,293 1898,291 1939,291 1981,290 2022,290 2064,290 2106,291"/>
                <TextEquiv>
                    <Unicode>tenditur ad ipsam generationem, &amp; corruptionem, vt pa¬</Unicode>
                </TextEquiv>
            </TextLine>
            <TextLine id="r4l4" custom="readingOrder {index:1;}">
                <Coords points="1270,365 2061,353 2112,342 2111,308 1268,325"/>
                <Baseline points="1274,353 1315,353 1357,351 1398,350 1440,350 1482,348 1523,346 1565,344 1606,342 1648,341 1690,339 1731,337 1773,335 1814,334 1856,332 1898,331 1939,330 1981,330 2022,329 2064,329 2106,330"/>
                <TextEquiv>
                    <Unicode>tet in libro prae dicamentorum, sic alterata dicuntur quan</Unicode>
                </TextEquiv>
            </TextLine>
            <TextLine id="r4l5" custom="readingOrder {index:2;}">
                <Coords points="1275,404 2108,381 2107,353 1947,339 1274,364"/>
                <Baseline points="1280,390 1321,390 1362,390 1403,389 1444,387 1485,386 1526,386 1567,383 1608,382 1649,380 1691,378 1732,377 1773,375 1814,374 1855,372 1896,372 1937,371 1978,371 2019,371 2060,371 2102,371"/>
                <TextEquiv>
                    <Unicode>loque ea, quae vere sunt corrupta. vel dicendum, quod</Unicode>
                </TextEquiv>
            </TextLine>
            <TextLine id="r4l6" custom="readingOrder {index:3;}">
                <Coords points="1273,442 2065,432 2114,419 2114,392 1272,403"/>
                <Baseline points="1278,429 1319,429 1361,429 1402,428 1444,426 1485,425 1527,425 1568,422 1610,421 1651,420 1693,418 1735,416 1776,415 1818,413 1859,413 1901,411 1942,410 1984,410 2025,408 2067,408 2109,410"/>
                <TextEquiv>
                    <Unicode>elementa, quamuis in re mixta vere sint corrupta quan¬</Unicode>
                </TextEquiv>
            </TextLine>
            <TextLine id="r4l7" custom="readingOrder {index:4;}">
                <Coords points="1260,485 2112,469 2110,418 1259,447"/>
                <Baseline points="1265,470 1307,469 1349,468 1391,467 1433,465 1475,464 1517,462 1559,462 1601,460 1643,459 1685,458 1727,456 1769,455 1811,453 1853,452 1895,452 1937,450 1979,450 2021,449 2063,449 2106,449"/>
                <TextEquiv>
                    <Unicode>tum ad evrum essentias; dicuntur tamen alterata: quia</Unicode>
                </TextEquiv>
            </TextLine>
            <TextLine id="r4l8" custom="readingOrder {index:5;}">
                <Coords points="1270,521 2106,499 2105,467 1980,458 1269,485"/>
                <Baseline points="1275,507 1316,507 1357,507 1398,506 1440,505 1481,504 1522,502 1563,501 1605,500 1646,498 1687,497 1728,495 1770,494 1811,492 1852,491 1893,489 1935,489 1976,489 2017,489 2058,489 2100,489"/>
                <TextEquiv>
                    <Unicode>manent secundum suas qualitates remissas in ipso mixto,</Unicode>
                </TextEquiv>
            </TextLine>
            <TextLine id="r4l9" custom="readingOrder {index:6;}">
                <Coords points="1266,559 2096,548 2111,498 1265,526"/>
                <Baseline points="1271,548 1312,548 1354,546 1396,545 1438,543 1479,542 1521,540 1563,540 1605,538 1646,537 1688,536 1730,534 1772,533 1813,531 1855,531 1897,530 1939,529 1980,528 2022,528 2064,528 2106,528"/>
                <TextEquiv>
                    <Unicode>quae quidem remissio qualitatum si accidisset rebus misci</Unicode>
                </TextEquiv>
            </TextLine>
            <TextLine id="r4l10" custom="readingOrder {index:7;}">
                <Coords points="1266,594 2108,585 2107,546 2023,537 1265,559"/>
                <Baseline points="1271,587 1312,587 1354,585 1395,584 1437,584 1479,583 1520,582 1562,581 1603,579 1645,579 1687,578 1728,576 1770,576 1811,575 1853,573 1895,572 1936,572 1978,570 2019,569 2061,569 2103,567"/>
                <TextEquiv>
                    <Unicode>bilibus, antequam corrumperentur, ipsa miscibilia vere</Unicode>
                </TextEquiv>
            </TextLine>
            <TextLine id="r4l11" custom="readingOrder {index:8;}">
                <Coords points="1269,639 1310,635 1342,646 1364,638 1396,645 1414,633 1434,640 1459,630 1502,637 1520,630 1520,596 1492,607 1452,596 1439,605 1405,596 1390,607 1368,597 1346,606 1331,594 1293,602 1269,596"/>
                <Baseline points="1274,626 1300,625 1327,624 1354,623 1381,623 1407,622 1434,621 1461,622 1488,623 1515,624"/>
                <TextEquiv>
                    <Unicode>fuissent alterata</Unicode>
                </TextEquiv>
            </TextLine>
            <TextLine id="r4l12" custom="readingOrder {index:9;}">
                <Coords points="1303,679 2103,659 2102,620 1985,612 1302,636"/>
                <Baseline points="1308,665 1347,665 1386,663 1426,662 1465,660 1505,659 1544,658 1584,657 1623,656 1663,654 1702,653 1741,651 1781,651 1820,650 1860,650 1899,648 1939,648 1978,648 2018,648 2057,648 2097,650"/>
                <TextEquiv>
                    <Unicode>Secundo dico, quod elementa non manent in mixto secu</Unicode>
                </TextEquiv>
            </TextLine>
            <TextLine id="r4l14" custom="readingOrder {index:10;}">
                <Coords points="1273,714 1946,706 1945,668 1856,657 1676,679 1272,676"/>
                <Baseline points="1278,705 1311,704 1344,704 1377,702 1410,702 1443,701 1476,700 1509,699 1542,698 1575,696 1609,695 1642,693 1675,692 1708,691 1741,690 1774,689 1807,689 1840,688 1873,687 1906,687 1940,687"/>
                <TextEquiv>
                    <Unicode>dum aliquem gradum formalem suae essentiae</Unicode>
                </TextEquiv>
            </TextLine>
            <TextLine id="r4l16" custom="readingOrder {index:11;}">
                <Coords points="1288,757 2108,742 2106,703 1985,689 1286,717"/>
                <Baseline points="1293,747 1333,746 1373,744 1414,743 1454,740 1495,739 1535,737 1576,735 1616,734 1657,734 1697,732 1737,731 1778,729 1818,728 1859,728 1899,728 1940,726 1980,726 2021,726 2061,726 2102,726"/>
                <TextEquiv>
                    <Unicode>1 Quia nulla substantia habet huiusmodi gradus, cum</Unicode>
                </TextEquiv>
            </TextLine>
            <TextLine id="r4l18" custom="readingOrder {index:12;}">
                <Coords points="1269,802 2110,779 2109,746 2068,737 1268,754"/>
                <Baseline points="1274,785 1315,783 1357,782 1398,780 1440,779 1481,777 1523,776 1564,774 1606,773 1647,772 1689,771 1731,770 1772,768 1814,767 1855,767 1897,765 1938,765 1980,765 2021,765 2063,764 2105,764"/>
                <TextEquiv>
                    <Unicode>igitur elementum vere sit substantia; ergo &amp;c. maior pa¬</Unicode>
                </TextEquiv>
            </TextLine>
            <TextLine id="r4l20" custom="readingOrder {index:13;}">
                <Coords points="1276,833 2099,824 2114,779 1275,805"/>
                <Baseline points="1281,822 1322,822 1363,821 1405,821 1446,819 1488,818 1529,816 1570,815 1612,814 1653,812 1695,810 1736,809 1777,807 1819,806 1860,806 1902,804 1943,804 1984,803 2026,803 2067,803 2109,804"/>
                <TextEquiv>
                    <Unicode>tet, nam si substantia haberet huiusmodi gradus, tunc sub</Unicode>
                </TextEquiv>
            </TextLine>
            <TextLine id="r4l21" custom="readingOrder {index:14;}">
                <Coords points="1276,868 2109,864 2108,821 1998,814 1275,833"/>
                <Baseline points="1281,861 1322,861 1363,860 1404,860 1445,858 1486,857 1527,855 1568,854 1609,852 1650,851 1692,849 1733,848 1774,848 1815,846 1856,846 1897,845 1938,845 1979,845 2020,845 2061,845 2103,846"/>
                <TextEquiv>
                    <Unicode>tantia proprie susciperet magis &amp; minus, quod est contra</Unicode>
                </TextEquiv>
            </TextLine>
            <TextLine id="r4l22" custom="readingOrder {index:15;}">
                <Coords points="1272,922 2117,901 2116,863 2054,854 1927,876 1271,871"/>
                <Baseline points="1277,902 1318,900 1360,900 1402,900 1443,899 1485,897 1527,897 1568,896 1610,894 1652,893 1694,891 1735,891 1777,890 1819,888 1860,888 1902,887 1944,886 1985,885 2027,885 2069,885 2111,887"/>
                <TextEquiv>
                    <Unicode>philosophum in libro praedicamentorum, &amp; quinto</Unicode>
                </TextEquiv>
            </TextLine>
            <TextLine id="r4l23" custom="readingOrder {index:16;}">
                <Coords points="1275,948 1305,958 1357,948 1382,956 1406,954 1417,946 1431,954 1454,949 1454,921 1420,907 1382,920 1366,910 1358,918 1307,915 1275,922"/>
                <Baseline points="1280,939 1308,939 1336,939 1364,938 1392,938 1420,939 1449,941"/>
                <TextEquiv>
                    <Unicode>metaphysic.</Unicode>
                </TextEquiv>
            </TextLine>
            <TextLine id="line_1602897178630_1274" custom="readingOrder {index:17;}">
                <Coords points="1276,995 2136,969 2135,935 1920,927 1276,957"/>
                <Baseline points="1281,978 1330,977 1379,977 1429,976 1478,975 1527,974 1577,972 1626,971 1675,969 1725,968 1774,966 1823,965 1873,965 1922,963 1971,963 2021,963 2070,963 2119,965 2130,965"/>
                <TextEquiv>
                    <Unicode>2 Praeterea, quaecumque ex sui coniunctione faciunt.</Unicode>
                </TextEquiv>
            </TextLine>
            <TextLine id="line_1602897178631_1276" custom="readingOrder {index:18;}">
                <Coords points="1276,1035 2135,1012 2134,987 1955,975 1275,998"/>
                <Baseline points="1281,1017 1329,1017 1378,1016 1426,1016 1475,1014 1524,1013 1572,1011 1621,1010 1669,1008 1718,1007 1767,1005 1815,1005 1864,1004 1912,1004 1961,1002 2010,1003 2058,1004 2107,1005 2130,1005"/>
                <TextEquiv>
                    <Unicode>vnam essentiam, si eorum essentiae manent incorrupte, o¬</Unicode>
                </TextEquiv>
            </TextLine>
            <TextLine id="r4l26" custom="readingOrder {index:19;}">
                <Coords points="1275,1072 2114,1051 2113,1024 2042,1015 1274,1037"/>
                <Baseline points="1280,1056 1321,1056 1362,1056 1404,1055 1445,1055 1487,1053 1528,1053 1569,1052 1611,1050 1652,1049 1694,1047 1735,1046 1776,1046 1818,1044 1859,1043 1901,1043 1942,1041 1983,1041 2025,1041 2066,1043 2108,1043"/>
                <TextEquiv>
                    <Unicode>portet, quod vnum sit forma alterius, sed nullum elemen</Unicode>
                </TextEquiv>
            </TextLine>
            <TextLine id="r4l27" custom="readingOrder {index:20;}">
                <Coords points="1267,1117 2057,1104 2110,1091 2110,1053 1266,1077"/>
                <Baseline points="1272,1095 1313,1095 1355,1095 1396,1094 1438,1094 1480,1093 1521,1092 1563,1091 1605,1089 1646,1089 1688,1088 1730,1086 1771,1085 1813,1085 1855,1083 1896,1083 1938,1082 1980,1082 2021,1082 2063,1082 2105,1082"/>
                <TextEquiv>
                    <Unicode>tum potest esse forma, &amp; perfectio alterius, cum vnuquod</Unicode>
                </TextEquiv>
            </TextLine>
            <TextLine id="r4l28" custom="readingOrder {index:21;}">
                <Coords points="1278,1154 2126,1137 2126,1100 1278,1113"/>
                <Baseline points="1283,1131 1324,1133 1366,1133 1408,1133 1450,1133 1492,1133 1534,1133 1576,1131 1618,1131 1660,1130 1702,1128 1743,1128 1785,1127 1827,1126 1869,1125 1911,1124 1953,1124 1995,1124 2037,1124 2079,1124 2121,1124"/>
                <TextEquiv>
                    <Unicode>que elementum sit natura corporea, quae non perficit, sed </Unicode>
                </TextEquiv>
            </TextLine>
            <TextLine id="r4l29" custom="readingOrder {index:22;}">
                <Coords points="1271,1193 1300,1184 1320,1198 1357,1184 1428,1192 1498,1182 1565,1186 1565,1148 1389,1154 1324,1141 1302,1156 1271,1155"/>
                <Baseline points="1277,1178 1302,1175 1328,1173 1353,1173 1379,1172 1405,1172 1430,1172 1456,1173 1482,1173 1507,1173 1533,1173 1559,1172"/>
                <TextEquiv>
                    <Unicode>perficitur, ergo &amp;c</Unicode>
                </TextEquiv>
            </TextLine>
            <TextLine id="r4l30" custom="readingOrder {index:23;}">
                <Coords points="1275,1224 2108,1221 2110,1173 1274,1193"/>
                <Baseline points="1280,1214 1321,1214 1362,1214 1403,1214 1445,1212 1486,1212 1527,1211 1568,1210 1610,1209 1651,1208 1692,1206 1733,1205 1775,1205 1816,1203 1857,1202 1898,1202 1940,1202 1981,1200 2022,1200 2063,1200 2105,1200"/>
                <TextEquiv>
                    <Unicode>3 Praeterea, in quocunque gradu ponitur forma aliqua,</Unicode>
                </TextEquiv>
            </TextLine>
            <TextLine id="r4l31" custom="readingOrder {index:24;}">
                <Coords points="1263,1265 2120,1247 2119,1220 2017,1208 1262,1217"/>
                <Baseline points="1268,1250 1310,1250 1352,1251 1395,1251 1437,1251 1479,1250 1522,1250 1564,1249 1606,1248 1649,1247 1691,1245 1733,1244 1776,1244 1818,1242 1860,1241 1903,1239 1945,1239 1987,1239 2030,1238 2072,1238 2115,1239"/>
                <TextEquiv>
                    <Unicode>secundum eundem gradum ponitur effectus eius forma¬</Unicode>
                </TextEquiv>
            </TextLine>
            <TextLine id="r4l32" custom="readingOrder {index:25;}">
                <Coords points="1267,1305 2121,1291 2120,1251 2090,1248 1266,1263"/>
                <Baseline points="1272,1292 1314,1292 1356,1291 1398,1290 1440,1289 1482,1289 1524,1287 1567,1287 1609,1286 1651,1284 1693,1284 1735,1283 1777,1281 1819,1281 1862,1280 1904,1280 1946,1280 1988,1278 2030,1278 2072,1278 2115,1278"/>
                <TextEquiv>
                    <Unicode>lis, &amp; proprietates ipsum consequentes. lsta patet; nam </Unicode>
                </TextEquiv>
            </TextLine>
            <TextLine id="r4l33" custom="readingOrder {index:26;}">
                <Coords points="1270,1349 2071,1335 2110,1332 2110,1297 1269,1303"/>
                <Baseline points="1275,1329 1316,1329 1358,1329 1399,1329 1441,1329 1482,1328 1524,1328 1565,1326 1607,1325 1648,1325 1690,1323 1731,1323 1773,1322 1814,1320 1856,1320 1897,1319 1939,1318 1980,1317 2022,1317 2063,1317 2105,1316"/>
                <TextEquiv>
                    <Unicode>secundum quemcumque gradum albedo ponitur in su¬</Unicode>
                </TextEquiv>
            </TextLine>
            <TextLine id="r4l34" custom="readingOrder {index:27;}">
                <Coords points="1270,1387 2012,1377 2123,1364 2123,1336 1269,1349"/>
                <Baseline points="1274,1368 1316,1368 1358,1368 1400,1368 1442,1367 1485,1367 1527,1365 1569,1364 1611,1364 1653,1362 1696,1362 1738,1361 1780,1359 1822,1358 1864,1358 1907,1356 1949,1356 1991,1356 2033,1356 2075,1356 2118,1356"/>
                <TextEquiv>
                    <Unicode>perficie, secundum eundem gradum superficies est alba,</Unicode>
                </TextEquiv>
            </TextLine>
            <TextLine id="r4l35" custom="readingOrder {index:28;}">
                <Coords points="1269,1424 2112,1403 2111,1367 1269,1388"/>
                <Baseline points="1274,1407 1315,1407 1357,1406 1398,1406 1440,1405 1482,1404 1523,1403 1565,1403 1606,1401 1648,1401 1690,1400 1731,1400 1773,1398 1814,1398 1856,1397 1898,1397 1939,1397 1981,1395 2022,1395 2064,1395 2106,1395"/>
                <TextEquiv>
                    <Unicode>quod est effectus formalis albedinis, &amp; disgrebat, quod</Unicode>
                </TextEquiv>
            </TextLine>
            <TextLine id="r4l36" custom="readingOrder {index:29;}">
                <Coords points="1276,1460 2057,1458 2112,1444 2111,1403 1275,1429"/>
                <Baseline points="1281,1446 1322,1446 1363,1445 1404,1445 1446,1443 1487,1443 1528,1442 1569,1442 1611,1442 1652,1440 1693,1440 1734,1439 1776,1439 1817,1437 1858,1437 1899,1437 1941,1436 1982,1436 2023,1436 2064,1435 2106,1434"/>
                <TextEquiv>
                    <Unicode>est eius proprietas consequens suam naturam: sed effe-</Unicode>
                </TextEquiv>
            </TextLine>
            <TextLine id="r4l37" custom="readingOrder {index:30;}">
                <Coords points="1273,1500 2120,1493 2120,1453 1272,1461"/>
                <Baseline points="1278,1487 1319,1485 1361,1485 1403,1484 1445,1483 1487,1482 1529,1481 1570,1481 1612,1479 1654,1478 1696,1478 1738,1476 1780,1476 1822,1476 1863,1475 1905,1475 1947,1475 1989,1475 2031,1475 2073,1475 2115,1475"/>
                <TextEquiv>
                    <Unicode>ctus formalis formarum elementarium, &amp; cius proprie¬</Unicode>
                </TextEquiv>
            </TextLine>
            <TextLine id="r4l38" custom="readingOrder {index:31;}">
                <Coords points="1282,1540 1978,1539 2105,1530 2120,1493 1281,1503"/>
                <Baseline points="1287,1524 1328,1524 1369,1524 1411,1524 1452,1523 1494,1523 1535,1521 1576,1520 1618,1520 1659,1518 1701,1517 1742,1517 1783,1515 1825,1514 1866,1514 1908,1514 1949,1514 1990,1514 2032,1514 2073,1514 2115,1515"/>
                <TextEquiv>
                    <Unicode>tates non sunt in re mixta secundum aliquem gradum;</Unicode>
                </TextEquiv>
            </TextLine>
            <TextLine id="r4l39" custom="readingOrder {index:32;}">
                <Coords points="1278,1583 2046,1575 2119,1565 2119,1528 1278,1538"/>
                <Baseline points="1283,1565 1324,1565 1366,1563 1407,1563 1449,1562 1490,1562 1532,1560 1573,1560 1615,1559 1656,1557 1698,1557 1740,1556 1781,1556 1823,1556 1864,1554 1906,1554 1947,1554 1989,1554 2030,1554 2072,1554 2114,1554"/>
                <TextEquiv>
                    <Unicode>gitur nec formae : minor patet, quia lapis non est ignis, </Unicode>
                </TextEquiv>
            </TextLine>
            <TextLine id="r4l41" custom="readingOrder {index:33;}">
                <Coords points="1290,1614 2126,1612 2125,1565 1289,1583"/>
                <Baseline points="1295,1604 1336,1602 1377,1602 1418,1601 1460,1599 1501,1599 1542,1598 1583,1598 1625,1596 1666,1596 1707,1595 1748,1595 1790,1595 1831,1593 1872,1593 1913,1593 1955,1593 1996,1593 2037,1593 2078,1593 2120,1593"/>
                <TextEquiv>
                    <Unicode>uod est effectus formalis formae ignis; nec secundum suam</Unicode>
                </TextEquiv>
            </TextLine>
            <TextLine id="r4l43" custom="readingOrder {index:34;}">
                <Coords points="1276,1655 2116,1652 2129,1608 1276,1625"/>
                <Baseline points="1281,1643 1323,1643 1365,1643 1407,1643 1449,1643 1491,1643 1533,1641 1576,1641 1618,1640 1660,1638 1702,1638 1744,1637 1786,1635 1828,1635 1871,1634 1913,1634 1955,1634 1997,1634 2039,1634 2081,1634 2124,1635"/>
                <TextEquiv>
                    <Unicode>naturam tendit sursum, quod est proprietas consequens</Unicode>
                </TextEquiv>
            </TextLine>
            <TextLine id="r4l44" custom="readingOrder {index:35;}">
                <Coords points="1276,1707 1299,1705 1315,1693 1330,1699 1347,1693 1366,1695 1371,1690 1392,1698 1436,1693 1437,1660 1427,1661 1418,1654 1391,1666 1380,1661 1325,1665 1319,1658 1278,1663"/>
                <Baseline points="1283,1685 1312,1679 1342,1680 1371,1683 1401,1686 1431,1686"/>
                <TextEquiv>
                    <Unicode>ignem.</Unicode>
                </TextEquiv>
            </TextLine>
            <TextLine id="r4l45" custom="readingOrder {index:36;}">
                <Coords points="1303,1734 2063,1730 2111,1724 2111,1686 1302,1693"/>
                <Baseline points="1308,1719 1347,1719 1387,1719 1427,1719 1467,1718 1507,1718 1547,1717 1587,1716 1627,1715 1667,1715 1707,1715 1746,1713 1786,1713 1826,1712 1866,1712 1906,1712 1946,1712 1986,1712 2026,1712 2066,1712 2106,1713"/>
                <TextEquiv>
                    <Unicode>Sed contra istam conclusionem videtur esse opinio Con</Unicode>
                </TextEquiv>
            </TextLine>
            <TextLine id="r4l47" custom="readingOrder {index:37;}">
                <Coords points="1281,1780 2123,1761 2122,1722 2093,1721 1281,1738"/>
                <Baseline points="1286,1758 1327,1758 1369,1758 1410,1757 1452,1757 1493,1757 1535,1756 1576,1755 1618,1755 1659,1754 1701,1754 1743,1752 1784,1752 1826,1752 1867,1752 1909,1751 1950,1751 1992,1751 2033,1752 2075,1752 2117,1752"/>
                <TextEquiv>
                    <Unicode>mentatoris Auerrois, quam ponit s. coeli. &amp; mun. &amp; 2. de</Unicode>
                </TextEquiv>
            </TextLine>
            <TextLine id="r4l49" custom="readingOrder {index:38;}">
                <Coords points="1277,1799 1326,1820 2092,1808 2108,1761 1277,1777"/>
                <Baseline points="1283,1799 1324,1799 1365,1799 1406,1799 1447,1797 1488,1797 1529,1796 1570,1796 1611,1794 1652,1794 1693,1793 1734,1793 1775,1793 1816,1791 1857,1791 1898,1791 1939,1791 1980,1790 2021,1790 2062,1791 2103,1791"/>
                <TextEquiv>
                    <Unicode>peneratione. Ponit enim Commentator in locis iam di¬</Unicode>
                </TextEquiv>
            </TextLine>
            <TextLine id="r4l51" custom="readingOrder {index:39;}">
                <Coords points="1279,1865 2123,1838 2122,1799 1323,1820 1278,1798"/>
                <Baseline points="1284,1836 1325,1836 1367,1836 1409,1836 1450,1836 1492,1835 1534,1835 1575,1835 1617,1833 1659,1833 1701,1832 1742,1832 1784,1830 1826,1830 1867,1829 1909,1829 1951,1829 1992,1829 2034,1829 2076,1829 2118,1830"/>
                <TextEquiv>
                    <Unicode>ctis, quod elementa maneant in mixto secundum suas es</Unicode>
                </TextEquiv>
            </TextLine>
            <TextLine id="r4l53" custom="readingOrder {index:40;}">
                <Coords points="1269,1891 2115,1888 2114,1841 1269,1851"/>
                <Baseline points="1274,1875 1315,1875 1357,1875 1399,1875 1441,1875 1482,1875 1524,1874 1566,1874 1608,1874 1649,1872 1691,1872 1733,1872 1775,1871 1816,1871 1858,1871 1900,1871 1942,1871 1983,1871 2025,1871 2067,1871 2109,1871"/>
                <TextEquiv>
                    <Unicode>sentias, non tamen completas, sed in aliquo gradu tantum,</Unicode>
                </TextEquiv>
            </TextLine>
            <TextLine id="r4l55" custom="readingOrder {index:41;}">
                <Coords points="1275,1930 2126,1919 2125,1889 2086,1879 1274,1892"/>
                <Baseline points="1280,1916 1322,1916 1364,1916 1406,1916 1448,1914 1490,1914 1532,1914 1574,1913 1616,1913 1658,1911 1700,1911 1742,1910 1784,1910 1826,1910 1868,1908 1910,1908 1952,1908 1994,1908 2036,1908 2078,1908 2120,1910"/>
                <TextEquiv>
                    <Unicode>quia aliquo modo corrumpuntur, &amp; aliquo modo manent.</Unicode>
                </TextEquiv>
            </TextLine>
            <TextLine id="r4l56" custom="readingOrder {index:42;}">
                <Coords points="1278,1967 2117,1972 2117,1927 2069,1918 1278,1931"/>
                <Baseline points="1283,1955 1324,1955 1365,1955 1407,1955 1448,1953 1490,1953 1531,1953 1573,1952 1614,1952 1656,1952 1697,1951 1738,1950 1780,1950 1821,1950 1863,1950 1904,1950 1946,1950 1987,1950 2029,1950 2070,1951 2112,1952"/>
                <TextEquiv>
                    <Unicode>Nam cum formae elementorum sint formae imperfectae,</Unicode>
                </TextEquiv>
            </TextLine>
            <TextLine id="r4l57" custom="readingOrder {index:43;}">
                <Coords points="1282,2013 1862,2001 1862,1968 1789,1959 1639,1974 1282,1965"/>
                <Baseline points="1287,1992 1315,1992 1344,1992 1372,1992 1401,1992 1429,1992 1458,1992 1486,1992 1515,1992 1543,1992 1572,1991 1600,1991 1629,1991 1657,1991 1686,1991 1714,1991 1743,1991 1771,1991 1800,1989 1828,1989 1857,1989"/>
                <TextEquiv>
                    <Unicode>ideo possunt suscipere magis, &amp; minus.</Unicode>
                </TextEquiv>
            </TextLine>
            <TextLine id="r4l58" custom="readingOrder {index:44;}">
                <Coords points="1314,2050 2124,2050 2123,2007 2029,1995 1314,2008"/>
                <Baseline points="1319,2033 1361,2033 1403,2032 1445,2031 1487,2031 1529,2031 1571,2030 1613,2030 1655,2030 1697,2028 1739,2028 1781,2028 1823,2028 1865,2027 1907,2027 1949,2027 1991,2027 2033,2028 2075,2028 2118,2028"/>
                <TextEquiv>
                    <Unicode>Hic potest dici, quod Auerroes Commentator loqui¬ </Unicode>
                </TextEquiv>
            </TextLine>
            <TextLine id="r4l60" custom="readingOrder {index:45;}">
                <Coords points="1285,2082 2025,2086 2117,2080 2117,2048 1285,2053"/>
                <Baseline points="1290,2073 1331,2073 1372,2072 1413,2072 1454,2072 1495,2072 1536,2070 1577,2070 1618,2070 1659,2069 1701,2069 1742,2069 1783,2067 1824,2067 1865,2067 1906,2067 1947,2067 1988,2066 2029,2066 2070,2066 2112,2066"/>
                <TextEquiv>
                    <Unicode>tur ibi multum large de forma rei, &amp; essentia eius; secun¬</Unicode>
                </TextEquiv>
            </TextLine>
            <TextLine id="r4l61" custom="readingOrder {index:46;}">
                <Coords points="1275,2127 2114,2118 2105,2077 1275,2088"/>
                <Baseline points="1281,2112 1322,2112 1363,2112 1405,2111 1446,2111 1487,2111 1529,2111 1570,2109 1611,2109 1653,2109 1694,2108 1735,2108 1777,2108 1818,2106 1859,2106 1901,2106 1942,2106 1983,2106 2025,2105 2066,2105 2108,2105"/>
                <TextEquiv>
                    <Unicode>dum quod essentia alicuius, &amp; forma dicuntur manere in</Unicode>
                </TextEquiv>
            </TextLine>
            <TextLine id="r4l62" custom="readingOrder {index:47;}">
                <Coords points="1285,2167 2047,2165 2110,2155 2110,2114 1285,2123"/>
                <Baseline points="1290,2151 1330,2151 1371,2150 1412,2150 1453,2150 1493,2150 1534,2150 1575,2148 1616,2148 1656,2148 1697,2148 1738,2147 1779,2147 1819,2147 1860,2145 1901,2145 1942,2145 1982,2145 2023,2145 2064,2144 2105,2144"/>
                <TextEquiv>
                    <Unicode>omni eo, in quo aliquo modo relucet virtus eorum. 8</Unicode>
                </TextEquiv>
            </TextLine>
            <TextLine id="r4l63" custom="readingOrder {index:48;}">
                <Coords points="1287,2209 2037,2201 2117,2192 2119,2162 1286,2166"/>
                <Baseline points="1292,2192 1333,2190 1374,2189 1415,2189 1456,2187 1497,2187 1538,2187 1579,2187 1620,2186 1661,2186 1703,2186 1744,2186 1785,2186 1826,2186 1867,2186 1908,2186 1949,2186 1990,2184 2031,2184 2072,2184 2114,2183"/>
                <TextEquiv>
                    <Unicode>quis tamen vellet omnino pertinaciter dicere intentio¬</Unicode>
                </TextEquiv>
            </TextLine>
            <TextLine id="r4l64" custom="readingOrder {index:49;}">
                <Coords points="1278,2242 2056,2245 2126,2232 2126,2199 1278,2210"/>
                <Baseline points="1283,2229 1324,2229 1366,2229 1408,2229 1450,2229 1492,2228 1534,2228 1576,2228 1618,2228 1660,2226 1702,2226 1743,2226 1785,2225 1827,2225 1869,2225 1911,2225 1953,2224 1995,2223 2037,2223 2079,2223 2121,2223"/>
                <TextEquiv>
                    <Unicode>nem Commentatoris fuisse, quod elementa maneant in</Unicode>
                </TextEquiv>
            </TextLine>
            <TextLine id="r4l65" custom="readingOrder {index:50;}">
                <Coords points="1281,2283 2074,2283 2122,2249 1281,2250"/>
                <Baseline points="1286,2268 1327,2268 1369,2268 1410,2268 1452,2268 1493,2267 1535,2267 1576,2267 1618,2266 1659,2265 1701,2265 1743,2265 1784,2264 1826,2264 1867,2264 1909,2264 1950,2262 1992,2262 2033,2262 2075,2262 2117,2262"/>
                <TextEquiv>
                    <Unicode>m ixto secundum suas essentias, tunc praeter istas tres ra¬</Unicode>
                </TextEquiv>
            </TextLine>
            <TextLine id="r4l66" custom="readingOrder {index:51;}">
                <Coords points="1268,2324 2114,2313 2096,2277 1268,2283"/>
                <Baseline points="1274,2309 1315,2309 1357,2307 1399,2307 1441,2306 1482,2306 1524,2306 1566,2305 1608,2304 1649,2304 1691,2304 1733,2304 1775,2303 1816,2303 1858,2303 1900,2303 1942,2303 1983,2303 2025,2303 2067,2304 2109,2304"/>
                <TextEquiv>
                    <Unicode>tiones, quas adduxi pro conclusione secunda, currerent</Unicode>
                </TextEquiv>
            </TextLine>
            <TextLine id="r4l67" custom="readingOrder {index:52;}">
                <Coords points="1279,2357 2108,2359 2129,2314 1279,2329"/>
                <Baseline points="1284,2348 1326,2346 1368,2346 1410,2345 1452,2345 1494,2345 1536,2343 1578,2343 1620,2343 1662,2343 1704,2342 1746,2342 1788,2342 1830,2342 1872,2342 1914,2342 1956,2342 1998,2342 2040,2342 2082,2342 2124,2343"/>
                <TextEquiv>
                    <Unicode>omnia illa inconuenientia, quae adduxi probando conclu</Unicode>
                </TextEquiv>
            </TextLine>
            <TextLine id="r4l68" custom="readingOrder {index:53;}">
                <Coords points="1269,2406 2122,2400 2129,2356 1268,2358"/>
                <Baseline points="1274,2384 1316,2385 1359,2385 1401,2385 1444,2385 1486,2385 1529,2384 1571,2384 1614,2384 1656,2382 1699,2382 1741,2382 1784,2381 1826,2381 1869,2381 1911,2381 1954,2381 1996,2381 2039,2381 2081,2382 2124,2384"/>
                <TextEquiv>
                    <Unicode>sionem primam, &amp; etiam ea, quae ipsemet adducit contra</Unicode>
                </TextEquiv>
            </TextLine>
            <TextLine id="r4l69" custom="readingOrder {index:54;}">
                <Coords points="1275,2435 2126,2438 2126,2408 2034,2389 1275,2404"/>
                <Baseline points="1281,2424 1323,2426 1365,2426 1407,2426 1449,2426 1491,2426 1533,2426 1575,2424 1617,2424 1659,2424 1701,2423 1743,2423 1785,2421 1827,2421 1869,2421 1911,2421 1953,2421 1995,2421 2037,2423 2079,2424 2121,2426"/>
                <TextEquiv>
                    <Unicode>Auicen essent contra seipsum, non enim esset mixtio,</Unicode>
                </TextEquiv>
            </TextLine>
            <TextLine id="r4l70" custom="readingOrder {index:55;}">
                <Coords points="1281,2479 1290,2482 1299,2473 1309,2480 1334,2476 1378,2491 1405,2473 1426,2484 1449,2476 1463,2480 1463,2452 1454,2453 1444,2443 1420,2446 1399,2436 1382,2444 1351,2442 1334,2434 1281,2436"/>
                <Baseline points="1286,2466 1314,2465 1343,2465 1371,2465 1400,2465 1428,2465 1457,2466"/>
                <TextEquiv>
                    <Unicode>sed aceruus, </Unicode>
                </TextEquiv>
            </TextLine>
            <TextLine id="r4l71" custom="readingOrder {index:56;}">
                <Coords points="1401,2564 1846,2551 1972,2575 1972,2510 1400,2524"/>
                <Baseline points="1406,2552 1434,2553 1462,2553 1490,2553 1518,2552 1546,2552 1574,2551 1602,2550 1630,2550 1658,2549 1686,2547 1714,2547 1742,2546 1770,2546 1798,2546 1826,2546 1854,2546 1882,2546 1910,2546 1938,2548 1967,2549"/>
                <TextEquiv>
                    <Unicode>ARTICVLVS III</Unicode>
                </TextEquiv>
            </TextLine>
            <TextLine id="r4l74" custom="readingOrder {index:57;}">
                <Coords points="1304,2648 2078,2652 2077,2601 1933,2590 1304,2606"/>
                <Baseline points="1310,2637 1348,2637 1386,2637 1424,2637 1462,2637 1500,2637 1538,2637 1576,2637 1614,2636 1652,2636 1691,2636 1729,2636 1767,2634 1805,2634 1843,2634 1881,2634 1919,2634 1957,2636 1995,2636 2033,2637 2072,2637"/>
                <TextEquiv>
                    <Unicode>Vtrum saltem alique realitates formarum quat</Unicode>
                </TextEquiv>
            </TextLine>
            <TextLine id="r4l75" custom="readingOrder {index:58;}">
                <Coords points="1371,2716 1695,2687 1747,2712 1883,2713 2031,2684 2031,2662 1977,2644 1917,2663 1770,2640 1600,2663 1371,2653"/>
                <Baseline points="1377,2688 1409,2688 1441,2688 1474,2687 1506,2687 1539,2687 1571,2687 1603,2685 1636,2685 1668,2685 1701,2685 1733,2684 1765,2684 1798,2684 1830,2684 1863,2684 1895,2684 1927,2684 1960,2684 1992,2685 2025,2685"/>
                <TextEquiv>
                    <Unicode>tuor elementorum incorrupte maneant in</Unicode>
                </TextEquiv>
            </TextLine>
            <TextLine id="r4l76" custom="readingOrder {index:59;}">
                <Coords points="1614,2763 1635,2764 1646,2752 1736,2760 1756,2751 1776,2757 1808,2752 1807,2718 1789,2710 1747,2712 1733,2698 1709,2696 1685,2714 1660,2696 1653,2701 1639,2694 1628,2700 1613,2697"/>
                <Baseline points="1619,2738 1645,2735 1671,2733 1697,2732 1723,2732 1749,2732 1775,2733 1802,2732"/>
                <TextEquiv>
                    <Unicode>ipso mixto.</Unicode>
                </TextEquiv>
            </TextLine>
            <TextLine id="r4l78" custom="readingOrder {index:60;}">
                <Coords points="1310,2837 2125,2833 2125,2794 2060,2775 2026,2796 1914,2776 1531,2799 1442,2755 1310,2760"/>
                <Baseline points="1316,2822 1356,2819 1396,2818 1436,2816 1476,2816 1517,2814 1557,2814 1597,2814 1637,2813 1677,2813 1718,2813 1758,2813 1798,2813 1838,2813 1878,2813 1919,2813 1959,2813 1999,2813 2039,2813 2079,2813 2120,2813"/>
                <TextEquiv>
                    <Unicode>VANTVM ad tertium articulum primo ponam con</Unicode>
                </TextEquiv>
            </TextLine>
            <TextLine id="r4l79" custom="readingOrder {index:61;}">
                <Coords points="1300,2877 2133,2862 2132,2833 1933,2822 1299,2833"/>
                <Baseline points="1305,2861 1346,2859 1387,2858 1428,2858 1469,2856 1510,2855 1551,2855 1592,2854 1633,2853 1674,2853 1716,2853 1757,2853 1798,2852 1839,2852 1880,2852 1921,2852 1962,2852 2003,2852 2044,2852 2085,2853 2127,2853"/>
                <TextEquiv>
                    <Unicode>A clusionem negatiuam. Secundo recitabo motiua</Unicode>
                </TextEquiv>
            </TextLine>
            <TextLine id="r4l80" custom="readingOrder {index:62;}">
                <Coords points="1278,2916 2108,2913 2129,2863 1278,2875"/>
                <Baseline points="1284,2895 1326,2894 1368,2894 1410,2894 1452,2893 1494,2892 1536,2892 1578,2892 1620,2892 1662,2892 1704,2892 1746,2892 1788,2892 1830,2892 1872,2892 1914,2892 1956,2892 1998,2892 2040,2892 2082,2892 2124,2892"/>
                <TextEquiv>
                    <Unicode>contrariae opinionis, &amp; ad ipsa respondebo. Dico ergo pri</Unicode>
                </TextEquiv>
            </TextLine>
            <TextLine id="r4l81" custom="readingOrder {index:63;}">
                <Coords points="1282,2947 2056,2956 2125,2948 2125,2911 1282,2916"/>
                <Baseline points="1287,2934 1328,2933 1370,2933 1411,2933 1453,2931 1495,2931 1536,2931 1578,2931 1620,2930 1661,2930 1703,2930 1745,2930 1786,2930 1828,2930 1870,2930 1911,2930 1953,2930 1995,2930 2036,2930 2078,2930 2120,2930"/>
                <TextEquiv>
                    <Unicode>mo, quod in re mixta non manent incorruptae aliquae rea</Unicode>
                </TextEquiv>
            </TextLine>
            <TextLine id="r4l82" custom="readingOrder {index:64;}">
                <Coords points="1282,2993 2125,2991 2125,2948 1282,2948"/>
                <Baseline points="1287,2973 1328,2973 1370,2972 1411,2971 1453,2970 1495,2970 1536,2970 1578,2970 1620,2969 1661,2969 1703,2969 1745,2969 1786,2970 1828,2970 1870,2970 1911,2970 1953,2970 1995,2970 2036,2970 2078,2970 2120,2969"/>
                <TextEquiv>
                    <Unicode>litates formarum elementarium, quae sint de ratione in¬</Unicode>
                </TextEquiv>
            </TextLine>
            <TextLine id="r4l83" custom="readingOrder {index:65;}">
                <Coords points="1291,3026 1660,3032 1711,3016 1742,3025 1742,2991 1489,2980 1474,2993 1410,2982 1397,2995 1352,2983 1291,2994"/>
                <Baseline points="1296,3012 1321,3011 1347,3011 1373,3009 1399,3009 1425,3009 1451,3009 1477,3008 1503,3008 1528,3008 1554,3008 1580,3008 1606,3009 1632,3009 1658,3009 1684,3009 1710,3009 1736,3008"/>
                <TextEquiv>
                    <Unicode>trinseca huiusmodi formarum.</Unicode>
                </TextEquiv>
            </TextLine>
            <TextLine id="r4l84" custom="readingOrder {index:66;}">
                <Coords points="1293,3073 2131,3071 2131,2991 2040,2992 1991,3031 1293,3032"/>
                <Baseline points="1298,3051 1339,3050 1380,3050 1422,3048 1463,3048 1505,3048 1546,3047 1587,3047 1629,3047 1670,3047 1712,3047 1753,3047 1794,3047 1836,3047 1877,3048 1919,3048 1960,3048 2001,3048 2043,3048 2084,3048 2126,3048"/>
                <TextEquiv>
                    <Unicode>1 Nam omnis realitas cuiuscunque formae existens de</Unicode>
                </TextEquiv>
            </TextLine>
            <TextLine id="r4l85" custom="readingOrder {index:67;}">
                <Coords points="1288,3098 2135,3108 2135,3067 2003,3057 1288,3073"/>
                <Baseline points="1293,3090 1334,3089 1376,3089 1418,3089 1460,3087 1502,3087 1544,3087 1585,3087 1627,3087 1669,3087 1711,3086 1753,3086 1795,3086 1837,3086 1878,3086 1920,3086 1962,3086 2004,3086 2046,3087 2088,3087 2130,3087"/>
                <TextEquiv>
                    <Unicode>ratione ipsius formae, vel dicit totam formam, vel partem </Unicode>
                </TextEquiv>
            </TextLine>
            <TextLine id="r4l86" custom="readingOrder {index:68;}">
                <Coords points="1282,3153 2135,3147 2115,3100 1281,3098"/>
                <Baseline points="1287,3132 1329,3131 1371,3131 1413,3129 1455,3129 1497,3129 1539,3129 1581,3128 1623,3128 1665,3128 1708,3128 1750,3128 1792,3128 1834,3128 1876,3128 1918,3126 1960,3126 2002,3126 2044,3126 2086,3126 2129,3125"/>
                <TextEquiv>
                    <Unicode>sormae, vel aliquem gradum formae: sed elementa non</Unicode>
                </TextEquiv>
            </TextLine>
            <TextEquiv>
                <Unicode>tenditur ad ipsam generationem, &amp; corruptionem, vt pa¬
tet in libro prae dicamentorum, sic alterata dicuntur quan
loque ea, quae vere sunt corrupta. vel dicendum, quod
elementa, quamuis in re mixta vere sint corrupta quan¬
tum ad evrum essentias; dicuntur tamen alterata: quia
manent secundum suas qualitates remissas in ipso mixto,
quae quidem remissio qualitatum si accidisset rebus misci
bilibus, antequam corrumperentur, ipsa miscibilia vere
fuissent alterata
Secundo dico, quod elementa non manent in mixto secu
dum aliquem gradum formalem suae essentiae
1 Quia nulla substantia habet huiusmodi gradus, cum
igitur elementum vere sit substantia; ergo &amp;c. maior pa¬
tet, nam si substantia haberet huiusmodi gradus, tunc sub
tantia proprie susciperet magis &amp; minus, quod est contra
philosophum in libro praedicamentorum, &amp; quinto
metaphysic.
2 Praeterea, quaecumque ex sui coniunctione faciunt.
vnam essentiam, si eorum essentiae manent incorrupte, o¬
portet, quod vnum sit forma alterius, sed nullum elemen
tum potest esse forma, &amp; perfectio alterius, cum vnuquod
que elementum sit natura corporea, quae non perficit, sed 
perficitur, ergo &amp;c
3 Praeterea, in quocunque gradu ponitur forma aliqua,
secundum eundem gradum ponitur effectus eius forma¬
lis, &amp; proprietates ipsum consequentes. lsta patet; nam 
secundum quemcumque gradum albedo ponitur in su¬
perficie, secundum eundem gradum superficies est alba,
quod est effectus formalis albedinis, &amp; disgrebat, quod
est eius proprietas consequens suam naturam: sed effe-
ctus formalis formarum elementarium, &amp; cius proprie¬
tates non sunt in re mixta secundum aliquem gradum;
gitur nec formae : minor patet, quia lapis non est ignis, 
uod est effectus formalis formae ignis; nec secundum suam
naturam tendit sursum, quod est proprietas consequens
ignem.
Sed contra istam conclusionem videtur esse opinio Con
mentatoris Auerrois, quam ponit s. coeli. &amp; mun. &amp; 2. de
peneratione. Ponit enim Commentator in locis iam di¬
ctis, quod elementa maneant in mixto secundum suas es
sentias, non tamen completas, sed in aliquo gradu tantum,
quia aliquo modo corrumpuntur, &amp; aliquo modo manent.
Nam cum formae elementorum sint formae imperfectae,
ideo possunt suscipere magis, &amp; minus.
Hic potest dici, quod Auerroes Commentator loqui¬ 
tur ibi multum large de forma rei, &amp; essentia eius; secun¬
dum quod essentia alicuius, &amp; forma dicuntur manere in
omni eo, in quo aliquo modo relucet virtus eorum. 8
quis tamen vellet omnino pertinaciter dicere intentio¬
nem Commentatoris fuisse, quod elementa maneant in
m ixto secundum suas essentias, tunc praeter istas tres ra¬
tiones, quas adduxi pro conclusione secunda, currerent
omnia illa inconuenientia, quae adduxi probando conclu
sionem primam, &amp; etiam ea, quae ipsemet adducit contra
Auicen essent contra seipsum, non enim esset mixtio,
sed aceruus, 
ARTICVLVS III
Vtrum saltem alique realitates formarum quat
tuor elementorum incorrupte maneant in
ipso mixto.
VANTVM ad tertium articulum primo ponam con
A clusionem negatiuam. Secundo recitabo motiua
contrariae opinionis, &amp; ad ipsa respondebo. Dico ergo pri
mo, quod in re mixta non manent incorruptae aliquae rea
litates formarum elementarium, quae sint de ratione in¬
trinseca huiusmodi formarum.
1 Nam omnis realitas cuiuscunque formae existens de
ratione ipsius formae, vel dicit totam formam, vel partem 
sormae, vel aliquem gradum formae: sed elementa non</Unicode>
            </TextEquiv>
        </TextRegion>
    </Page>
</PcGts>
