2401 3531
433 256 1276 314 maiorem gratiam quantum ad substantiam habitus, quam
426 315 1278 357 quicunque angelus habuerit etiam in coelis. Sed secundo
430 348 1286 396 modo scilicet quo ad feruorem actus: sic dico, quod ima¬
437 387 1289 442 go Dei expressior est in angelo, quocunque beato, quam in
448 438 1284 480 quocunque homine puro viatore: quia angelorum gratia
435 472 1290 520 est consummata: hominum autem viatorum est gratia ini
432 504 1286 566 tiata, & adhuc vlterius perficienda; & angelorum gratia
432 547 1274 587 stat cum aperta visione perlustrata lumine glorie; viatori
429 588 1280 631 autem cum fide, & eniomate: ideo actus elicitus median¬
436 623 1282 673 te habitu gratiae angelorum est maioris feruoris, quam
445 662 1274 717 quorumcumque viatorum. Quod satis dedit intelligi Sa
430 704 1279 756 uator loquens de lohanne Daptista, cum prius dixisset, quod
443 739 1283 784 inter natos mulierum non surrexit maior lohanne Dapti
429 781 1286 834 sta, subdit immediate, qui minor est i regno celorum ma¬
431 823 1276 872 ior est ipso. Addidi autem puro viatore, propter domini
438 859 1274 902 lesum Christum, qui quamuis dicatur minoratus ab an¬
439 898 1282 952 gelis, quantum ad corporalem passibilitatem ab instanti
436 939 1289 986 tamen suae conceptionis excessit omnes angelos, non so¬
438 975 1288 1023 lum quo ad substantiam habitus gratiae; verum etiam
439 1006 1280 1070 quo ad feruorem actus eliciti mediante gratia; quia eius
444 1059 1279 1110 gratia ab instanti suae conceptionis fuit consummata,
439 1088 1276 1145 cum ipse sic fuerit viator, quod semper fuerit verus com¬
447 1134 605 1190 rehensor,
481 1165 1280 1223 De tertia conclusione dico eodem modo, sicut de pri¬
427 1217 1279 1263 mo membro istius conclusionis. Nam inter homines, &
426 1259 1283 1300 angelos in gloria aeternae beatitudinis inuenitur aequali¬
427 1290 1251 1350 tas; & excedens & excessum, sicut dictum est de gratia
545 1358 1139 1446 ARTICVLVS III
452 1475 1267 1526 Vtrum imago Dei magis reperiatur m viro quam
755 1513 947 1568 m mustiere.
516 1593 1288 1648 VANTVM ad tertium articulum dico, quod pen¬
487 1643 1280 1696 sando naturalem notitiam, quam habemus pro sta¬
430 1683 1287 1726 tu viae, tunc in viro magis viget imago Dei, quam in mu¬
433 1720 1280 1775 liere, eo quod vir magis vigeat ratione, & intellectu, vt
444 1764 1271 1817 atet. 1 politicorum, vbi philosophus ostendit, quod natura
433 1798 1279 1847 liter masculus debet feminae dominari, & vir puero; &
429 1845 1280 1890 dominus seruo, quia ratio, vt ait philosophus plus viget
426 1882 1290 1932 in masculis, quam in foemina, in viro, quam in puero, & in
435 1918 1289 1968 domino, quam in seruo. Et istam assumptam iterum quasi
432 1966 1283 2003 via experientiae probat ex hoc, quia femina habet consi¬
426 1998 1283 2043 lium inualidum, puer imperfectum, seruus autem, vt ait,
426 2036 1289 2088 non habet consiliatiuum. Et hoc satis patet in his, qui na
429 2081 1287 2129 turales sunt serui, quia tales duri sunt carne, quod prote¬
439 2118 1277 2171 tatur orossitiem intellectus. Nam secundum philosophum
425 2157 1289 2199 secundo de anima, Molles carne sunt apti mente. lsta ta¬
419 2200 1284 2242 men mollicies ortum debet habere ex porositate, seu ra¬
431 2235 1274 2280 ritate complexionis. Nam si flegmatica suerit huiusmodi
434 2271 1276 2314 mollicies & aquosa, tuc est signum hebetudinis ipsius in¬
429 2313 1277 2356 tellectus, sicut apparet de mollicie mulierum. Et ideo se¬
433 2348 1277 2399 cundum philosophum primo politicorum, idem expedit
425 2395 1279 2440 & seruo, & domino, quia seruo expedit, vt seruiat, eo, quod
428 2432 1271 2474 seipsum regere, seu dirigere nesciat. Sicut enim caecu¬
429 2465 1281 2521 quanto fortius mouetur sinc ductore, tanto fortius quan
423 2513 1277 2560 doque leditur in offendiculum impingendo, sic seruus quam
423 2548 1280 2590 to fortior viribus fuerit: tanto magis indiget directione
436 2586 1277 2629 prudentis domini, ne offendat seu inordinate agat. Et hoc
432 2625 1273 2667 etiam tangens Qregorius in moralib ait. Fortitudo valde
422 2665 1277 2714 destruitur, nisi per consilium fulciatur: quia quo plus se
438 2711 1284 2751 posse conspicit, eo virtus sine moderamine deterius in
430 2750 1271 2792 praeceps ruit. Domino autem expedit, vt ei seruiatur, cum
429 2783 1273 2828 Vt plurimum vigentes prudentia, & intellectu sint debi¬
432 2819 1283 2865 liores secundum habitudinem corporalem. Et ex his om
432 2858 1271 2906 nibus nolo ad presens plus habere, nisi, quod vir plus ui¬
425 2903 1282 2949 geat intellectu, quam mulier, & quia imago Dei reperi¬
432 2942 1269 2996 tur in creatura, vt intellectualis est; ideo aliqua praeroga
432 2980 1275 3028 tiuam videtur habere vir respectu mulieris in hoc, quod
429 3012 980 3071 est esse ad imaginem Dei.
448 3055 1283 3105 2 Praeterea, in creatione viri dixit Deus, Faciamus ho
435 3086 1285 3151 minem ad imaginem, & similitudinem nostra: sed in crea
1326 244 2175 327 tione mulieris dixit Deus: non est bonum hominem di¬
1336 317 2173 368 mittere solum. Faciamus ei adiutorium simile sibi:igitur
1334 352 2173 395 videtur, quod vir immediate sit ad imaginem Dei, mulier au
1335 389 2174 456 tem immediate ad imaginem, & similitudinem viri; &me
1339 427 1907 485 liante viro ad imaginem Dei; ergo &c
1371 445 2165 526 becundo dico, quod in ordine ad vitam aeternam vterquo
1322 510 2181 566 sexus pariter, seu aequaliter est ad imaginem Dei, quia vt
1334 548 2176 594 ic, anima est ad imaginem Dei; eo, quod capax Dei est.
1334 586 2176 634 Sed licet pro statu praesentis vitae, cum anima inhabitat
1326 629 2168 675 hanc domum luteam, grauetur ab isto terreno fundamen
1330 667 2176 720 to; quia corpus, quod corrumpitur, aggrauat animam, &
1333 704 2180 746 deprimit terrena habitatio sensum multa cogitantem, ut
1327 739 2171 787 dicitur a Sapiente. Licet, inquam, pro hoc statu, cum nostrum
1329 792 2175 833 intelligere, vel est phantasia, vel non est sine phantasia, &
1336 822 2175 873 necesse est intelligentem phantasmata speculari, intelle¬
1338 862 2177 906 cto viri sit magis capax, quam mulieris: & hoc propter bo
1335 908 2166 946 nitatem complexionis, in vita tamen beata, cum animae.
1329 944 2174 996 vel liberae sunt, exutae ab omni corpore; vel si corpus infor
1342 983 2184 1026 nant, illud animam non aggrauat: sed glorificatione sua
1336 1017 2180 1074 aetificat in tali, inquam, vita aequalis capacitatis, naturali
1332 1056 2165 1106 ter loquendo, erit anima feminae, sicut anima masculi, pro
1344 1107 2177 1149 ter quod aequaliter sunt ad imaginem Dei. Et ista vide¬
1329 1139 2198 1191 tur esse intentio Deati Augus. 10. de tri. vbi ex proposito
1327 1181 2177 1222 Aug. istud declarat ex verbis Apostoli dicens. Nos sumus
1325 1216 2187 1267 imago Dei, prout sumus filij Dei, & prout induimus Chri
1326 1258 2173 1300 stum per fidem, in quo non est ludaeus, nec Craecus; nec ser¬
1332 1295 2179 1348 uus, nec liber; neque masculus, neque femina; sed omnes vnum
1323 1336 2179 1380 sumus in Christo, & omnes renouamur secundum ima¬
1319 1372 1500 1441 ginem Dei.
1446 1453 2079 1524 ARTICVLVS III
1374 1546 2135 1605 Vtrum imago Dei magis reperiatur in potentia
1563 1598 1940 1668 cognitiua vel affectiua
1391 1656 2174 1753 VLNTVM ad quartum articulum dico breuiter
1358 1722 1736 1778 Aduas propositiones
1370 1750 2174 1812 Prima est, quod quantum ad similitudinem aliquarum
1340 1809 2175 1857 roprietatum existentium in imagine increata, aliquo mo
1338 1844 2171 1892 lo magis apparet imago Dei in potentia cognitiua, quam
1339 1880 2177 1933 ffectiua: quia sicut in imagine increata ex faecuda patris
1339 1933 2175 1982 nemoria verbum gignitur, vt verus Deus de vero Deo;
1321 1964 2170 2008 sic in potentia cognitiua ab ipsa vera notitia, quae est in
1327 2002 2170 2047 memoria fecunda, gignitur uera actualis notitia in ip¬
1332 2044 2179 2088 sa intellectiua, & sicut filius procedit, vt lumen de lumi¬
1328 2084 2178 2126 ne sic a lumine intellectus agentis recepto cum specie
1333 2122 2176 2173 ntelligibili quae parens dici potest in ipsa memoria,
1333 2163 2177 2230 cecipitur huiusmodi lumen cum specie genita in ipsa in¬
1323 2197 1484 2249 tellectiua
1360 2229 2179 2297 Secunda proposito est, quod perfectio imaginis creatae
1323 2278 2175 2335 magis videtur consistere in actu potentiae affectiuae, quam
1341 2324 2172 2382 otentiae cognitiuae: quia perfectio imaginis expressae ad
1329 2356 2177 2408 alicuius imaginati similitudinem in hoc maxime intime
1325 2402 2176 2455 tur. Sed actus potentiae affectiuae magis intime nos trans¬
1337 2441 2176 2480 ormat in ipsam imaginem increatam, ad cuius similitu¬
1332 2477 2180 2534 dinem exprimitur imago creata, maxime si huiusmodi
1342 2514 2174 2567 ctus fuerit perfectus. Nam secundum Dionyvsium, amor,
1334 2550 2186 2608 m fortis fuerit extasim faciens transformat amantem in
1335 2598 2171 2643 imatum: licet enim ad perfectiorem actum diuinae con-
1336 2639 2170 2682 emplationis sequatur perfectior actus amoris, & dilectio
1320 2683 2177 2729 nis: ipsa tamen transformatio imaginis creatae in imagi¬
1329 2716 2178 2758 nem increatam attribuitur ipsi amori, luxta illud Aposto
1335 2753 2171 2792 i. Nos autem reuelata facie gloriam domini speculantes
1322 2792 2176 2832 in eandem imaginem transformamur a claritate in clari¬
1322 2831 2189 2881 tatem, tamquam a spiritu domini. Et notanter addit, tame
1341 2873 2186 2919 uam a spiritu domini: quia omnis actus perfecti amoris
1326 2913 2186 2959 appropriatur spiritui sancto. Idco Apostolus per talem
1323 2945 2182 3000 additionem expresse dedit intelligi praedictam trans¬
1332 2984 2183 3055 ormationem fieri per amorem. Et sic patet praedicta
1332 3021 1500 3071 proposito.
1378 3060 2183 3117 Id argumentum principale dicendum, quod aliter est
1327 3092 2168 3151 filius Dei imago, & aliter homo: quia filius Dei est ima¬
