2395 3513
258 239 1098 318 go naturalis, & in eadem natura patris, cuius est imago¬
261 307 1100 354 sed anima nostra est imago Dei aliquo modo artificialis
252 346 1107 388 producta in aliena natura. Iterum filius est imago patris
266 385 1106 435 perfecta, sed anima est totius trinitatis imago, & imper¬
257 411 351 465 fecta.
330 508 1034 601 DISTINCTI O xVIi.
252 611 1100 691 chara buius distinctionis diuisio, in qua de hominis
397 678 962 748 creatione cum sexus distinctione
596 734 770 798 peragitur.
549 830 1105 899 Ie DE origine &c. Postquam Ma¬
591 890 1101 942 gister determinauit in communi
591 931 1091 982 de hominis creatione absque se¬
584 977 1100 1021 xus distinctione, seu discretione.
591 1014 1100 1062 Hic determinate prosequitur de
589 1053 1095 1099 hominis productione cum sexus di
588 1094 1104 1136 stinctione, seu discretione. Et diui¬
588 1132 1102 1174 ditur in duas partes; nam primo do
257 1172 1094 1219 terminat de productione sexus masculini. Secundo de
251 1213 1097 1259 productione sexus soeminini ibi, In eodem quoque para¬
254 1252 1093 1297 diso. Prima in duas; quia primo tractat de primi hominis
248 1289 1084 1337 supernaturali productione. Secundo de eius locali habi
252 1328 1098 1377 tatione, ibi, Hominem autem ita formatum. Prima in
252 1367 1086 1412 duas: quia primo determinat de hominis creatione quan
246 1408 1097 1458 tum ad animae suae naturam. Secundo quantum ad corporis
246 1447 1095 1494 sui staturam ibi, Solet etiam quaeri. Prima in tres: nam pri¬
247 1485 1098 1533 mo ostendit ex scriptura distinctam fuisset formationem
249 1525 1092 1568 corporis primi hominis, e creationem animae. Secundo
244 1563 1085 1607 ostendit circa creationem animae quosdam haereticos per
250 1609 1087 1650 peram, & non recte sapere Tertio inquirit, vtrum anima
247 1650 1085 1691 fuerit creata extra corpus, vel in corpore Secunda ibi, Pu
252 1686 1094 1733 tauerunt enim quidam. Tertia ibi, sed vtrum in corpore¬
240 1719 1088 1762 Sequitur autem illa pare Hominem autem ita formatum
258 1759 1084 1809 Et diuiditur in duas partes: nam primo ostendit paradi¬
246 1805 1086 1846 sum corporalem fuisse primi hominis habitationen. Se¬
261 1833 1092 1894 cundo tangit aliqua spectantia singulariter ad paradisi per
255 1876 1092 1925 fectionem ibi. Intelligitut autem. Et haec in duas; nam pri¬
245 1914 1085 1959 mo tangit perfectionem paradisi ex fructuum vbertate;
249 1954 1078 1999 sontis irriguitate, & situs venustate, puta quia est ad oriet
246 1999 1083 2045 tem posita Secundo tangit eius perfectionem ex ligni v
251 2037 1085 2083 tae bonitate ibi, in hac autem &c. Et haec in duas; nam pri¬
244 2071 1095 2118 mo tangit de ligno, cuius fructus erat homini salutiferus
239 2111 1091 2161 & licitus, Secundo de ligno scientiae boni & mali, cuius
237 2153 1082 2208 fructus erat homini mortiferus, & prohibitus ibi, Cignum
239 2193 1091 2246 autem scientiae boni, & mali. Circa istam. 17. distinctionem
234 2230 674 2281 quaero hanc quaestionem &c.
521 2309 819 2390 Questio. 1.
343 2392 990 2474 An anima intellectiua sit forma sub¬
503 2454 824 2523 stantialis hominis,
479 2802 1073 2865 TRVM anima intellectiua sit forma sut
485 2856 1080 2901 stantialis hominis. Et videtur, quod non
487 2900 1073 2948 quia rei corruptibilis non potest esse foi
483 2934 1077 2980 ma substantialis incorruptibilis; sed ho
487 2982 1082 3025 mo est res corruptibilis: anima autem in¬
474 3024 1086 3069 tellectiua est res incorruptibilis, Vt pa¬
237 3057 598 3112 tet. 3. de anima, ergo &c
276 3092 1085 3163 Contra, illud est forma substantialis alicuius, per quod
1155 245 2003 322 principaliter in esse specisico reponitur, sed homo per ani
1148 313 1992 359 mam intellectiuam reponitur in specle, quia per ipsam homo
1158 348 2000 403 distinguitur specie ab omni non homine: ergo &c. Hic quat
1159 389 2000 434 tuor sunt videnda Primo, vtrum anima intellectiua sit
1158 428 1993 480 composita, Secundo, vtrum sit vna in omnibus homini¬
1155 468 1997 522 bus Tertio, vtrum sit forma substaintialis hominis. Et quar
1152 515 1983 569 to, vtrum creetur a Deo extra corpus, vel in corpore ip¬
1149 542 1340 595 sius hominis
1324 619 1812 694 R ES OLVTIO.
1152 712 1982 783 Anima quidem int ellectiua haud composita est substantiali con
1194 772 1991 822 positione: multiplicatur tamen secundum quod hominei mulit
1179 808 1988 860 plit antur, Vnde forma substant ialis homimis rite esse censetur,
1179 855 1975 906 quam sant impossibile non est fuisse ante sui corporis pvodu¬
1173 890 1981 933 ctionem: licet de facto nec anima primi hominis nec ceterorum
1188 922 1852 988 ent e suorum corperum produft onem praecesserint.
1264 1015 1840 1080 ARTICVLV s 1.
1306 1093 1804 1178 Vtrum Anima intellectua sit
1463 1157 1640 1227 composita
1200 1225 1976 1306 VANTVM ad primum ponam duas conclusiones,
1295 1289 1974 1339 Prima est, quod anima intellectiua non est con
1142 1323 1967 1375 posita compositone iubstantiali, puta ex materia & forma
1170 1368 1970 1415 1 Quia si anima esset composita ex materia, & forma
1143 1402 1973 1447 tuc ipsa non posset esse forma, seu perfectio humanae mate
1143 1447 1981 1494 riae consequens est falsum, vt patebit in tertio articulo con
1144 1483 1975 1533 sequentia patet: quia tunc essent duae purae potentiae si¬
1135 1521 1482 1573 mul in eodem homine
1180 1534 2006 1613 Et confirmatur, quia anima secundum totam suam es¬
1141 1599 1974 1650 sentiam, vt infra patebit, perficit materiam hominis: alias
1135 1641 1968 1689 non esset eius forma substantialis, sed si anima haberet
1140 1688 1975 1729 materiam pattem sui, tunc secundum talem partem ma¬
1137 1718 1982 1766 terialem non posset esse perfectio materiae: quia potentia
1147 1758 1479 1810 on perficit potentiam
1177 1768 1973 1852 2 Praeterea, omnia, quae conueniunt in materia, sic se
1131 1834 1979 1884 habent, quod vni non repugnat, quin possit in alterum
1134 1873 1979 1929 transmutari: sed de anima intellectiua non potest fieri
1146 1915 1976 1958 orpus: quia secundum Aug. 7: super Sen omne corpus
1133 1948 2005 1994 in omne corpus posse mutari, non defuerunt, qui hoc as¬
1132 1994 2005 2047 sererent, corpus autem aliquod, siue terrenum, siue caeleste
1135 2034 1981 2088 conuerti in animam, fierique naturam incorpoream, nec
1146 2072 1856 2120 uemquam sensisse scio, nec fides habet, ergo &c.
1170 2112 1969 2166 3 Praeterea, ibidem ait Augustinus, Situt Deus omne
1127 2156 1973 2202 creaturam, sic anima omnem corporalem creaturam na¬
1129 2195 1967 2234 turae dignitate praecellit: sed si haberet materiam partem
1129 2233 1969 2273 sui, tunc non apparet, in quo omnem corpoream naturam
1127 2268 1973 2311 naturali dignitate praecelleret, alias enim excelleret seip
1129 2307 1967 2355 sam: quia omne, quod habet materiam proprie dictam, ess
1136 2349 1382 2398 natura corporea.
1177 2378 1964 2433 4 Praeterea, sicut duae formae eiusdem rationis non pos
1131 2426 1964 2468 sunt simul perficere eandem materiam, sic vna forma non
1138 2466 1977 2513 potest simul perficere duas materias eiusdem rationis; sed si
1122 2506 1961 2553 anima intellectiua haberet materiam partem sui, tund
1131 2547 1965 2586 vna forma, scilicet illa actualitas ipsius animae simul infor
1131 2584 1965 2636 maret materiam, quae esset pars sui, & materiam, quae es¬
1128 2620 1967 2674 set pars hominis, quae quidem materiae essent eiusdem
1132 2663 1971 2702 rationis: quia ambae essent pura potentia, in qua non po¬
1138 2702 1973 2757 est cadere secundum se distinctio, vt superius probaui de
1120 2737 1436 2792 materia celi: ergo &c
1201 2779 1961 2829 Preterea, ceterae formae materiam informantes, non
1126 2815 1965 2869 sunt compositae ex materia, & forma, vt patet vndique in
1132 2861 1967 2912 in philosophiasergo nec anima intellectiua, consequen¬
1140 2898 1971 2947 ia patet, quia quanto forma est perfectior. & Deo pro¬
1131 2938 1968 2984 pinquior, tanto in sua natura est purior, & minus permi¬
1133 2972 1463 3025 vta materiali potentia
1161 2986 1973 3069 Praeterea, dicit Doethius in lib de duabus naturis, &
1141 3057 1959 3097 na persona Christi, quod omnis natura incorporeae sub
1121 3095 1800 3144 stantiae nullo materiae innititur fundamento¬
