2383 3571
252 285 1106 351 que quandoque naturalis fieret mortui hominis resurrectio.
332 337 1094 399 Praeterea, forma substantialis naturalem debet ha
247 380 1098 423 bere proportionem, & conformitatem ad illud, cuius es
250 418 1103 462 forma, sed incorruptibile ad corruptibile nullam habet
246 456 1103 505 proportionem, & conformitatem: ergo cum anima sit in¬
241 495 1096 539 corruptibilis, & homo sit corruptibilis, anima intellecti
249 535 790 581 ua non poterit esse forma hominis
285 577 761 625 Sed ista con concludunt: igitur
300 604 1106 660 Ad primum respondeo, negando consequentiam. Ad
251 658 1093 705 probationem dicendum, quod quamuis omnia essentia
252 701 1108 742 lia principia sint incorruptibilia: tamen si non manent
255 742 1104 784 coniuncta, ipsum totum compositum ex principiorum ta
242 771 1093 814 lium separatione vere destruitur, & corrumpitur. Datu
244 814 1103 863 enim, quod paries, tectum, & fundamentum, quae sunt prin¬
242 852 1107 905 cipia domus, sint incorruptibilia: tamen si abinuicem se¬
245 892 1019 945 parantur, tota domus destruitur, sic in proposito, &c
294 930 1101 976 Ad secundum nego consequentiam. Ad probationem
249 970 1094 1015 dico, quod separatio animae a corpore proprie loquendo
244 1009 1106 1057 non est violenta, quia cum actus actiuorum sunt in patien¬
242 1056 1107 1095 te, & disposito, vt dicitur 2. de anima: igitur sicut anima
245 1088 1102 1140 naturaliter coniungitur materiae debite dispositae, sic non
236 1128 1103 1173 violenter, sed quasi naturaliter separatur a materia totali
247 1172 1096 1216 ter indisposita, Sed in hora mortis cuiuscumque animali¬
243 1209 883 1259 materia totaliter est indispofita: igitur &c
282 1246 1103 1300 Ad tertium dicendum, quod non quaecumque propor
242 1287 1099 1327 tio requiritur inter materiam, & formam, sed sufficit ta¬
238 1324 1102 1371 lis proportio, quod ipsa materia sit in potentia ad talem
242 1364 1091 1410 formam, & sic perfectibilis per eam. Et sic est in proposi¬
242 1405 436 1459 to: ergo &c.
392 1476 1006 1544 ARTICVLV S IIII
234 1572 1097 1648 Vtrum anima intellectiua creetur a Deo extra cor¬
402 1637 944 1693 pus, vel in corpore ipsius hominis.
255 1700 1094 1768 SVA NTVM ad quartum articulum pono dua
294 1757 575 1811 s conclusiones.
281 1793 1103 1849 Prima est, quod non est impossibile animam rationa¬
241 1838 870 1888 lem esse ante productionem sui corporis.
342 1875 1105 1928 Quia omnem entitatem absolutam Deus potest
246 1915 1102 1966 producere sine quancumque alia entitate absoluta ab ea
256 1959 1107 2000 realiter differente; sed anima rationalis est entitas abso¬
255 1992 889 2032 luta realiter differens a corpore: ergo &c.
259 2037 1097 2079 2 Praeterea, animae non repugnat esse post annihilatio
242 2073 1100 2118 nem corporis, vt superius probaui, cum de angelorum di¬
238 2116 1095 2162 stinctione tractaui; ergo nec ei repugnat esse ante produm¬
244 2150 527 2204 ctionem corporis.
290 2184 1097 2232 Sed huic conclusioni est quaedam opinio contraria, qua
249 2230 1094 2283 ponit, quod simpliciter impossibile sit, animas praeesiste
249 2267 524 2321 re suis corporibus
252 2292 1103 2349 1 Quia terminus generationis non potest praecedere
239 2354 1106 2403 genetationem, sed anima humana est terminus genera
255 2387 494 2439 tionis hominis
262 2423 1097 2467 2 Praeterea, impossibile est formas multiplicari, nis
243 2465 1097 2505 ratione materiae: ergo impossibile est esse plures di¬
255 2504 1110 2558 stinctas animas sine corporibus, in quibus capiunt esse
255 2543 423 2595 distinctum,
292 2574 677 2630 Sed ista non concludunt
297 2625 1100 2675 Ad primum dicendum, quod sicut forma est terminus
251 2672 1115 2715 generationis ad quen: sic est terminus corruptionis a quo:
250 2714 1103 2753 & ideo sicut per generationem acquiritur, sic per corru¬
249 2739 1116 2799 ptionem abiicitur: igitur forma, cui non repugnat esse post
252 2779 1114 2832 aipsam corruptionem, illa per Dei potentiam esse potest
255 2822 749 2870 ante suae materiae productionem.
296 2856 1106 2912 Ad secundum nego antecedens, loquendo de omni-
248 2899 466 2956 potentia Dei.
302 2930 1109 2987 Secundo dico, lquod nec anima primi hominis, nec ani
255 2983 1103 3024 mae ceterorum hominum fuerunt productae ante corpo
249 3016 657 3066 ris humani productionem.
267 3058 1107 3109 1 Quia Dei perfecta sunt opera, sed forma substantia¬
251 3089 1106 3142 lis, cum habeat rationem partis, non habet rationem per
245 3135 1081 3204 fecti producti secundum cursum, quem nunc videmus.
1162 282 1996 353 2 Praeterea, nullum a Deo productum est propria ope-
1141 345 1982 394 ratione destitutum, quia alias esset ociosum: ergo si ani
1152 383 1992 429 ma fuisset antequam corpus, tunc egisset aliquid ante sui
1154 423 1990 469 vnionem ad corpus: talis ergo actio, vel fuisset bona; &
1157 461 1981 503 tunc cum bonis angelis gratiam recepisset, & per conse
1146 502 1994 548 quens cum eis beatificata fuisset: & sic fuisset primo bea¬
1145 538 1989 581 ta, & per coniunctionem ad corpus fuisset misera effecta.
1152 575 1988 618 Vel illa actio fuisset mala; & tunc demeruisset, & per con
1149 618 1982 666 sequens cum malis angelis damnata fuisset: non enim ap
1158 656 1992 711 paret ratio, quare anima habuisset actionem indifferen¬
1149 695 1992 736 tem, cum omnium angelorum actio, in quorum consor¬
1152 735 1787 780 tio fuisset ipsa anima, bona, vel mala fuisset
1182 770 1994 820 Sed contra istam conclusionem est quaedam antiqua
1147 814 1991 855 opinio, quae communiter ascribitur Origeni, quae ponit
1143 856 1998 901 omnes animas a principio simul fuisse creatas, & infundi
1150 891 1994 936 corporibus nobilibus, & ignobilibus secundum merita,
1147 929 1986 986 vel demerita talium animarum. Motiua illius opinionis
1154 971 1409 1015 poterant esse ista.
1151 984 1990 1058 1 Quia omnia produxit Deus a principio vel in se, vel
1142 1047 1987 1091 in suis rationibus seminalibus. Ista patet per Augu. Quia
1149 1086 2013 1138 isto modo saluat Augustinus illud verbium Sapientis. Qui
1147 1127 2014 1170 viuit in aeternum creauit omnia simul: sed animae rationa.
1143 1167 1981 1213 les non sunt educibiles de potentia materiae secundun
1152 1205 1994 1259 rationes seminales: ergo in se, & non in aliqua seminali
1140 1246 1862 1289 ratione a principio creationis productae fuerunt
1155 1288 1986 1339 2 Praeterea, vt patet per doctores super primo capitu¬
1147 1328 1997 1376 lo Cene triplex Dei opus describitur in illis diebus crea
1146 1366 2001 1404 tionis, scilicet opus creationis, distinctionis, & ornatus.
1142 1406 1984 1452 Opus autem creationis fuit ante omnem diem: ergo cum
1143 1452 1988 1492 animae solum per opus creationis sint productae, videtur,.
1151 1484 1973 1535 quod cum angelis ante omnem diem fuerint productae.
1161 1529 1987 1571 3 Praeterea, saltem de anima primi hominis videturi
1154 1558 1989 1608 quod ate corpus suum fuerit producta, quia 7. super Qen¬
1143 1595 1988 1653 dicit Aug. Deum in illis primis operibus, quando simul
1140 1638 1991 1685 omnia creauit, animam etiam humanam creasse, quam suo
1146 1677 1969 1723 tempere membris corporis ex limo formatis inspirauit.
1158 1718 1994 1769 4 Praeterea, in libro de spiritu & anima dicitur, quod
1143 1753 1988 1797 anima antequam corpori vniatur, habet irascibilitatem.
1149 1796 1992 1844 & concupiscibilitatem, sed haec non possunt inesse ani¬
1152 1834 1789 1879 mae, antequam anima sit producta: ergo &c.
1183 1874 1652 1926 Sed ista opinio stare non potest
1151 1904 1990 1960 1 Quia expresse dicit Augustinus, quod animas Deus
1146 1958 1950 2003 creando infundit suis corporibus, & infundendo creat
1158 1989 1994 2039 2 Preterea, Hieronvmus in svmbolo fidei, quem fecit,
1147 2029 1993 2081 ait sic. Eorum condemnamus errorem, qui dicunt animas
1143 2081 1988 2132 ante peccasse, vel in caelis conuersatas fuisse, quam in cor¬
1155 2112 1414 2160 pora mitterentur.
1154 2156 1997 2202 Ad primum igitur dicendum, quod illa verba Augusti¬
1155 2188 2013 2244 ni intelligenda sunt de talibus, quae producuntur tamquam
1152 2229 2004 2270 entiam in se, &p se existentia; quia quotidie creat Deus gra
1148 2269 2002 2313 tiam gratum facientem in conuersione peccatorum, quam
1149 2311 1994 2356 tamen in principio creationis noc produxit in se, nec in
1147 2347 2000 2393 aliqua ratione seminali. Cum igitur anima non produ¬
1146 2391 1987 2433 catur, vt aliquid in se subsistens, sed, vt forma materiam
1169 2425 1444 2477 erficiens: ideo &c
1191 2464 1790 2515 Ad secundum d icendum eodem modo.
1191 2502 1990 2554 Ad tertium dicendum, quod hoc Augustinus non di¬
1152 2541 1993 2588 cit assertiue. Vnde ibidem dicit, quod, si alia dicta possunt
1157 2585 1984 2641 melius intelligi, non solum non resisto, verum etiam fa
1146 2616 1991 2674 uco. Vnde Augustinus oppositum illius videtur tenere
1153 2666 2000 2712 quia cum pertractat illud verbum Sen. & inspirauit in fa
1146 2700 1991 2749 ciem eius spiraculum vitae, & factus est homo in animam
1151 2743 1997 2791 viuentem, Augustinus expresse vult, quod istud spirare fuit
1149 2782 1991 2822 animam facere. Et ideo non fuit anima prius, quam cor¬
1160 2819 1999 2861 pus, sed saltem via naturae corpus fuit prius, quam anima,
1157 2868 2001 2912 quia ante illud spirare Deus formauit corpus Adae, vt pa¬
1145 2900 1995 2947 tet in litera, quia haec verba ibi praecedunt, Formauit
1151 2935 1988 2981 igitur dominus Deus hominem de limo terrae, & in¬
1144 2974 1332 3027 spirauit &c.
1192 3004 2003 3058 Ad quartum dicendum, quod illud ante est secundum
1157 3056 2009 3103 naturam, non autem secundum temporis durationem, quia
1161 3091 2005 3141 rascibilitatem, & ceteras consimiles passiones anima non
1151 3128 2009 3180 habet a corpore, sed ecouerso corpus eas habet ab anima
