2377 3563
379 276 1244 354 Ad argumentum principale dicendum, quod licet substam¬
379 334 1238 383 tia incorruptibilis non possit esse forma rei corruptibilis.
384 379 1238 428 sic, quod educatur de potentia materiae rei corruptibilis; po¬
388 416 1169 470 test tamen eius esse forma per infusionem creatoris.
510 530 1126 613 DISTINCTIO SVtIl
384 657 1238 732 perspicua huius distinctionis diuisio, in qua de mu¬
570 719 1071 782 lieris formatione probe agitur.
717 845 1248 891 N EODEM QVO QVE &c. Post¬
727 885 1248 942 quam visum est de viri productio¬
735 922 1254 971 ne, hic videdum est de mulieris for
719 966 1237 1019 matione. Et diuiditur in duas par¬
726 1006 1240 1060 tes: nam primo Magister determi-
720 1039 1240 1098 nat, qualiter mulier producta fue¬
735 1080 1247 1139 rit quantum ad corporis substan¬
717 1131 1254 1176 tiam. Secundo, quomodo creata sit
390 1164 1249 1214 quantum ad animam, ibi; Quemadmodum mulieris. Pri¬
395 1200 1248 1256 ma in duas: nam primo ostendit, quomodo, & quare cor¬
405 1236 1240 1294 pus fuae de costa ipsius Adae fuerit formatum. Secundo
390 1278 1243 1328 mouet quasdam quaestiones circa illius corporis materia,
396 1318 1240 1367 le principium, ibi, Solet etiam quaeri. Et haec in tres: nam
396 1360 1238 1419 primo quaerit Magister, cum corpus mulieris formatum
397 1394 1239 1442 tuerit de costa, vtrum aliqua materia fuerit illi costae ad¬
396 1444 1237 1491 dita. Secundo innuit, quod ministerio angelorum forma
405 1475 1237 1527 tio illius corporis fuerit peracta. Tertio inquirit, vtrum i
406 1519 1247 1562 lud corpus praefuerit secundum rationem seminalem in
408 1552 1249 1601 costa memorata. Secunda ibi, lllud etiam. Tertia ibi, Sed
402 1597 1244 1647 quaeritur an ratio. Et haec in duas: quia primo ostendit, quod
407 1631 1244 1677 ea, quae naturaliter fiunt, sunt secundum rationem semi-
397 1673 1241 1718 nalem in potentia creaturae:. Secundo, quod ea, quae miracu¬
402 1708 1249 1760 lose fiunt, non secundum rationem seminalem in poten¬
402 1753 1253 1797 tia creaturae, sed solum in Dei potestate. Secuda ibi, Om
405 1787 1257 1837 nium igitur rerum causae. Circa istam distinctionem deci
403 1835 1068 1880 mamoctauam quaero hanc quaestionem.
699 1903 988 1983 Questio. 1.
481 2011 1233 2074 An corpus fuae prefuerit in costa Adae.
648 2416 1250 2466 IRVM corpus fue praefuerit potentiali¬
654 2461 1258 2503 ter in costa Ade. Et videtur, quod non
562 2453 603 2527 A
665 2499 1258 2547 quia quod est in potentia in aliquo, hoc
657 2530 1251 2580 per agens naturale potest educi de illo
660 2572 1257 2627 sed corpus fuae per nullam naturalem po¬
641 2605 1253 2661 tentiam potuit educi de costa Ade: ergo &c
432 2650 1264 2702 Contra, omne, quod factum est de altero, hoc praefuit
412 2693 1256 2738 in illo, de quo est factum ante, quam ex eo fieret: sed secu
418 2730 1265 2778 dum sacram scripturam corpus Euae factum fuit de costa
421 2765 1255 2817 Adae: ergo &c. Quia doctores circa materiam istius deci¬
408 2813 1258 2858 mae octauae distinctionis inuestigant de praeexistentia re¬
409 2844 1260 2895 rum ante suum actuale esse, ideo quattuor sunt hic viden
423 2890 1263 2934 da. Primo, vtrum productarum rerum entitates secun¬
408 2930 1252 2972 dum aliquam sui realitatem ante sui productionem prae¬
408 2965 1257 3018 fuerint ab aeterno. Secundo, vtrum res productae praefue¬
408 3007 1262 3052 rint in materia secundum rationes seminales. Tertio de
407 3044 1265 3093 eo, quod quaeritur. Et quarto, vtrum de costa Adae fuerit
414 3080 1253 3133 factum corpus fuae sine additione nouae materiae, vel ali
400 3121 734 3177 tuius rei materialis.
1457 321 1948 404 RES OLVTI O.
1289 401 2148 495 Nallam sane creaturam secundum entitatem aliquam condistin¬
1323 472 2140 528 ctam ab eatitate creatoris ab aetevno fuisse coctat: uerum Dei
1320 518 2138 569 potentia possibilis quidem erat, licet huiusmodi potentia ereqtu
1320 549 2141 598 rae haud extrinseca extiterit. At vero, cum rationes seminales
1329 583 2143 641 nil aliud sint, quam habilit ates quaedam, seu aptitudines a Deo
1320 635 2140 682 indit ae vebus naturalibus, ex quibus vres naturales sunt apta
1328 667 2141 720 nat ae causare iffectus natur ales secundum suas potentias acti¬
1326 713 2160 762 uas & passiuas: sequitur, corpus fuae haud praefuise in costa
1332 744 2149 802 Adae secundum naturalem potentiam, licet tamen praefuerit
1332 783 1823 847 secundum potentiam obeditntialem.
1436 871 2007 941 ARTICVLVS I.
1284 987 2139 1062 Vtrum productarum rerum entitates secundum ali¬
1367 1044 2066 1126 quam siu realitatem ante sui productionem
1535 1100 1909 1170 prefuerint ab eterno.
1363 1183 2157 1236 VA N TVM ad primum primo pono hanc con¬
1363 1225 2142 1272 clusionem, quod creatura secundum nullam sui
1298 1263 2136 1317 entitatem suit ab aeterno; ita, quod talis entitas distinct
1295 1302 2147 1357 esset realiter ab entitate creatoris. Secundo dico, quod
1293 1343 2144 1396 creatura potentia Dei possibilis fuit ab aeterno, non poten
1298 1391 1645 1437 tia extrinseca creaturae
1302 1419 2151 1472 1 Primum probo uc. lllud, quod simpliciter fit de ni¬
1284 1469 2138 1513 hilo, secundum nullam entitatem sui distinctam a facien
1297 1507 2144 1554 te, praecedit suam factionem. lsta patet: quia da oppositum;
1291 1546 2141 1589 tunc non fieret simpliciter de nihilo: sed illud, quod crea
1302 1579 2141 1635 tur, simpliciter fit de nihilo. Nam in hoc differt creatio a
1311 1617 2154 1669 eneratione: quia generatio aliquid praesupponit, creatio
1296 1664 1460 1717 vero nihil
1305 1678 2143 1759 2 Praeterea effectus non differt a sua causa, quousque
1306 1734 2142 1784 procedat ab ea: sicut ait Proclus, sed creatura non habet
1293 1776 2141 1830 aliquod esse productum a Deo ab aeterno; ergo non diffe
1302 1822 1481 1869 cebat ab eo.
1359 1854 2144 1911 Praeterea, quamdiu res solum habet esse in potentia
1290 1893 2153 1946 Dei, tamdiu non habet aliquam entitatem differentem
1296 1932 2144 1983 a Deo: sed, vt ait Anselm, de casu diaboli, creatura ante
1291 1973 2157 2026 sui productionem solum fuit in potentia Dei. Et ibidem
1293 2013 2160 2066 dicit, quod mundus ante quam fieret a potentia Dei, nihil
1292 2066 2141 2101 erat: &impossibile erat eum esse potentia propria.
1309 2086 2156 2140 4 Praeterea, quaecumque aequaliter dependent ab ali
1301 2136 2154 2184 qua causa, aequaliter producuntur ab ea: sed omnis enti¬
1296 2168 2150 2221 tas creaturae aequaliter, & immediate dependet a Deo,
1302 2211 2166 2266 igitur nulla entitas creaturae poterit esse aeterna, & non
1305 2254 1447 2306 producta.
1308 2292 2154 2340 3 Praeterea, si quaelibet creatura praefuit ab aeterno se¬
1305 2331 2145 2375 cundum aliquam sui entitatem, tunc etiam materia prae¬
1296 2356 2165 2416 fuit, sed entitas materiae, quae praesuit, non potuit esse nisi
1303 2417 2150 2458 tota materia; ergo si aliqua entitas materiae praefuit ab ae¬
1301 2452 2159 2498 terno, tunc tota materiasuit ab eterno, & sic nulla res ma
1310 2486 2145 2535 terialis creata esset: quia omnes factae fuissent de praeiace¬
1313 2522 2159 2576 te materia, quod est contra fidem. Maior patet, probo mi
1314 2571 2157 2614 norem, quia cum materia sit prope nihil, vt ait Augusti¬
1309 2609 2156 2656 nus, & sit medium inter ens, & nihil, vt ait Commenta¬
1309 2646 2154 2699 tor, & ideo illa entitas materiae, quae preesset, non posset
1304 2692 1912 2736 esse minor, quam tota entitas materie.
1350 2725 2156 2777 bed contra istam conclusionem, quam reputo verissi¬
1314 2760 2156 2808 mam, & catholicae fidei conformem, sunt aliqui doctores.
1308 2803 2160 2848 Quorum vnus ponit omnes creaturas ab aeterno non so¬
1317 2843 2153 2890 um habere esse cognitum a Deo, sed esse constitutum:¬
1312 2866 2157 2934 Deo in ratione causae formalis exemp laris in esse predi¬
1317 2919 2159 2972 tamentali, & reali essentiae, & quidditatis realiter diffe¬
1307 2967 2165 3013 rentis a natura diuina. Et istae creaturae actu quantum
1306 3009 2165 3052 ad esse essentiae constitutae a Deo secundum ratio¬
1317 3036 2152 3083 nem exemplarem ab aeterno, dicuntur esse in poten¬
1318 3076 2159 3124 tia ad esse existentiae, vt scilicet a Deo constituan¬
1304 3110 2159 3182 tur in esse existentiae secundum rationem causae es¬
