2400 3551
432 259 1289 325 iste inuisibilis, qui erat in Dei sapientia ad cuius similitu
439 317 1276 367 dinem factus est hic mudus visibilis: haec autem visibilia
446 352 1279 412 antequam fierent, non erant. Et tunc immediate Augusti
444 392 1289 445 nus mouet vnum dubium dicens. Quomodo Deo nota
432 433 1280 476 erant, quae non erant: aut quomodo fierent, quae sibi nota
429 471 1274 522 non essent: Respondet Augustinus dicens, quod antequam fis
444 513 1276 559 rent, & erant, & non erant; erant. n. in Dei scientia: & no
440 553 1293 597 erant in sua natura. Et idem Aug. 5. super Sen, ait. Crea¬
431 594 1279 637 tura omnis secundum esset, quod habuit ab aeterno, vita
445 629 1289 676 erat, propter quod solum habebat esse in Deo. Et eadem
440 674 1019 724 sententiam ponit Ansel. Monologion.
480 699 1283 758 Ex his igitur, & multis alijs sanctorum auctoritatibus
458 748 1289 803 pparet, non solum illos de primo modo ponendi istam
445 786 1289 829 opinionem, verum etiam illos de secundo modo falsum
440 823 1290 873 dicere in hoc, quod ponunt creaturam ab aetern o fuisse secu¬
449 862 1280 913 dum aliquam sui entitatem realiter differentem ab ipso Deo.
453 903 1281 946 2 Praeterea, istud possibile oblectiuum, quod isti de se
435 943 1281 991 cundo modo dicendi ponunt, vel diceret maiorem enti¬
450 985 1290 1024 tatem, quam essentia materiae, vel minorem, vel aequa¬
442 1022 1273 1067 lem. Si maiorem, tunc minus praesupponeret generatio
440 1060 1277 1109 quam creatio. Si minorem, tunc essentia materiae non es¬
441 1098 1281 1147 set pura potentia. Si aequalem, tunc creatio non esset ma
444 1143 1289 1195 gis de nihilo, quam ipsa generatio; quae omnia sunt absur
444 1177 722 1231 da & impossibilia,
457 1224 1279 1265 Ad primum igitur d e primo modo dicendi nego con¬
449 1256 1287 1300 sequentiam. Ad probationem dicendum, quod essentia
455 1298 1285 1340 liuina ab aeterno fuit exemplar creaturarum, non quae
450 1330 1037 1386 tunc essent, sed quae in tempore fierent
477 1377 1286 1419 Ad secundum dicendum, quod hoc argumentum non ma
447 1409 1280 1454 pis concludit de essentia rerum, quam de existentia: quia
443 1444 1288 1495 Deus ab aeterno, & in tempore aeque perfecte cognoscit
437 1492 1290 1537 existentias rerum sicut essentias. Ad formam tamen ar¬
447 1533 1283 1582 gumenti dicendum, quod Deus ab aeterno cognouit essen¬
445 1568 1286 1624 tias rerum, non quae tunc essent: sed quae per sui potentiam
445 1609 1157 1663 in tempore, dum sibi placeret, fieri possent.
492 1645 1277 1693 Ad tertium nego consequentiam: quia quamuis illud
444 1687 1280 1735 quod Deus cognouit de creaturis, esset creabile, tamen
438 1727 1284 1770 nec illud fuit ab aeterno, nec diuina essentia erat creabi¬
440 1765 1289 1813 lis: sed sufficit quod diuina essentia talia comprehendat vir¬
450 1806 1280 1855 tualiter ad hoc, quod ipse Deus talia distincte cognoscat, cum
445 1845 1280 1887 enim Deus perfecte cognoscit essentiam suam, tunc per¬
443 1888 1286 1936 fecte cognoscit omne creabile contentum virtualiter in
440 1919 619 1973 sua essentia
485 1958 1286 1998 Ad quartum dicedum, quod Deus non cognouit treatu¬
440 1991 1295 2048 ras ab aeterno esse creabiles, & possibiles fieri, potentia pas
440 2038 1280 2083 siua se tenente ex parte creaturae: sed cognouit eas esse
454 2077 1289 2120 possibiles potentia actiua se tenente ex parte creatoris,
440 2120 1289 2167 seu suiipsius. Et ideo creatura ab aeterno extra Deum non
448 2155 1280 2194 habuit aliquod esse reale, nec per consequens aliqua re¬
442 2193 1283 2238 latio realis fuit ab eterno inter essentiam rei creatae, &
447 2231 1296 2269 intellectum diuinum cognoscentem huiusmodi essentiam
458 2268 761 2322 sse possibilem fieri.
487 2309 1292 2357 Ad quintum nego minorem. Ad probationem dicen¬
448 2348 1286 2397 dum, quod non est simile, quia dato, quod rosa non existat
445 2390 1292 2432 actu; est tamen in suis causis naturalibus & propinquis.
448 2425 1277 2480 Etiam est in potentia passiua materiae, quae est vna de cau
437 2472 977 2517 sis intrinsecis rei naturalis.
474 2508 1278 2557 Ad sextum dicendum, quod vt superius patuit, creaturae ab
447 2543 1278 2590 aeter no habuerunt esse viuum in essentia creatoris.
486 2582 1289 2632 Alias inuenitur sic. Posset etiam dici, quod Aug. ibi lo
448 2630 1283 2674 quitur de cognitione nostra, & non de cognitione Dei
456 2662 1274 2718 uam nullum esse creaturae potest praecedere, cum Dei com¬
453 2696 890 2747 nitio sit simpliciter aeterna.
474 2744 1277 2790 Ad primum de secundo modo dicendi nego minorem
474 2781 1277 2831 Ad primam probationem dicendum, qud illud verbum
448 2816 1283 2877 Auic. est intelligendum de his, quae incipiunt esse in tempo
439 2857 1274 2901 re per motum & transmutationem virtute agentis naturalis
484 2895 1280 2934 Ad secundam probationem nego consequentiam: quia nul¬
448 2934 1279 2975 a impotentia ex hoc apparet in agente, quia non facit il
454 2975 1270 3024 ud, quod effectus actum esse non patitur. Vnde lapis ab
439 3013 1273 3057 aeterno possibilis fuit creari, eo quod Deus ab aeterno po
435 3046 1282 3091 tuit eum creare Posse n. creari est propter posse creare, &
435 3091 1276 3144 non econuerso, cum potentia prius dicatur de potentia acti
1329 266 2177 325 ua, quam passiua, vt patet. 5. meta. Et licet isto modo possi
1337 313 2167 363 bilitatis creaturae causa sit potentia creatoris: impossibil
1325 362 2177 406 tatis tamen entis prohibiti non oportet assignare aliam
1339 393 2166 438 tausam, quam ipsammet repugnantiam terminorum
1346 428 2180 477 Ad secundum nego consequentiam: quia quamuis ens
1332 467 2177 511 creabile ab aeterno minus fuerit non ens, quam ens prohi
1344 509 2171 557 itum in hoc, quod sibi competebat negatio repugnantiae ad
1342 547 2173 602 posse produci: ex hoc tamen non oportebat ipsum creabi
1328 586 2176 639 le ab aeterno fuisse secundum ;aliquam sui potentiam pas
1328 631 2174 678 siuam, seu subiectiuam: sed ad hoc sufficiebat continentia
1326 666 2164 715 virtualis, qua continebatur in potentia actiua creatoris.
1365 703 2172 750 Ad tertium dicendum, quod potentia, quae cum actu di
1325 743 2171 786 uidit ens reale, vel est potentia subiectiua, vel est poten¬
1327 782 2164 836 tia obiectiua talis, quae realiter fundatur in subiectiua: sec
1339 826 2177 870 tum creatura, vt extra creatorem concipitur, dicitur fuis¬
1332 863 2170 914 se in potentia ab aeterno: talis potentia nec est subiectiua
1329 906 2172 948 nec est potentia obiectiua, quae immediate fundetur in su
1329 944 2174 985 biectiua: sed est mere obiectiua, quae non est alterum di¬
1326 982 2177 1036 uidentium ipsum ens reale. Et ide o quod sic est in poten
1327 1019 2031 1065 tia, non oportet esse ens reale.
1353 1063 2177 1112 Ad quartum nego minorem: ad probationem dicendum,
1340 1098 2165 1151 quod relationes reales secundi modi, vt apparet. 5. meta
1333 1142 2180 1188 non fundantur quomodocumqe in potentijs: sed vel fun¬
1337 1176 2175 1220 dantur in actione & passione, vel in potentia, vt per ipsam
1325 1216 2181 1274 elicita est actio, & illata ipsa passio: sed ab aeterno nec fuit
1338 1255 1748 1307 ctio, neque passio: ergo &c
1375 1293 2179 1342 Ad quintum dicendum, sicut etiam alias dixi, quod com¬
1320 1334 2173 1382 mutata proportio vniuersaliter, & gratia formae non tenet
1329 1373 2167 1422 nisi in terminis quantitatiuis, Posset etiam tota illa dedu
1330 1408 2183 1460 ctio concedi de possibili potentia subiectiua, non autem
1338 1449 2183 1504 de possibili potentia obiectiua, quae res ponitur in solo
1342 1487 1802 1535 sse cognito, & non reali.
1347 1528 2188 1583 Secunda conclusio, scilicet quomodo creatura ab aeter
1329 1571 2189 1612 no fuit possibilis, non potentia intrinseca, sed extrinseca,
1326 1619 2165 1667 patet per iam dicta: ideo transeo causa breuitatis.
1451 1680 2161 1743 AR TICVLVS II.
1355 1766 2146 1832 Vtrum res productae prefuerint in materia secun¬
1546 1818 2152 1887 dum rationes semmales.
1410 1920 2161 1972 VANTVM ad secundum articulum, duo videnda
1338 1955 2170 2006 sunt. Primo quid sint rationes seminales. Secudo
1328 2006 2171 2046 qualiter res productae, seu formae rerum productarum di¬
1326 2045 2168 2097 cuntur praeesse in suis causis naturalibus ante sui produ¬
1326 2075 2102 2127 ctionem secundum huiusmodi rationes seminales.
1375 2119 2166 2176 Quo ad primum dico, quod rationes seminales sunt que
1344 2159 2170 2205 lam habilitates, seu aptitudines a Deo inditae rebus na¬
1338 2197 2180 2240 turali bus, ex quibus res naturales sunt aptae natae causare
1335 2238 2175 2285 naturales effectus secundum suas potentias actiuas, & pas
1335 2277 2171 2330 uiuas. Tanta enim est imbecillitas rerum naturalium quod
1345 2315 2167 2370 ine huiusmodi habilitatibus, seu aptitudinibus, effectus
1335 2352 2171 2398 suos producere non possunt; dato etiam, quod habeat vir
1338 2396 2170 2439 tutes suas actiuas & passiuas; non enim germinauit terra
1336 2437 2165 2487 herbam virentem, antequam Deus tertia die huiusmod
1333 2469 2179 2517 habilitates, quae sunt rationes seminales, sibi indidit, cum
1323 2512 2176 2558 dixit, germinet terra herbam virentem habentem semen
1325 2549 2167 2592 &c. Et eodem modo de volatilibus & aquatilibus quin¬
1336 2588 2175 2641 ta dic: & hominibus & ceteris animalibus sexta dic: non vi
1333 2626 2171 2687 detur igitur aliud esse rationes seminales, nisi ordo qui¬
1341 2670 2170 2714 lam, vel habitudo actiuorum ad passiua, & econuerso, se¬
1328 2707 2168 2766 cundum quod diuina benedictione principia passiua de¬
1332 2744 2147 2786 bite, & ordinate subdita sunt actiuis.
1333 2781 2164 2830 Vnde secundum Aristo. ad rerum generationem non sul
1334 2828 2168 2871 iciunt duo principia, scilicet materia & forma: sed neces¬
1339 2859 2168 2916 grio requiritur ipsa priuatio. Propter quod Arisrepren¬
1336 2899 2164 2946 lit Platonem. 1. physic, eo, quod despexisset priuationem
1324 2939 2165 2991 sic et, secudum Aug. tria sun t oium rerum naturalium prin
1323 2977 2171 3026 cipia, scilicet materia, forma & rationes seminales. Vnde
1323 3019 2165 3062 melius exprimit illud tertium rerum principium per Au
1338 3050 2162 3107 ustinum, quam per Aristotelem. Quia priuatio secudum
1336 3094 2168 3160 Aristotelem, est carentia formae cum aptitudine ad eam, ita
