2393 3559
459 241 1264 319 Ad quintum dicendum, quod illa habitudo matetia
427 306 1258 358 ad formam, quae est in potentia, non est rel atio reali
429 341 1249 390 actu, sed aptitudine. Et ideo non oportet, quod actu ha
434 382 1256 437 heat terminum realem, sed sufficit talem terminum ess
426 422 1270 473 in suis causis absque reali distinctione sui ab huiusmodi
429 461 1273 512 causis; cum autem talis terminus, scilicet ipsa forma secun
429 496 1267 551 dum propriam suam entitatem distincte a suis causis po
429 546 1268 591 netur in esse proprio, tunc etiam talis relatio, quam ter¬
429 580 1130 640 minat, erit actualis; quia actualiter terminatur
462 628 1258 667 Ad sextum dicendum, nego maiorem: quia agens agi¬
442 653 1267 705 propter finem non acquisitum: quia, habitibus praesenti¬
435 702 1261 751 bus cessat motus: sed mouetur, & agit propter finem ac
443 743 1265 793 quirendum, qui in se formaliter non est, & tamen appe¬
440 779 666 829 titur ab agent e
471 815 1274 865 vel dicendum, quod quamuis forma, quam appetit
434 847 1280 904 materia in se, & formaliter nihil sit est tamen aliquid dis
435 894 1274 949 positue, puta in suis dispositonibus, quae sunt in materia
441 924 1274 992 inclinantes eam ad appetendum formam, ad quam dis¬
436 982 569 1028 ponunt.
582 1036 1165 1115 ARTI CV LV S lIt
594 1132 1057 1213 Vtrum corpus Fuae praefueri
774 1186 951 1267 costa.Ade,
489 1292 1280 1389 VANTVM ad tertium principale pono duas con¬
582 1362 794 1414 clusiones.
483 1371 1264 1450 Prima est, quod corpus fuae non praefuit in costa Ada
435 1429 1274 1484 secundum potentiam naturalem: quia illud non est in
429 1468 1274 1523 aliquo secundum potentiam naturalem, quod non est in
432 1512 1271 1560 eo secundum rationem seminalem, sed corpus fuae non pro
448 1556 1268 1616 fuit in costa Adae secundum rationem seminale: ergo &c
447 1590 1035 1647 maior & minor patent ex praecedentibus
487 1613 1268 1683 Secunda conclusio est, corpus fuae praefuit in costa Ada
447 1673 1267 1723 secundum potentiam obedientialem. Quia quicquid vi
447 1719 1273 1762 tute diuina fit de aliqua re materiali, quod virtute natura
442 1746 1280 1800 lis agentis fieri nequaquam potuit, hoc praefuit in illa re
444 1795 1271 1838 ma teriali saltem secundum potentiam obedientialem
441 1827 1281 1888 sed corpus fuae virtute diuina fuit factu de costa Adae, &
444 1872 1161 1922 nulla natur ali virtute hoc poterat fieri: ergo &c
481 1907 1277 1959 Est tamen hic aduertendum, quod si quandoque inue
451 1954 1280 1993 nitur in dictis beati Augustini, illud corpus praefuisse in
448 1987 1274 2039 costa Adae secundum rationem seminalem: tunc ibi acc
440 2020 917 2088 pi tur ratio seminalis improprie
458 2074 612 2121 tex: n o¬
580 2113 1284 2208 ARTICVLV S II.
454 2227 1272 2283 Vtrum de costa. Adae fuerit factum corpus ruec sin
542 2274 1190 2350 additione nouae materiae, vel alicuius rei
766 2329 971 2397 materialis.
543 2424 1275 2513 VANTVM ad quartum principale pono dua
594 2491 803 2547 conclusiones.
482 2532 1273 2580 Prima est, quod Deus potest de re corporali parua fa
449 2576 1273 2629 cere corpus magnum sine rarefactione, & sine nouae ma
446 2608 673 2673 teriae additionem
482 2620 1272 2695 1 Quia non apparet maior difficultas in isto, quam cre
460 2695 1278 2745 re quod cumque corpus de nihilo, sed istud potest Deu¬
457 2724 971 2780 vt declaratum est superius: ergo &c
478 2733 1280 2817 2 Praeterea, ista est expressa sententia Hugonis. 1. lib
460 2804 1280 2859 de sacramentis, vbi ponit quattuor, quae solus Deus po¬
453 2842 775 2903 test, & nulla creatura
449 2856 1282 2942 Quorum primum est, quod Deus potest aliquid face
441 2919 641 2976 re de nihilo
462 2933 1276 3020 Secundum est, quod Deus potest aliquid conuerte
447 2999 615 3052 re in nihil¬
459 3018 1277 3088 Tertium est, quod potest de paruo facere magnum, e
456 3080 941 3145 non rarefacto, nec aliquo addito.
1323 255 2153 318 Quartum, quod Deus potest de magno facere paruum.
1320 296 1922 350 eo non condensato, nullo inde substracto
1340 319 2152 390 Sep contra istud est doctor commuuis in summa parte
1316 377 2145 432 prima. q. S2. artic. 3 n solutione primi argumenti, vbi si
1317 416 2141 468 ait. Quidam dicunt per multiplicationem materiae abs
1326 450 2144 511 que alterius additione formatum fuisse corpus mulieri
1319 498 2156 545 scilicet fuae ad modum, quo Deus quinque, panes multi
1321 531 2159 586 plicauit: sed hoc est omnino impossibile; quia multiplica
1324 575 2150 624 tio praedicta, aut accidit secundum transmutationem sub
1318 608 2141 653 stantiae ipsius materiae, aut secundum transmutationen
1320 648 2153 702 dimensionum eius. Non secundum transmutationem sub¬
1314 686 2154 742 stantiae ipsius materiae, tum quia materia in se considera¬
1316 739 2142 782 ta est omnino intransmutabilis: vt pote existens in pot
1321 765 2153 816 tia, & habens solum rationem subiecti: & ideo nullo mo
1317 804 2143 860 do potest multiplicatio materiae intelli gi, eadem mate
1327 856 2153 898 ria manente absque additione, nisi per hoc, quod ma¬
1330 883 2137 938 ores accipiat dimensiones: hoc autem est rareheri, vt d
1324 936 2153 977 cit philosophus. 2. physicorum. Dicere ergo materiam mus
1316 960 2149 1013 tiplicari absque rarefactione, est ponere contradictoria
1321 996 2138 1048 scilicet diffinitionem absque diffinito. Vnde cum non a
1317 1044 2154 1092 pareat rarefactio in talibus multiplicationibus, necesse
1329 1077 2146 1137 est ponere additionem materiae: Haec sunt verba istiu
1329 1117 1697 1183 doctoris fideliter recitata
1335 1133 2147 1219 Et istud confirmant aliqui sequentes istum docto
1326 1196 1439 1250 rem sic¬
1394 1210 2147 1289 lmpossibile est totum aequari parti: quia omne toti
1325 1276 2162 1323 est maius sua parte: sed costa Adae aequabatur secundum
1336 1314 2161 1374 materiam alicui parti corporis Fuae; ergo non aequabitur
1314 1354 1987 1409 secundum materiam toti corpori ipsius fuae.¬
1354 1374 2151 1446 2 Praeterea, Deus non potest facere corpus mixtum si
1323 1445 2165 1499 ne materia: ergo pari ratione non potuit facere tantum
1327 1472 1790 1526 corpus sine tanta materia.
1356 1485 2169 1562 3 Praeterea, isto modo ex materia, quae est in grano mi
1336 1555 2161 1612 ii, posset fieri totus mundus, quod est inconueniens, vt
1323 1587 1480 1644 isti dicunt
1371 1602 2150 1679 bed ista contra praedictam conclusionem non concludunt
1372 1666 2150 1720 1 Quia Deus sua actione potest immediate produce
1332 1712 2156 1760 re essentiam materiae, & per consequens, tamquam plent
1323 1745 2149 1799 habens dominium super ipsa essentia materiae potest qu
1326 1781 2159 1836 uiscumque modicam materiam informare sine rarefactio
1326 1831 1904 1884 ne quamuiscumque magna quantitate
1369 1842 2152 1916 2 Praeterea, quando aliqua sunt omnino indifferenti
1330 1901 2151 1948 tunc ab eo, qui habet plenum dominium super ea, aequa
1326 1944 2165 1995 lis quantitas potest in vtrumque induci, salua similitudi
1335 1980 2165 2032 ne in raritate, & densitate, sed materia, quae est sub grano
1332 2023 2162 2074 milii, & materia maioris montis totius mundi considera
1322 2058 2156 2108 ta secundum suam essentiam sunt omnino indifferentes
1338 2099 2159 2151 cum in pura potentia nulla discernatur differentia seu d
1335 2135 2174 2182 stinctio, vt patet. 1. metaph actus enim est, qui distingit, vt
1332 2178 2165 2229 dicitur 3. de anima: ergo per potentiam Dei, salua simili¬
1326 2215 2171 2277 tudine raritatis & densitatis, potest quantitas illius mon
1328 2254 1837 2315 tis induci in materiam grani milii¬
1344 2267 2161 2350 3 Praeterea, actiones diuersae per essentiam possun¬
1336 2334 2168 2384 diuina virtute abinuicem separari: sed extensio, & rarefa¬
1332 2378 2168 2430 ctio eiusdem materiae sunt diuersae acti ones essentialiter
1331 2416 2173 2464 & realiter differentes: ergo sine rarefactione poterit Deus
1331 2453 2162 2501 ipsam materiam extendere Cuius oppositum assumit isti
1335 2495 2161 2543 doctor in sua probatione. Maior patet, probatio minoris
1337 2535 2168 2580 quia essentialis ratio actionum sumitur a terminis, vt pa¬
1340 2571 2162 2626 tet. 5. physic, sed terminus extensionis, qua ex paruo fi
1338 2614 2167 2660 magnum, est in predicamento quantitatis, & terminus ra
1341 2655 2161 2707 refactionis, qua de denso fit rarum, est in praedicament,
1338 2687 1475 2742 qualitatis
1371 2703 2174 2773 Et confirmatur, quia prius virtute diuina potest separa
1331 2769 2184 2828 ri a posteriori; sed quantitas est prior qualitate: ergo ex¬
1338 2812 2176 2851 tensio, vel augmentatio eiusdem materiae, quae termina¬
1332 2848 2152 2904 tur ad quantitatem, potest virtute diuina separari a tare
1338 2885 1923 2927 factione, quae terminatur ad qualitatem.
1361 2918 2162 2979 His premissis respodendum est rationibus istorum doctorum
1361 2965 2168 3019 Ad primum igitur dico, quod istud fit secundum trams¬
1340 3007 2171 3054 mutationem dimensionum materiae. Ad probationem
1335 3047 2162 3097 cum dicitur, quod eandem materiam esse sub maioribus di¬
