2415 3532
249 245 1085 315 ereatio est idem, quod esse rei creatae, quod quidem esse
237 303 1073 358 non est accidens, cum sit per reductionem in praedicam
240 346 1088 390 to substantiae, nec tamen proprie recipit praedicationem
243 384 1085 442 substantiae; sicut punctus non est quantitas, quamuis redu¬
236 427 1047 472 catur ad genus quantitatis, prout superius declaraui.
279 461 1088 520 Ad tertium patebit in secunda conclusione immedia
233 499 417 550 te sequenti
283 541 1087 584 Dico igitur, secundo, quod creatio est idem, quod es¬
233 575 419 631 se creature
263 620 1076 667 1 Quia quamuis creator producat totam creaturam
222 662 1076 711 compositam ex esse & essentia: partes tamen producit pro
225 703 1084 742 ductione totius isto modo, quod esse producit in essentia
234 736 1066 781 & essentiam sub ipso esse: ita quod essentia, quasi subiici
234 778 1079 825 tur creationi, & esse terminat creationem: igitur creatio
230 822 1077 870 est ipsum esse, prout ipsum esse producitur in essentia vit
231 854 443 906 tute creatoris
267 869 1064 940 2 Praeterea, illud, quod pro prie concipitur esse perfe
231 933 1080 989 ctio essentiae per creationem producte, hoc est realiter
228 972 1076 1020 idem, quod esse, creatio est huiusmodi. nam in hoc differt
228 1015 1070 1067 actio transiens ab immanente: quia est perfectio non age
228 1049 394 1105 tis, sed acti¬
264 1093 1079 1140 Forte dicetur, quod eadem ratione sequitur, quod crea
231 1139 1080 1192 tio sit perfectio ipsius esse, sicut ipsius essentiae; quia non
220 1180 903 1224 minus creatur ipsum esse, quam ipsa essentia.
267 1205 1066 1255 Respondeo, quod non est simile, quamuis enim cree¬
232 1253 1058 1297 tur tam esse, quam essentia: esse tamen creatur vt perfe
214 1288 1066 1336 ctio quaedam, sed essentia creatur vt quid persectibile. Ci
222 1325 1061 1369 igitur perfectionis non sit persectio, sed perfectio est ip
222 1366 1070 1414 lius perfectibilis: igitur actio trasiens, quae est creatio, quam
229 1408 1068 1467 uis sit perfectio ipsius essentiae, non tamen erit perfectio
222 1439 372 1500 ipsius esse
261 1465 1060 1531 2 Praeterea, illud, quod proprie est actus entis in actu
215 1516 1064 1569 secundum quod in actu, hoc est ipsum esse: creatio est hu
223 1564 1062 1608 iusmodi: nam in hoc differt a motu: quia in motu acquir
219 1600 1061 1643 tur pars post partem, & in motu sic est aliquid acquisitum
218 1641 1060 1689 quod semper restat aliquid acquirendum: ideo motus es
229 1688 1060 1731 actus entis in potentia secundum quod in potentia, vt pro
219 1719 1062 1770 tet in physic. Econtrario autem creatio est tota simul
228 1757 1057 1812 nec per ipsam pars post partem ipsius rei ponitur in esse
224 1795 1069 1846 sed fmultanee res per ipsam perfecte producitur; ideo
232 1837 1064 1888 per oppositum ad ipsum motum creatio proprie dicitur
234 1877 911 1924 actus entis in actu, secundum quod est in actu¬
274 1910 1067 1964 Alias inuenitur addita talis ratio: Quia productio sim
231 1962 1057 2007 plex & instantanea est idem realiter cum suo formali te
218 1996 1055 2046 mino: sed creatio est simplex productio & instantanea: e
228 2041 1054 2081 esse rei creatae est formalis terminus creationis; ergo &
257 2074 1065 2119 Maior patet discurrendo per singulas huiusmodi pro¬
227 2109 1064 2158 ductiones. Minor etiam patet: quia creatio non est actio
215 2148 1064 2199 corporea: nec suceessiua. Quod etiam esse sit formalis ter
218 2191 1066 2244 minus creationis, patet per Auctorem de causis qui ait, quod
221 2225 691 2288 prima rerum creatarum est esse
267 2271 1067 2318 Sed contra istam conclusionem est quaedam opinio,
223 2303 1062 2362 quae ponit, quod creatio sit idem, quod tota creatura lqui¬
228 2342 1064 2399 in omni productione, vt dicunt, productio est idem reali
233 2390 1058 2437 ter cum termino productionis, sed creatio terminatur a¬
218 2427 1064 2475 totam creaturam. Sed quia maior istius rationis pati vi¬
231 2462 1069 2522 detur instantiam de ipso motu; igitur probant isti, quod
228 2500 953 2555 omnis motus sit idem realiter cum suo termino.
258 2540 1063 2599 1 Quia quandocumque aliqua differunt secundum
227 2582 1057 2631 essentias absolutas, illa Deus potest ab inuicem separari
228 2623 1057 2673 sed si albedo & dealbatio differrent realiter: tuc differren
222 2663 1060 2710 re absoluta: ergo Deus posset facere dealbationem sini
225 2696 1064 2749 albedine, & asbedinem sine dealbatione, quod videtur
224 2739 634 2797 contradictionem implicaro
261 2779 1067 2832 2 Praeterea, si motus differret re absoluta;a forma, quae
230 2814 1064 2873 terminat motum, tunc naturaliter prius esset motus con
222 2861 1068 2909 pletus, quam ipsa forma esset completa: sed hoc est impos
215 2897 1067 2946 sibile: quia tunc cessante motu, adhuc forma moueretui
225 2935 614 2989 ad suum complementum
273 2973 1060 3030 3 Praeterea, istud dicunt esse intentionem Comme
231 3018 1058 3064 tatoris, qui a physicorum ait, quod motus vno modo ac
231 3060 1060 3100 cipitur pro forma fiuente. Alio modo pro fuxum forma
233 3097 1072 3150 Primus autem modus est verior, Secundus vvro est samo
1126 265 1976 335 sior. Item in eodem ait. via in generationibus est de spe
1135 312 1431 367 cie eius ad quod est.
1149 361 1976 418 Sed isti cum hoc, quod conclusionem mihi dubiam po¬
1128 395 1738 439 nunt: etiam ipsam insufficienter probant.
1170 427 1966 491 Primo igitur arguam contra probati ones illius maio¬
1126 467 1758 523 ris; Et deinde eorum motiuis respondebo.
1166 502 1948 558 1 Primo sic. llla, quae sic se habent, quod secundum sua
1137 557 1967 605 proprias eorum entitates numquam poterunt esse simul;
1124 592 1963 634 illa non poterunt esse ideni realiter: sed motus & ter¬
1129 631 1964 676 minus ad quem est motus, sunt huiusmodi: Maior patet
1128 673 1965 725 quia esse idem necessario praesupponit esse simul. Minor
1135 716 1964 757 similiter patet,: quia sicut numquam contingitur termi¬
1126 747 1968 798 nus, nisi perficiatur uia: sic numquam terminus motus est
1128 783 1955 831 accquisitus, nisi desinat motus. Quod ergo illa sint idem
1125 826 1951 868 realiter omnino, quorum vno existente alterum esse nm
1122 862 1952 919 potest, & quorum vnius desitio est alterius in esse posito
1125 905 1709 946 videtur essc implicatio contradictionis,
1122 933 1957 994 2 Praeterea, ens formaliter suceessiuum differt reali¬
1125 981 1954 1029 ter ab ente formaliter permanente, sed motus est ens for
1114 1020 1970 1073 maliter, & essentialiter suceessiuuum, & terminus motus
1118 1060 1857 1104 est formaliter & essentialiter permanens: ergo &c
1137 1094 1967 1147 3 Praeterea, quae sic se habet, quod vnum vere habet
1117 1134 1969 1194 partes ex quibus realiter componitur, quae quidem par¬
1112 1179 1953 1219 tes numquam poterunt esse simul, alterum vero non ha
1116 1214 1955 1262 bet partes, vel si habet, omnes suae partes sunt simul, illa
1115 1256 1957 1302 non possunt esse idem realiter, sed motus & terminus mo
1119 1289 1557 1341 tus sunt huiusmodi, ergo &c
1122 1299 1983 1382 Forte dicetur, quod ergo contradicam primae rationi i
1114 1367 1943 1415 quam feci pro ista secunda conclusione. Virtus enim il
1116 1407 1946 1452 lius rationis in hoc stat, quod ideo creatio est idem, quod
1115 1447 1952 1491 esse rei create, quia esse est proprius terminus creationis
1140 1485 1984 1548 Respondeo, quod hic nulla est contradictio, quia crea¬
1119 1530 1943 1586 tio non est motus: habet enim oppositas conditiones ac
1111 1568 1685 1623 motum, vt in tertia ratione declaraui,
1150 1600 1983 1648 Ad rationem eorum dicendum, quod maior sic vniuer,
1114 1638 1984 1694 saliter sumpta non est vera, & specialiter est falsa in pro¬
1122 1683 1942 1719 posito, quia dato, quod productio sit idem, quod termi-
1117 1719 1951 1771 nus, non tamen est idem quod terminus totalis: sed est
1117 1762 1958 1810 idem quod terminus formalis. Si enim actio transiens es¬
1116 1794 1956 1852 set idem realiter cum ipso termino totali: tunc idem tram
1107 1839 1943 1885 siret in seipsum realiter. Et quia isti loquuntur de ter
1106 1876 1952 1934 mino totali: ideo & falsum assumunt, & ad propositum
1112 1917 1304 1967 non arguunt
1143 1950 1955 2003 Ad primam probationem de motu dicendum, quod
1113 1990 1959 2042 Deus bene posset, si vellet, facere aibedinem sine dealba
1113 2032 1945 2081 tione, quae est motus: cum ipse agat sine motu & transmu
1115 2078 1942 2117 tatione; etiam posset facere motum dealbationis, ex
1114 2115 1949 2162 quo nihil de completa entitate albedinis in esse ponero
1107 2149 1953 2198 tur, Cum ergo solum completa albedinis entitas sit ter¬
1108 2193 1951 2234 minus dealbationis: ideo Deus potest separare motum a
1120 2224 1962 2278 suo termino. Et ex hoc patet, quod ambabus praemissis.
1112 2267 1949 2307 concessis, conclusio non est falsa: quia loquendo proprie
1111 2306 1948 2353 de termino dealbationis, que est albedo permanens, &
1107 2353 1953 2394 completa: tunc non solum Deus potest ista separare: ve¬
1117 2381 1955 2432 rum etiam naturaliter sunt simul incompossibilia: quia
1110 2423 1950 2470 terminus motus numquam in esse ponitur, nisi motus se
1106 2461 1951 2509 cundum se, & secundum omnes suas partes desinat& con
1110 2506 1946 2548 rumpatur. Etiam maior non est vniuersaliter vera, maxi¬
1115 2540 1940 2584 me de talibus absolutis, quae connotant aliquos respe¬
1116 2580 1947 2625 ctus: nam quamuis figura sit entitas absoluta, cum si quan
1115 2619 1945 2661 ta species qualitatis: nulla tamen potentia fieri potest fi¬
1122 2655 1955 2712 gura sine omni quantitate eo, quod dicat qualitatem sub
1115 2698 1625 2747 habitudine ad ipsam quantitatem.
1152 2737 1952 2784 Ad secundum dicendum, quod concessa consequentia
1117 2780 1944 2825 consequens non est falsum, quia naturaliter oportet, quod
1115 2815 1948 2855 via compleatur, antequam terminus attingitur. Ad pro¬
1113 2851 1950 2902 bationem dico, quod ista prioritas naturae stat com simul
1113 2893 1956 2940 tate temporis, & durationis, & ideo non oportet, quod
1116 2935 1940 2973 motu cessante, adhuc forma moueatur: quia motus ne
1113 2969 1950 3021 cessat prius duratione, quam terminus sit acquisitus, sed
1117 3008 1405 3059 solum prius natura,
1159 3015 1952 3100 Ad tertium dico, quod dato, quod motus si forma flu
1113 3094 1946 3144 ens, ex hoc tamen non sequitur, quod sit idem cumn termi-
