2403 3524
472 255 1318 318 respectu entis, & respectu non entis, licet vt apprehendi¬
474 292 1323 358 tur respectu non entis, sit ens rationis: tamen, vt apprehe
482 340 1190 392 ditur respectu entis, potest esse verum ens reale
517 377 1313 428 Ad quartum dicendum, quod maior potest rationabi
480 418 1314 470 liter negari, quia modus rei proprie non est res: & mod
480 454 1314 507 substantiarum, & accidentium proprie nec sunt substan¬
487 493 1313 543 tia, nec accidens, & quia relatio est quidam modus esset
473 539 1313 583 di ad aliud: ergo &c. Patitur etiam instantiam illa maio¬
477 574 1299 627 de esse existentiae, quod, cum per reductionem sit in pra
479 615 1310 662 dicamento substantiae, nec potest dici accidens, nec est sul
476 653 1323 700 stantia proprie, cum differat ab essentia rei, tamquam per
471 701 1325 739 fectio superueniens Potest etiam negari minor: nam cum
474 730 1317 780 relatio non differat realiter a suo fundamento, vt proba¬
484 768 1326 824 bitur in conclusione sequenti: ideo si fundatur immedia¬
472 817 1328 859 te in substantia, potest aliquo modo dici substantia, si in
474 853 790 899 accidente, accidens
522 889 1322 942 Ad quintum dicendum, quod ratio arguit pro nobis:
464 925 1323 980 quia eo ipso, quod relatio dicit minimam entitatem, lo¬
477 967 1321 1019 quendo de entitate reali; ideo oportet, quod dicat aliquam
477 1007 1316 1052 entitatem: ens autem rationis pro tanto dicit diminutam
475 1047 1323 1097 quia nullam dicit entitatem, loquendo de entitate reali¬
504 1087 1307 1132 Ad sextum dicendum, quod Auicen. 8. metaphysic. sui
475 1130 1312 1170 tangit istam difficultatem dicens, quod quidam fuerunt
481 1164 1321 1209 qui dixerunt, quod vna relatio est in vtroque relatiuorum,
484 1193 1318 1249 & hoc immediate reprobat Auic. quia, vt ait, vnum accidens
481 1238 1274 1285 esset simul in duobus subiectis, quod est inconueniens
513 1278 1305 1323 Pro concordia tamen tantorum philosophorum po
480 1326 1316 1368 test dici, quod Simplicius sumit relationem pro tota ha¬
471 1359 1309 1410 bitudine, seu oppositone relatiua: nam vt sic, quamuis si
480 1395 1318 1442 cundum aliam, & aliam sui partem, vna tamen opposito
486 1438 1306 1482 relatiua est in duobus: nam secundum vnam partem op
489 1471 1300 1515 positonis est in vno extremo, & secundum aliam in alio
486 1520 1312 1565 Auic, autem non sumit relationem pro tota oppositione
472 1556 1313 1601 relatiua, sed pro altera parte tantum. Dato etiam, quod
471 1595 1304 1638 Simplicius sumat pro altera parte, adhuc potest dictun
479 1626 1309 1674 suum saluari, quia non repugnat idem ens reale esse in
476 1669 1309 1722 pluribus secundum alium, & alium modum essendi: nam
474 1710 1304 1755 eadem virtus, quae est in voluntate subiectiue, est in bea
471 1749 1309 1795 titudine sicut in termino, seu in fine: esse autem in aliquo
478 1787 1300 1832 sicut forma in subiecto, & sicut in fine est alius, & alis mi
481 1827 1305 1868 dus essendi, vt patet 2. physicorum: sic etiam vna & ea
477 1862 1316 1917 dem relatio est in vno extremorum fundamentaliter, &
474 1903 1303 1955 subiectiue: est tamen in altero finaliter & terminatiue. E¬
474 1942 1308 1989 hoc tamen non arguitur esse ens rationis, quia ens ratio.
477 1987 1306 2032 nis secundum vnum modum, & secundum vnam ratione
472 2023 1292 2077 aequaliter reperit in pluribus, vt patet de ipso vniuersali.
518 2056 1304 2104 Ad septimum dicendum, quod relatio actiui & passiu
476 2099 1306 2144 est relatio realis, saltem in creaturis, vt patet 5. metaph
474 2138 1308 2194 cur autem Deus non referatur realiter ad creaturam, dixi
465 2176 800 2229 in primo libro dist. 30.
475 2216 1307 2259 Ad octauum nego antecedens. Ad probationem dico;
471 2253 1297 2304 quod quamuis omne ens reale habeat causam realem, ni
471 2295 1310 2340 tamen oportet, quod omne, quod habet causam realem,
470 2335 1305 2377 sit proprse causatum, quia potest esse concausatum. Vnde
469 2376 1304 2418 ipsa relatio proprie non est causata, sed est fundamento
474 2418 1310 2462 vel fundamentis concausata, & ideo non oportet ipsam
474 2458 1302 2501 relationem referri ad suam causam, sed sufficit, quod ip¬
459 2492 1310 2538 sum fundamentum huiusmodi relatione ad causam refo
465 2527 1309 2585 ratur. Et dato, quod ipsa relatio referatur, non refertur ta
465 2571 1229 2615 men alia relatione, sed seipsa: ergo &c.
491 2604 1303 2657 Secunda conclusio est, quod quamuis aliqua relatio sit
478 2648 1305 2699 re alis: non tamen differt realiter a suo sundamento ita
463 2684 1312 2725 quod proprie dicat rem aliam a re, quae est in ipsum fun¬
465 2725 636 2771 damentum.
469 2765 1297 2809 1 Quia illud, quod sic alicui aduenit, quod per sui ad¬
472 2807 1307 2854 uentum illud, cui aduenit, non efficitur compositus: hoc
475 2839 1304 2888 non differt realiter ab eo, cui aduenit tamquam res a re
465 2884 1305 2933 proprie sibi condistincta: sed relatio respectu fundamenti
460 2918 1295 2965 est huiusmodi, quia non apparet aliquis compositor ex
463 2958 1293 3004 hoc, quod est albus, & similis, quam si esset albus tantum
495 2999 1291 3043 Contra minorem istius rationis arguit quidam tripliciter
504 3033 1292 3086 Primo sic. llla, quae simul posita nullam faciunt compo
451 3076 1288 3137 sitionem, talia ab inuicem non sunt separabilia, sed relati
1368 247 1800 311 est separabilis a fundamento
1401 286 2207 345 Secundo sic. Omne, quod cum alio ponitur, in eodem
1369 333 2211 404 facit compositionem cum eo: relatio ponitur simul cum
1358 374 1684 429 fundamento: ergo &c
1402 402 2211 464 Tertio sic. Quae dicunt distinctas essentias, simul posita
1353 461 2208 515 compositionem faciunt, & si non quantitatum, & secun¬
1366 494 2202 551 dum molem, saltem faciut compositionem essentiarum,
1356 531 2207 580 seu essentialem, sed relatio & fundamentum dicunt distin¬
1353 574 2183 625 ctas essentias quidditates, cum sint diuersorum generum.
1386 615 2207 661 Ad primum nego maiorem, quicquid facit composito
1359 660 2204 703 nem cum alio, hoc nec potest adesse, nec abesse sine illius
1356 696 2207 744 mutatione, cum quo facit compositonem, cuius opposi¬
1354 734 1829 773 tum videmus de ipsa relatione.
1360 773 2217 819 Ad secundum dicendum, quod maior non est vera, nifi
1358 807 1577 852 entia absoluta
1401 840 2197 895 Ad tertium dicedum, quod si vna illarum essentiarun
1362 882 2202 932 sic se habet, quod tota sua ratio quidditatiua consistit in
1369 928 2208 980 esse ad aliud, tunc ratione talis essentiae nihil ponitur in
1356 971 2208 1019 alia essentia ratione cuius faciat compositionem cum ea
1355 1011 1751 1060 Sic autem est in proposito
1377 1036 2205 1091 1 Potest etiam dici, quod relatio non habet essentiam
1365 1083 2208 1141 distinctam ab essentia fundamenti, nisi omne illud appel
1361 1120 2060 1172 letur essentia, cui respondet ratio quidditatiua
1383 1159 2198 1214 2 Preterea, si relatio differret realiter a suo fundamen
1371 1207 2199 1251 to, tunc vbicumque inueniretur vera & realis relatio, ibi
1359 1242 2201 1300 esset relationis a fundamento realis distinctio consequen¬
1366 1278 2214 1328 tia patet, sed falsitatem consequentis probaui in libro pri
1368 1328 2199 1372 mo distin. 33. vbi ostendi, quod in diuinis est vera relatio;
1359 1360 2104 1407 quae tamen non differt realiter a suo fundamento.
1381 1398 2204 1451 Sed contrarium istius ab aliquibus doctoribus proba¬
1365 1431 1448 1484 tur sic
1374 1467 2223 1532 1 Illud, quod conuenit alicui in secundo modo dicen
1362 1516 2193 1571 di per se; addit aliquam rem super ipsum, & per consequen
1359 1559 2205 1611 realiter differt ab eo, sed secundum Simplicium in predi
1365 1599 2203 1642 camentis relatio conuenit suo fundamento proprio in se
1368 1638 2207 1684 cundo modo dicendi per se, quod patet etiam per philo¬
1358 1674 2193 1728 sophum, qui dicit, quod proprium est quantitatis secun
1368 1707 1882 1755 dum eam aequale vel inaequale dici
1365 1745 2194 1797 2 Praeterea, propria passio realiter differt ab eo, cuius
1359 1796 2205 1844 est passio; sed vt patet s. metaph. idem & diuersum sunt
1374 1832 2202 1883 assiones substantiae, aequale & inaequale quantitatis, simi
1357 1864 1727 1916 le & dissimile qualitatis.
1371 1903 2193 1960 3 Praeterea, illa, quae sic se habent, quod vnum corrum
1356 1953 2198 1996 pitur, & vere desinit esse, alio permanente, illa necessario
1350 1996 2204 2038 differunt realiter : sed corrupta relatione, manet suum
1350 2022 1579 2074 fundamentum.
1366 2067 2195 2111 4 Praeterea, si relatio non differret realiter a suo fun¬
1354 2108 2199 2163 damento, tunc quanto esset maior differentia inter ipsa
1356 2139 2188 2194 fundamenta, tanto esset maior inter ipsas relationes, con
1359 2180 2187 2237 sequens est falsum, quia plus differt qualitas a quantitate
1362 2223 2189 2268 quam qualitas a qualitate: attamen paternitas, & simili¬
1354 2265 2198 2302 tudo, quae fundantur in duabus qualitatibus, plus diffe¬
1354 2303 2193 2356 runt, quam aequalitas & similitudo, quarum prima funda
1349 2340 2183 2395 tur in quantitate: secunda vero in qualitate: quod auten
1350 2384 2177 2431 plus differant paternitas, similitudo: patet, quia plus dis
1347 2422 2190 2474 ferunt relationes diuersorum modorum, quam huiusmo
1356 2457 2180 2509 di: sed paternitas est relatio modo potentiae, & similitu
1354 2496 2189 2560 do modo numeri: aequalitas autem & similitudo ambae
1348 2528 1653 2585 sunt modo numeri.
1366 2575 2189 2630 3 Praeterea, non minus differunt a binuicem membra
1350 2613 2193 2661 principalis diuisionis, quam membra subdiuisionis: sed se
1350 2656 2189 2707 cundum Auic. & Algaxel, ens prima diuisione diuiditur
1356 2688 2180 2734 in absolutum & comparatum, deinde absolutum subdiu
1347 2733 2193 2787 ditur: cum igitur duo absoluta condiuisa diffcrant realiter,
1356 2774 2184 2828 sequitur, quod absolutum & comparatum, puta fundamen
1358 2802 1815 2859 tum, & relatio differant realiter
1358 2855 2190 2904 3 Praeterea, que differunt praedicamento, differunt
1356 2893 2187 2943 realiter, quia non minus differunt, quae differunt genere,
1365 2933 2192 2982 uam quae sub eodem genere differunt specie, sed relatio
1349 2966 2193 3023 & fundamentum differunt genere, & praedicamento, quia
1342 2999 1921 3050 relatio non potest fundare relationem
1366 3050 2190 3096 3 Praeterea, quae vni, & eidem sunt eade, inter se sunt
1340 3083 2178 3135 eade; igitur si relatio esset idem realiter ipsi fundamento
