2394 3543
421 276 1268 341 Quarta vero pars, quae scilicet intercipitur inter tropicum
414 330 1277 384 iam dictum, & tropicum Cancri, qui alio modo dicitur
423 366 1262 420 tropicus aestiualis, est tota, vt dicunt isti doctores, inhabi
420 405 1277 454 tabilis propter calorem & nimium aestum. Et ideo illa
431 444 1270 493 pars mundi dicitur torrida xona. Cum igitur situs sub aequi
423 492 1278 539 noctiali teneat medium illius quartae partis: igitur docto
427 533 1275 573 res negarent minorem, quam adduxi pro ista conclusio¬
419 565 1272 609 ne, quia vbi est multus, & inteperatus aestus, ibi videntiur
426 600 1275 651 esse multi vapores, & per consequens non est ibi serenus
415 641 1277 691 aer. nullus etiam fructus ibi esse videtur propter exustae
426 682 1280 729 terrae sterilitatem, nec clara lux propter abundantiam va
438 722 1275 768 porum, nec sanus aspectus propter aeris intemperiem
418 761 1277 802 Sed quinta pars, puta illa, quae interponitur inter tro¬
435 801 1271 845 picum Cancri & circulum Articum, illa est habitabilis.
426 842 1278 886 & diuiditur in septe m climata, in quibus solent homines
423 882 564 930 habitare.
460 913 1284 961 Sed contra istos potest argui propositum nostrum ex
422 958 1274 1007 dictis eorum. Quia omnes isti doctores ponunt paradi¬
423 992 1280 1043 sum terrestrem: aut ergo ponent eum in primis duabus
430 1033 1277 1082 conis, seu partibus, & hoc non: quia secundum ipsos ibi
435 1072 1274 1129 non potest esse habitatio propter frigus, quod non con¬
430 1111 1271 1168 gruisset hominibus in paradiso, quia ipsi nudi fuissent
428 1149 1275 1201 etiam aer est ibi valde obscurus, & nebulosus propter ni¬
423 1196 1283 1246 miam elongationem a via Solis; & hoc non congrueret
426 1234 1277 1280 habitatoribus paradisi. Aut in tertia parte, & hoc non¬
421 1278 1286 1318 quia vt ipsimet dicunt, mare operit totam illam partem.
427 1310 1284 1357 Aut in nostra habitabili, & hoc non: quia tunc humanus
419 1356 1272 1403 posset esse accessus ad paradisum, cuis oppositum docet nos
414 1393 1282 1437 experientia facti. Etiam tuc ipsi historio graphi inter omnes
429 1424 1277 1469 mundi partes principalius debuissent scripsisse de paradi¬
423 1468 1276 1517 so, taquam de principaliori, & digniori, & pulchriori par¬
427 1509 1280 1555 te totius nostrae terrae habitabilis. Ergo per sufficientem
423 1542 1271 1587 diuisionem terrae positam per istos doctores sequitur ne¬
424 1588 1280 1630 cessario, quod paradisus sit situatus inter duos tropicos in
420 1624 1265 1666 in terra, scilicet quam ipsi appellant torridam conam, qua
426 1663 1271 1707 directe subiacet aequinoctiali, cuius nobilior pars, vt com
424 1698 1263 1747 muniter conceditur, protenditur versus orientem. Pro¬
431 1740 1270 1789 pter quod etiam Rabi Movses dicit paradisum esse situm
431 1779 911 1833 versus illam partem orientalem.
467 1824 1271 1865 Ad rationem istorum doctorum dicendum, quod licet
421 1856 1268 1903 illa ratio aliquam habeat apparentiam, quantum ad illas
435 1894 1263 1944 partes, quae sub aequinoctiali sitae sunt in conuallibus cir¬
423 1940 1271 1988 ca paradisum, tamen nihil concludit quantum ad supe¬
423 1973 893 2027 riorem partem montis paradisi
457 2014 1260 2066 Ad cuius intellectum sciendum, quod montem para
424 2050 1274 2101 disi possumus tripliciter considerare. Primo quantum ad
422 2094 1268 2147 pedem montis, & conuallem circumstantem. Secundo
423 2143 1272 2186 quantum ad medium montis. Et tertio quantum ad supe
422 2171 1262 2218 riorem planitiem montis. In prima parte est maximus, qu
427 2209 1262 2257 intemperatissimus calor, quia reflexiones radiorum so
422 2249 1264 2298 larium, qui quidem radii directe, & quasi sine vmbra ib
417 2290 1260 2339 reflectunt super terram, recolliguntur in ipsis conualli
426 2328 1274 2378 bus: propter quod tantum causant ibi estum, quod quasi
433 2372 1269 2417 uidetur incendi quicquid facile combustibile reperitur
420 2408 1271 2456 in illa conualle. In medio autem illius montis, & forte pa
429 2442 1272 2498 rum vltra medium est intolerabile frigus. Et verisimile
426 2486 1273 2529 est, quod ibi sint perpetuae niues & glacies, quia illa pars
431 2524 1268 2572 montis attingit quasi medium interstitium aeris, in quo
426 2562 1271 2604 regnat perpetuum frigus. In superiori autem parte mon¬
421 2603 1271 2647 tis est aer temperatissimus, quia licet radii solares directe
424 2642 1259 2688 & sine vmbra quandoque reflectantur in istius montis pla¬
414 2679 1264 2726 nitie superiori: tamen quia illae reflexiones non colligun
413 2721 1259 2762 tur, sed potius sparguntur: ideo ex talibus reflexionibus
423 2764 1272 2808 numquam generabitur ibi in temperatus calor. Ad hoc
427 2794 1260 2838 etiam cooperatur frigus, quod est in medio illius mon¬
423 2833 1254 2880 tis, & continuum aequinoctium, quod in illa parte terra
411 2872 1265 2923 semper habetur. Nam refrigerium noctis temperat calorem
425 2914 1256 2960 diei. Et his bene intellectis patet ad omnia illa, quae ex
419 2954 1264 3002 intentione istorum doctorum adduxi superius contra mi
422 2991 728 3045 norem rationis meae¬
458 3030 1255 3079 Ad rationem principalem dico, quod maior non es
420 3072 1250 3118 vera; maxime vbi omnis deperditio humidi radicalis fa
419 3110 1254 3174 cta per calorem naturalem aeque pure restauratur. Sed si ho
1328 264 2165 329 mo in paradiso sine peccaro perseuerasset, tunc per esum
1318 321 2171 369 fructus ligni uitae aeque pure fuisset restauratum, quicquid
1318 360 2168 409 de humido radicali per calorem naturalem fuisset deper
1318 404 2171 448 ditum, & consumptum: ergo numquam in statu innocen¬
1320 439 2167 490 tiae homo suisset corruptus. Ideo bene dicit Magister
1322 478 2167 532 in littera, quod homo pro statu innocentiae habuit posse
1313 520 1479 576 non mori.
1326 629 2178 690 DISTINCTIO SxL NxI. ETNNMI
1326 757 2165 828 Tractatus de primi homuus destitutione ob trimi¬
1359 805 2168 876 nis perpetrationem facilis, & non obscira di¬
1365 861 2177 924 iusio, atque praesentium distinctionum non inuti¬
1367 916 2177 975 us subdiusio, in quibus de primorum parentum
1371 960 2173 1027 lapsu, nec non de primm peccati origine, ac de Dei
1364 1008 2182 1077 permissione in eorum tentationem pulcbre per¬
1365 1061 1531 1124 tractatir.
1618 1138 2167 1201 DENS IGITVR DIAPOLVS. Post.
1632 1193 2171 1240 quam Magister determinauit de ho¬
1621 1226 2175 1271 minis institutione pacta diuina crea¬
1626 1267 2183 1317 tione, hic ultra prosequitur de ho¬
1621 1306 2172 1350 minis destitutione facta ex peccati
1626 1347 2168 1390 commissione. Diuiditur autem haec
1627 1388 2177 1432 residua pars istius secudi libri in duas
1621 1422 2177 1476 partes: quia primo Magister conside¬
1323 1467 2163 1519 rat de peccato primi hominis formaliter, prout habet es¬
1323 1499 2184 1555 se in ipso primo hominc. Secundo inquirit de eo causali
1317 1543 2185 1584 ter, vt. sea parente transfusum habet esse in genita prole
1329 1583 2165 1636 bi, In superioribus insinuatum est &c. Prima in duas, quia
1332 1628 2185 1675 primo Magister tractat de calliditate demonis, qua homo
1314 1662 2184 1709 in peccatum cecidit. Secundo de libertate hominis, qua
1326 1701 2168 1750 ine difficultate peccato resistere potuit ibi, Nunc dilige¬
1316 1742 2161 1786 ter inuestigare. Prima in tres, secudum quod progressun
1333 1783 2175 1835 rimi parentis in peccatum Magister tripliciter describit.
1323 1820 2173 1872 Primo sex parte tentantis daemonis. Secundo ex parte
1313 1865 2165 1908 tentati hominis. Tertio ex parte diuinae permissionis.
1326 1898 2169 1944 becunda pars incipit ibi, Hic uidetur diligenter. Tertia
1323 1938 2160 1983 ibi, Praeterea quaeri solet cur Deus. Et has tres distincto¬
1322 1977 2171 2021 nes vnica lectione transeo, ut in alia materia magis spe¬
1324 2019 2165 2058 culabili ualeam diutius immorari. Diuiditur igitur pri¬
1321 2060 2159 2104 ma istarum in duas partes, quia primo Magister tractat di
1330 2093 2165 2138 entante diabolo. Secundo de precepto diuino, quod
1323 2131 2164 2183 fuit tentationis occasio ibi, lllud etiam notandum. Prima
1317 2174 2162 2217 in tres: nam primo tractat de tentationis malitia, prout
1329 2215 2156 2261 processit a daemone. Secundo de tentationis modo &
1315 2253 2161 2298 ordine, Et tertio de eiusdem tentationis specle. Secuda
1314 2291 2168 2335 ibi, Tentatio hoc modo &c. Tertia ibi, Porro sciendum
1323 2332 2165 2384 est duas &c: Sequitur distinctio 22. in qua Magister descri
1311 2368 2157 2420 bit processum primi parentis in peccatum ex parte ten¬
1313 2408 2163 2464 tati hominis. Et diuiditur in tres partes. Nam primo Ma
1326 2449 2162 2494 ister inquirit ex parte hominis de primi peccati radice¬
1320 2491 2164 2532 pecundo, vtrum una & eadem radix fuerit in viro & in
1311 2527 2159 2575 muliere. Tertio de praedictae radicis origine. Secunda
1311 2567 2157 2614 ibi, Solet queri, Tertia ibi, Solet etiam quaeri, Prima in
1321 2608 2165 2657 tres, nam primo Magister ostendit radicem peccati primi
1316 2645 2156 2686 parentis fuisse mentis elationem. Secundo adducit contra
1317 2687 2156 2725 se quandam obiectionem, adiungens eius solutionem. Et ter¬
1311 2725 2149 2772 tio ponit praedictae elationis specificationem. Secunda ibi
1323 2759 2149 2811 Quod si ita fuit &c. Tertia ibi, Et talis quidem elatio, Sequ
1314 2804 2155 2846 tur illa pars, Solet quaeri. Et diuiditur in tres partes, quia
1324 2847 2153 2886 rimo Magister inquirit, vtrum eadem radix peccati ex parte
1315 2882 2147 2928 viri, & mulieris fuerit. Secundo ostendit, quis eorum magil
1318 2928 2145 2972 eccauit. Et tertio contra ea, quae dixit, dupliciter obijci
1321 2954 2150 3001 soluit. Secunda ibi, Ex quo manifeste. Tertia ibi, Sed
1302 2995 2156 3047 huic videtur contrarium &c. Sequitur distin. 23 in qua Ma¬
1315 3041 2158 3084 gister tangit peccatum primi hominis inquantum accidit
1312 3075 2153 3131 Deo permittente. Et diuiditur in duas partes, secudum quoe du
1324 3116 2154 3164 liciter excusat huiusmodi permissionem. Nam primo Magi¬
