<?xml version="1.0" encoding="UTF-8" standalone="yes"?>
<PcGts xmlns="http://schema.primaresearch.org/PAGE/gts/pagecontent/2013-07-15" xmlns:xsi="http://www.w3.org/2001/XMLSchema-instance" xsi:schemaLocation="http://schema.primaresearch.org/PAGE/gts/pagecontent/2013-07-15 http://schema.primaresearch.org/PAGE/gts/pagecontent/2013-07-15/pagecontent.xsd">
    <Metadata>
        <Creator>prov=University of Rostock/Institute of Mathematics/CITlab|PLANET AI GmbH/Gundram Leifert/gundram.leifert@planet-ai.de:name=cod-P122zz-m2(htr_id=26330)::::v=2.6.7
prov=University of Rostock/Institute of Mathematics/CITlab|PLANET AI GmbH/Tobias Gruening/tobias.gruening@planet-ai.de:name=de.uros.citlab.module.baseline2polygon.B2PSeamMultiOriented:v=2.6.7
prov=University of Rostock/Institute of Mathematics/CITlab|PLANET AI GmbH/Tobias Gruening/tobias.gruening@planet-ai.de:name=/net_tf/LA73_249_0mod360.pb:de.uros.citlab.segmentation.CITlab_LA_ML:v=2.6.6
Transkribus</Creator>
        <Created>2020-10-05T23:23:43.463+02:00</Created>
        <LastChange>2020-10-21T02:37:08.080+02:00</LastChange>
        <TranskribusMetadata docId="505580" pageId="20954540" pageNr="397" tsid="46499869" status="IN_PROGRESS" userId="25065" imgUrl="https://files.transkribus.eu/Get?id=FEYNUXYWNALIIYWCPRCJTNVI&amp;fileType=view" xmlUrl="https://files.transkribus.eu/Get?id=NGBIUIULXBFGDWFUCNQKAUTT" imageId="16095737"/>
    </Metadata>
    <Page imageFilename="396.jpg" imageWidth="2401" imageHeight="3557">
        <ReadingOrder>
            <OrderedGroup id="ro_1603931019134" caption="Regions reading order">
                <RegionRefIndexed index="0" regionRef="r2"/>
                <RegionRefIndexed index="1" regionRef="TextRegion_1603036692444_601"/>
            </OrderedGroup>
        </ReadingOrder>
        <TextRegion orientation="0.0" id="r2" custom="readingOrder {index:0;}">
            <Coords points="218,240 218,3187 1094,3187 1094,240"/>
            <TextLine id="r2l2" custom="readingOrder {index:0;}">
                <Coords points="222,340 1085,342 1085,302 1037,286 222,296"/>
                <Baseline points="228,333 270,333 313,333 355,333 398,333 441,333 483,333 526,333 568,333 611,333 654,333 696,333 739,333 781,333 824,333 867,335 909,335 952,335 994,335 1037,335 1080,335"/>
                <TextEquiv>
                    <Unicode>domandum carnem suam seipsum in ignem posuit. Patet</Unicode>
                </TextEquiv>
            </TextLine>
            <TextLine id="r2l3" custom="readingOrder {index:1;}">
                <Coords points="219,380 1080,383 1080,353 1011,338 219,350"/>
                <Baseline points="224,371 266,371 309,371 351,371 394,371 436,372 479,372 521,372 564,372 606,372 649,372 691,374 734,374 776,374 819,374 861,374 904,374 946,374 989,372 1031,372 1074,372"/>
                <TextEquiv>
                    <Unicode>etiam de illo sancto in vita patrum, qui quinque digitos</Unicode>
                </TextEquiv>
            </TextLine>
            <TextLine id="r2l4" custom="readingOrder {index:2;}">
                <Coords points="224,428 1070,431 1070,394 970,380 225,381"/>
                <Baseline points="230,411 271,411 313,411 355,411 397,411 438,411 480,411 522,411 564,411 605,413 647,413 689,413 731,413 772,413 814,414 856,414 898,414 939,414 981,414 1023,413 1065,413"/>
                <TextEquiv>
                    <Unicode>suos vnum post alium omnes vna nocte posuit in igne ad</Unicode>
                </TextEquiv>
            </TextLine>
            <TextLine id="r2l5" custom="readingOrder {index:3;}">
                <Coords points="216,459 1050,470 1071,430 216,427"/>
                <Baseline points="221,452 263,452 305,452 347,452 389,452 432,452 474,452 516,452 558,452 600,452 643,452 685,452 727,453 769,453 811,453 854,453 896,453 938,453 980,453 1022,452 1065,452"/>
                <TextEquiv>
                    <Unicode>resistendum tentationi, &amp; a domandum carnem, cum ten</Unicode>
                </TextEquiv>
            </TextLine>
            <TextLine id="r2l6" custom="readingOrder {index:4;}">
                <Coords points="228,500 1073,501 1073,461 1020,455 228,460"/>
                <Baseline points="234,489 275,489 317,489 359,489 400,489 442,489 484,491 525,491 567,491 609,491 651,491 692,491 734,491 776,492 817,492 859,492 901,492 942,492 984,492 1026,492 1068,492"/>
                <TextEquiv>
                    <Unicode>taretur a quadam meretrice. Patet etiam de beato Dene</Unicode>
                </TextEquiv>
            </TextLine>
            <TextLine id="r2l7" custom="readingOrder {index:5;}">
                <Coords points="228,539 801,554 1074,534 1074,508 1022,499 228,500"/>
                <Baseline points="233,530 274,530 316,530 358,530 400,530 441,530 483,530 525,530 567,530 608,531 650,531 692,531 734,531 775,531 817,531 859,531 901,531 942,531 984,531 1026,530 1068,530"/>
                <TextEquiv>
                    <Unicode>dicto, qui se nudum posuit in lecto de spinis &amp; vrticis pa¬</Unicode>
                </TextEquiv>
            </TextLine>
            <TextLine id="r2l8" custom="readingOrder {index:6;}">
                <Coords points="229,584 1076,581 1057,539 229,545"/>
                <Baseline points="234,569 275,569 317,569 359,569 401,570 443,570 485,570 526,570 568,570 610,570 652,570 694,570 736,570 778,572 819,571 861,570 903,570 945,570 987,570 1029,569 1071,569"/>
                <TextEquiv>
                    <Unicode>rato. Patet etiam de beato Hieronvmo, qui cum maximis</Unicode>
                </TextEquiv>
            </TextLine>
            <TextLine id="r2l9" custom="readingOrder {index:7;}">
                <Coords points="216,615 1067,617 1067,588 982,576 216,584"/>
                <Baseline points="221,606 263,608 305,608 347,608 389,608 431,609 473,609 515,609 557,609 599,609 641,609 683,609 725,609 767,609 809,609 851,609 893,609 935,609 977,609 1019,609 1061,609"/>
                <TextEquiv>
                    <Unicode>abstinentiis vix carnem suam cohibere potuit ab illece¬</Unicode>
                </TextEquiv>
            </TextLine>
            <TextLine id="r2l10" custom="readingOrder {index:8;}">
                <Coords points="226,656 1070,659 1049,615 226,615"/>
                <Baseline points="231,647 272,647 314,647 356,647 397,648 439,648 481,648 522,648 564,648 606,648 648,648 689,648 731,648 773,648 814,648 856,648 898,648 939,648 981,648 1023,648 1065,648"/>
                <TextEquiv>
                    <Unicode>bris, vt patet in epistola ad Paulam, vbi vitam suam descri</Unicode>
                </TextEquiv>
            </TextLine>
            <TextLine id="r2l11" custom="readingOrder {index:9;}">
                <Coords points="216,699 912,712 1076,700 1077,661 216,656"/>
                <Baseline points="221,686 263,686 306,686 348,687 391,687 433,687 476,687 518,687 561,689 603,689 646,689 688,689 731,689 773,689 816,690 858,690 901,690 943,689 986,689 1028,689 1071,689"/>
                <TextEquiv>
                    <Unicode>bes quantum ad cibum ait, Decibis autem &amp; potu taceo, </Unicode>
                </TextEquiv>
            </TextLine>
            <TextLine id="r2l12" custom="readingOrder {index:10;}">
                <Coords points="219,736 925,746 1073,734 1074,700 219,701"/>
                <Baseline points="224,726 266,725 308,725 350,725 392,725 435,726 477,726 519,726 561,726 603,726 646,728 688,728 730,728 772,728 814,728 857,729 899,729 941,729 983,729 1025,728 1068,728"/>
                <TextEquiv>
                    <Unicode>cum languentes monachi frigida aqua vtantur, &amp; coctum</Unicode>
                </TextEquiv>
            </TextLine>
            <TextLine id="r2l13" custom="readingOrder {index:11;}">
                <Coords points="219,779 1066,779 1077,737 219,740"/>
                <Baseline points="224,765 266,765 308,765 351,765 393,765 435,765 478,765 520,765 562,767 605,767 647,767 689,767 732,767 774,767 816,767 859,768 901,768 943,768 986,767 1028,767 1071,767"/>
                <TextEquiv>
                    <Unicode>aliquid sumere luxuria sit. De vigiliis &amp; asperitatibus sub</Unicode>
                </TextEquiv>
            </TextLine>
            <TextLine id="r2l14" custom="readingOrder {index:12;}">
                <Coords points="228,822 1076,821 1076,777 1051,775 228,774"/>
                <Baseline points="233,804 274,804 316,804 358,804 400,804 442,804 484,804 526,804 568,804 610,806 652,806 693,806 735,806 777,806 819,807 861,807 903,807 945,807 987,807 1029,806 1071,806"/>
                <TextEquiv>
                    <Unicode>dit. Quotidie lacrvmas, quotidie gemitus fundebam. De</Unicode>
                </TextEquiv>
            </TextLine>
            <TextLine id="r2l15" custom="readingOrder {index:13;}">
                <Coords points="218,851 1076,857 1076,821 1029,813 218,820"/>
                <Baseline points="224,843 266,843 308,843 351,843 393,843 435,843 478,843 520,844 562,845 605,845 647,845 689,845 732,845 774,845 816,846 859,846 901,846 943,846 986,846 1028,845 1071,845"/>
                <TextEquiv>
                    <Unicode>asperitate vero loci ait, quod habitabat in vasta illa solitu</Unicode>
                </TextEquiv>
            </TextLine>
            <TextLine id="r2l16" custom="readingOrder {index:14;}">
                <Coords points="221,891 1073,900 1073,858 1027,853 221,854"/>
                <Baseline points="227,884 269,884 311,884 353,884 395,884 437,884 479,884 521,884 563,884 605,885 647,885 689,885 731,885 773,885 815,885 857,885 899,885 941,885 983,884 1025,884 1067,882"/>
                <TextEquiv>
                    <Unicode>dine, quae adusta solis ardoribus horridum monachis pre¬</Unicode>
                </TextEquiv>
            </TextLine>
            <TextLine id="r2l17" custom="readingOrder {index:15;}">
                <Coords points="222,933 1085,932 1085,900 980,892 222,891"/>
                <Baseline points="228,923 270,923 313,923 355,923 398,923 441,923 483,923 526,923 568,923 611,923 654,923 696,923 739,923 781,924 824,924 867,924 909,924 952,924 994,923 1037,923 1080,923"/>
                <TextEquiv>
                    <Unicode>stabat habitaculum. Quantum ad lectu ait, quod si repu¬</Unicode>
                </TextEquiv>
            </TextLine>
            <TextLine id="r2l18" custom="readingOrder {index:16;}">
                <Coords points="212,975 1076,966 1065,930 212,931"/>
                <Baseline points="218,965 260,963 303,963 345,962 388,962 431,962 473,962 516,962 559,962 601,963 644,963 687,963 729,964 772,965 815,965 857,965 900,965 943,963 985,963 1028,962 1071,960"/>
                <TextEquiv>
                    <Unicode>gnantem somnus imminens oppressisset, nudae humo os¬</Unicode>
                </TextEquiv>
            </TextLine>
            <TextLine id="r2l19" custom="readingOrder {index:17;}">
                <Coords points="225,1010 980,1025 1085,1013 1086,969 225,978"/>
                <Baseline points="230,1002 272,1001 315,1001 357,1001 400,1001 442,1002 485,1002 527,1002 570,1002 612,1002 655,1002 697,1002 740,1002 782,1002 825,1002 867,1004 910,1004 952,1004 995,1004 1037,1004 1080,1004"/>
                <TextEquiv>
                    <Unicode>sa arentia collidebam. His &amp; multis aliis suis castigationi</Unicode>
                </TextEquiv>
            </TextLine>
            <TextLine id="r2l20" custom="readingOrder {index:18;}">
                <Coords points="225,1049 1076,1053 1076,1015 1049,1011 225,1010"/>
                <Baseline points="230,1041 272,1040 314,1040 356,1040 398,1041 440,1041 482,1041 524,1041 566,1041 608,1042 650,1043 692,1043 734,1043 776,1043 818,1043 860,1043 902,1043 944,1042 986,1041 1028,1041 1071,1040"/>
                <TextEquiv>
                    <Unicode>bus non obstantibus, ad huc tamen vt conqueritur caro</Unicode>
                </TextEquiv>
            </TextLine>
            <TextLine id="r2l21" custom="readingOrder {index:19;}">
                <Coords points="228,1089 1086,1088 1086,1053 1053,1050 228,1049"/>
                <Baseline points="234,1080 276,1079 318,1079 360,1079 403,1079 445,1079 487,1080 530,1080 572,1080 614,1080 657,1080 699,1080 741,1080 783,1081 826,1082 868,1082 910,1082 953,1082 995,1081 1037,1080 1080,1080"/>
                <TextEquiv>
                    <Unicode>sua indomita permanebat. Propter quod subdit. Pallebant.</Unicode>
                </TextEquiv>
            </TextLine>
            <TextLine id="r2l22" custom="readingOrder {index:20;}">
                <Coords points="225,1129 880,1141 1073,1129 1073,1093 225,1099"/>
                <Baseline points="230,1119 271,1119 313,1119 355,1119 397,1119 439,1119 481,1119 523,1119 565,1121 607,1121 649,1121 690,1121 732,1121 774,1121 816,1122 858,1122 900,1122 942,1122 984,1121 1026,1121 1068,1121"/>
                <TextEquiv>
                    <Unicode>ora ieioniis, &amp; mens estuabat in frigido corpore, &amp; ante</Unicode>
                </TextEquiv>
            </TextLine>
            <TextLine id="r2l23" custom="readingOrder {index:21;}">
                <Coords points="218,1170 1076,1172 1065,1128 218,1128"/>
                <Baseline points="224,1158 266,1158 308,1158 350,1158 393,1158 435,1158 477,1158 520,1160 562,1160 604,1160 647,1160 689,1160 731,1160 773,1161 816,1161 858,1161 900,1161 943,1161 985,1161 1027,1160 1070,1160"/>
                <TextEquiv>
                    <Unicode>hominem iam sua carne praemortuum solius libidinis in</Unicode>
                </TextEquiv>
            </TextLine>
            <TextLine id="r2l24" custom="readingOrder {index:22;}">
                <Coords points="226,1208 1079,1202 1079,1173 997,1166 226,1171"/>
                <Baseline points="231,1200 273,1200 315,1199 357,1199 399,1199 441,1199 483,1199 526,1199 568,1199 610,1199 652,1199 694,1200 736,1200 778,1200 821,1200 863,1200 905,1200 947,1199 989,1199 1031,1199 1074,1199"/>
                <TextEquiv>
                    <Unicode>cendia bulliebant. Propter quod addit, quod si nos, qui exo¬ </Unicode>
                </TextEquiv>
            </TextLine>
            <TextLine id="r2l25" custom="readingOrder {index:23;}">
                <Coords points="217,1249 1083,1249 1052,1208 217,1207"/>
                <Baseline points="222,1239 264,1238 307,1238 350,1238 393,1238 435,1238 478,1238 521,1238 564,1238 606,1238 649,1238 692,1239 735,1239 777,1239 820,1239 863,1241 906,1241 948,1241 991,1241 1034,1241 1077,1241"/>
                <TextEquiv>
                    <Unicode>sum habemus corpus talia sentimus, quid faciet puella in</Unicode>
                </TextEquiv>
            </TextLine>
            <TextLine id="r2l26" custom="readingOrder {index:24;}">
                <Coords points="228,1292 871,1289 871,1253 847,1248 561,1261 228,1244"/>
                <Baseline points="234,1277 265,1277 297,1277 328,1277 360,1277 392,1277 423,1277 455,1277 486,1277 518,1277 550,1277 581,1277 613,1277 644,1277 676,1277 708,1278 739,1278 771,1278 802,1278 834,1278 866,1278"/>
                <TextEquiv>
                    <Unicode>deliciis viuens. Nempe viuens mortua est.</Unicode>
                </TextEquiv>
            </TextLine>
            <TextLine id="r2l27" custom="readingOrder {index:25;}">
                <Coords points="231,1338 1029,1338 1085,1326 1085,1281 231,1293"/>
                <Baseline points="236,1314 278,1316 320,1316 362,1317 404,1317 447,1317 489,1319 531,1319 573,1319 615,1319 658,1319 700,1319 742,1319 784,1319 826,1319 869,1319 911,1319 953,1319 995,1319 1037,1319 1080,1319"/>
                <TextEquiv>
                    <Unicode>3 Praeterea, illa pugna est fortior &amp; difficilior, vbi pau</Unicode>
                </TextEquiv>
            </TextLine>
            <TextLine id="r2l28" custom="readingOrder {index:26;}">
                <Coords points="222,1368 1059,1371 1082,1327 222,1333"/>
                <Baseline points="227,1356 269,1356 311,1356 354,1356 396,1356 439,1356 481,1355 524,1355 566,1355 609,1355 651,1355 693,1355 736,1355 778,1355 821,1356 863,1356 906,1356 948,1356 991,1356 1033,1356 1076,1356"/>
                <TextEquiv>
                    <Unicode>ciora sunt auxilia, seu remedia: sed talis est carnis tenta¬</Unicode>
                </TextEquiv>
            </TextLine>
            <TextLine id="r2l29" custom="readingOrder {index:27;}">
                <Coords points="217,1410 1022,1416 1074,1406 1074,1369 217,1372"/>
                <Baseline points="222,1395 264,1395 306,1395 348,1395 391,1395 433,1395 475,1395 518,1395 560,1395 602,1397 645,1397 687,1397 729,1397 771,1397 814,1397 856,1397 898,1397 941,1397 983,1397 1025,1397 1068,1397"/>
                <TextEquiv>
                    <Unicode>tio, quia vnicum tantum habet remedium, scilicet fugam</Unicode>
                </TextEquiv>
            </TextLine>
            <TextLine id="r2l30" custom="readingOrder {index:28;}">
                <Coords points="219,1456 1075,1449 1075,1412 1005,1405 219,1410"/>
                <Baseline points="224,1436 266,1436 308,1436 350,1436 393,1436 435,1436 477,1436 520,1436 562,1436 604,1436 647,1436 689,1436 731,1436 773,1436 816,1436 858,1436 900,1436 943,1436 985,1436 1027,1436 1070,1436"/>
                <TextEquiv>
                    <Unicode>a causis, &amp; occasionibus huiusmodi tentationis. luxta quod</Unicode>
                </TextEquiv>
            </TextLine>
            <TextLine id="r2l31" custom="readingOrder {index:29;}">
                <Coords points="212,1491 880,1479 955,1500 1070,1485 1070,1448 212,1456"/>
                <Baseline points="218,1478 260,1476 302,1476 345,1475 387,1475 429,1475 472,1475 514,1475 556,1475 599,1475 641,1475 683,1475 726,1475 768,1475 810,1475 853,1475 895,1475 937,1475 980,1475 1022,1475 1065,1473"/>
                <TextEquiv>
                    <Unicode>ait Apostolus, Fugite fornicationem. Vnde etiam philoso.</Unicode>
                </TextEquiv>
            </TextLine>
            <TextLine id="r2l32" custom="readingOrder {index:30;}">
                <Coords points="228,1530 1066,1529 1072,1485 228,1489"/>
                <Baseline points="233,1517 274,1515 316,1515 358,1515 399,1514 441,1514 483,1514 524,1514 566,1514 608,1514 650,1514 691,1514 733,1515 775,1515 816,1515 858,1515 900,1515 941,1515 983,1515 1025,1514 1067,1514"/>
                <TextEquiv>
                    <Unicode>phus in ethicis ait, quod debemus pati illud, uuod senes</Unicode>
                </TextEquiv>
            </TextLine>
            <TextLine id="r2l33" custom="readingOrder {index:31;}">
                <Coords points="225,1574 1007,1564 1007,1520 224,1536"/>
                <Baseline points="230,1559 268,1557 307,1556 345,1554 384,1554 422,1553 461,1553 499,1553 538,1553 576,1553 615,1553 654,1553 692,1553 731,1554 769,1554 808,1554 846,1554 885,1553 923,1553 962,1553 1001,1551"/>
                <TextEquiv>
                    <Unicode>patiebantur ad Helenam dicentes, abiiciamus eam.</Unicode>
                </TextEquiv>
            </TextLine>
            <TextLine id="r2l34" custom="readingOrder {index:32;}">
                <Coords points="231,1599 853,1615 1075,1602 1075,1558 230,1573"/>
                <Baseline points="236,1596 277,1595 319,1595 361,1593 402,1593 444,1593 486,1593 527,1592 569,1592 611,1592 653,1592 694,1592 736,1592 778,1592 819,1592 861,1592 903,1592 944,1592 986,1592 1028,1592 1070,1592"/>
                <TextEquiv>
                    <Unicode>4 Praeterea, bellum intestinum est magis periculosum</Unicode>
                </TextEquiv>
            </TextLine>
            <TextLine id="r2l35" custom="readingOrder {index:33;}">
                <Coords points="228,1646 1078,1640 1078,1609 1022,1601 228,1603"/>
                <Baseline points="233,1634 275,1634 317,1632 359,1632 401,1632 443,1632 485,1631 527,1631 569,1631 611,1631 653,1631 695,1631 737,1631 779,1631 821,1631 863,1631 905,1631 947,1631 989,1631 1031,1631 1073,1631"/>
                <TextEquiv>
                    <Unicode>Propter quod ait Docthius, quod nulla est poior pestis, quam </Unicode>
                </TextEquiv>
            </TextLine>
            <TextLine id="r2l36" custom="readingOrder {index:34;}">
                <Coords points="225,1686 1086,1678 1085,1637 225,1648"/>
                <Baseline points="230,1676 272,1674 315,1674 357,1673 400,1673 442,1672 485,1671 527,1671 570,1671 612,1670 655,1670 697,1670 740,1670 782,1670 825,1670 867,1670 910,1670 952,1670 995,1670 1037,1670 1080,1670"/>
                <TextEquiv>
                    <Unicode>familiaris inimicus: sed catnis tentatio est bellum intesti</Unicode>
                </TextEquiv>
            </TextLine>
            <TextLine id="r2l37" custom="readingOrder {index:35;}">
                <Coords points="215,1724 1047,1721 1070,1719 1070,1683 215,1696"/>
                <Baseline points="221,1715 263,1713 305,1712 347,1712 389,1712 432,1710 474,1710 516,1710 558,1710 600,1710 643,1710 685,1710 727,1710 769,1710 811,1710 854,1710 896,1710 938,1709 980,1709 1022,1709 1065,1709"/>
                <TextEquiv>
                    <Unicode>num: quia in huiusmodi bello eiusdem totius pars est conm¬</Unicode>
                </TextEquiv>
            </TextLine>
            <TextLine id="r2l38" custom="readingOrder {index:36;}">
                <Coords points="225,1766 1036,1770 1079,1761 1079,1732 225,1734"/>
                <Baseline points="230,1754 272,1752 314,1752 356,1752 398,1752 441,1752 483,1751 525,1751 567,1751 609,1751 652,1751 694,1751 736,1751 778,1751 820,1751 863,1751 905,1751 947,1751 989,1751 1031,1751 1074,1752"/>
                <TextEquiv>
                    <Unicode>tra partem. Caro. n concupiscit aduersus spititum, &amp; spiri</Unicode>
                </TextEquiv>
            </TextLine>
            <TextLine id="r2l39" custom="readingOrder {index:37;}">
                <Coords points="234,1803 675,1796 720,1812 835,1803 835,1760 234,1772"/>
                <Baseline points="239,1793 268,1791 298,1790 327,1790 357,1788 386,1788 416,1788 445,1788 475,1788 504,1788 534,1788 564,1788 593,1788 623,1790 652,1790 682,1790 711,1790 741,1788 770,1788 800,1788 830,1787"/>
                <TextEquiv>
                    <Unicode>tus aduersus carnem, sicut ait Apostolus</Unicode>
                </TextEquiv>
            </TextLine>
            <TextLine id="r2l40" custom="readingOrder {index:38;}">
                <Coords points="269,1843 1052,1846 1073,1796 269,1800"/>
                <Baseline points="275,1830 314,1830 354,1830 393,1829 433,1829 473,1829 512,1829 552,1829 592,1829 631,1829 671,1828 711,1827 750,1827 790,1827 830,1827 869,1827 909,1827 949,1827 988,1829 1028,1829 1068,1829"/>
                <TextEquiv>
                    <Unicode>bed forte dicetur, quod fortior inimicus est diabolus: ergo</Unicode>
                </TextEquiv>
            </TextLine>
            <TextLine id="r2l41" custom="readingOrder {index:39;}">
                <Coords points="228,1880 1025,1883 1079,1876 1079,1841 228,1844"/>
                <Baseline points="233,1871 275,1871 317,1870 359,1869 401,1869 443,1868 485,1868 527,1868 569,1868 611,1868 653,1866 695,1866 737,1866 779,1866 821,1866 863,1866 905,1866 947,1866 989,1866 1031,1866 1074,1866"/>
                <TextEquiv>
                    <Unicode>eius bellum est periculosius Consequentia patet Antece¬</Unicode>
                </TextEquiv>
            </TextLine>
            <TextLine id="r2l42" custom="readingOrder {index:40;}">
                <Coords points="236,1921 920,1911 1079,1933 1079,1880 1015,1873 236,1883"/>
                <Baseline points="242,1910 283,1909 325,1908 366,1908 408,1908 449,1907 491,1907 532,1907 574,1907 615,1907 657,1907 699,1907 740,1908 782,1908 823,1908 865,1908 906,1908 948,1908 989,1908 1031,1907 1073,1907"/>
                <TextEquiv>
                    <Unicode>dens est satis euidens lob. 41. vbi dicitur de diabolo, quod</Unicode>
                </TextEquiv>
            </TextLine>
            <TextLine id="r2l43" custom="readingOrder {index:41;}">
                <Coords points="230,1964 864,1969 994,1959 994,1915 230,1921"/>
                <Baseline points="236,1950 273,1950 311,1949 348,1949 386,1948 424,1947 461,1947 499,1946 537,1946 574,1946 612,1946 650,1946 687,1946 725,1946 763,1946 800,1946 838,1946 876,1946 913,1946 951,1947 989,1947"/>
                <TextEquiv>
                    <Unicode>non est potestas super terram, quae ei comparetur.</Unicode>
                </TextEquiv>
            </TextLine>
            <TextLine id="r2l44" custom="readingOrder {index:42;}">
                <Coords points="277,2004 1077,2000 1085,1960 277,1962"/>
                <Baseline points="282,1989 321,1988 361,1988 401,1988 441,1986 481,1986 521,1986 560,1986 600,1986 640,1986 680,1985 720,1985 760,1985 800,1985 839,1985 879,1985 919,1986 959,1986 999,1986 1039,1986 1079,1985"/>
                <TextEquiv>
                    <Unicode>Respondeo, quod hoc potest intelligi uon de malitia</Unicode>
                </TextEquiv>
            </TextLine>
            <TextLine id="r2l45" custom="readingOrder {index:43;}">
                <Coords points="234,2044 1077,2036 1077,2005 1014,1992 234,1995"/>
                <Baseline points="239,2028 280,2028 322,2028 363,2027 405,2027 447,2027 488,2027 530,2027 571,2025 613,2025 655,2025 696,2025 738,2025 779,2025 821,2025 863,2024 904,2024 946,2024 987,2024 1029,2024 1071,2025"/>
                <TextEquiv>
                    <Unicode>tentatiua, scilicet de virtute motiua, seu actiua: quasi Deus</Unicode>
                </TextEquiv>
            </TextLine>
            <TextLine id="r2l46" custom="readingOrder {index:44;}">
                <Coords points="234,2090 1085,2075 1085,2036 234,2044"/>
                <Baseline points="239,2072 281,2069 323,2068 365,2067 407,2066 449,2066 491,2064 533,2064 575,2064 617,2064 659,2064 701,2064 743,2064 785,2064 827,2064 869,2064 911,2064 953,2064 995,2063 1037,2063 1080,2061"/>
                <TextEquiv>
                    <Unicode>permitteret, diabolus vnum totum montem transuerte¬</Unicode>
                </TextEquiv>
            </TextLine>
            <TextLine id="r2l47" custom="readingOrder {index:45;}">
                <Coords points="227,2121 1024,2121 1087,2112 1087,2076 227,2092"/>
                <Baseline points="233,2111 275,2109 317,2108 360,2107 402,2106 445,2105 487,2105 530,2105 572,2105 615,2105 657,2105 699,2105 742,2105 784,2105 827,2105 869,2105 912,2105 954,2103 997,2103 1039,2103 1082,2102"/>
                <TextEquiv>
                    <Unicode>re posset valde velociter, quod tamen nullus homo pos¬</Unicode>
                </TextEquiv>
            </TextLine>
            <TextLine id="r2l48" custom="readingOrder {index:46;}">
                <Coords points="225,2163 1080,2160 1088,2111 225,2121"/>
                <Baseline points="230,2148 272,2148 315,2147 357,2145 400,2145 443,2144 485,2144 528,2144 570,2144 613,2144 656,2144 698,2144 741,2144 783,2144 826,2144 869,2144 911,2144 954,2144 996,2144 1039,2145 1082,2145"/>
                <TextEquiv>
                    <Unicode>set si tamen intelligitur de malitia tentatiua, tunc dico, </Unicode>
                </TextEquiv>
            </TextLine>
            <TextLine id="r2l49" custom="readingOrder {index:47;}">
                <Coords points="229,2210 1031,2196 1084,2191 1084,2159 228,2163"/>
                <Baseline points="234,2187 276,2186 318,2186 360,2185 403,2184 445,2184 487,2184 529,2183 572,2183 614,2183 656,2183 698,2183 741,2183 783,2183 825,2183 867,2183 910,2184 952,2184 994,2184 1036,2184 1079,2183"/>
                <TextEquiv>
                    <Unicode>quod ibi loquitur scriptura de potestate demonis cum in</Unicode>
                </TextEquiv>
            </TextLine>
            <TextLine id="r2l50" custom="readingOrder {index:48;}">
                <Coords points="235,2240 1076,2230 1075,2192 1042,2190 235,2210"/>
                <Baseline points="240,2228 281,2226 323,2226 364,2225 406,2225 447,2224 489,2223 530,2223 572,2223 613,2223 655,2223 696,2223 738,2223 779,2223 821,2222 862,2222 904,2222 945,2222 987,2222 1028,2222 1070,2222"/>
                <TextEquiv>
                    <Unicode>rlusione tentationis carnalis, qua tamquam instrumento</Unicode>
                </TextEquiv>
            </TextLine>
            <TextLine id="r2l51" custom="readingOrder {index:49;}">
                <Coords points="236,2276 1056,2279 1087,2272 1087,2235 236,2240"/>
                <Baseline points="242,2267 284,2265 326,2264 368,2264 410,2262 452,2262 494,2262 536,2262 578,2262 620,2262 662,2262 704,2262 746,2262 788,2262 830,2262 872,2262 914,2262 956,2262 998,2262 1040,2261 1082,2261"/>
                <TextEquiv>
                    <Unicode>vtitur nos tentando. inxta illud, virtus in lumbis eius; &amp; </Unicode>
                </TextEquiv>
            </TextLine>
            <TextLine id="r2l52" custom="readingOrder {index:50;}">
                <Coords points="237,2314 1057,2317 1076,2273 237,2276"/>
                <Baseline points="242,2306 283,2304 324,2304 366,2303 407,2303 449,2303 490,2301 532,2301 573,2301 615,2301 656,2301 697,2300 739,2300 780,2300 822,2300 863,2300 905,2301 946,2301 988,2301 1029,2301 1071,2301"/>
                <TextEquiv>
                    <Unicode>fortitudo illius in vmbilico ventris eius. Et ideo vt sic, po</Unicode>
                </TextEquiv>
            </TextLine>
            <TextLine id="r2l53" custom="readingOrder {index:51;}">
                <Coords points="235,2360 1002,2357 1087,2352 1087,2315 235,2325"/>
                <Baseline points="240,2346 282,2345 324,2343 366,2343 408,2342 450,2341 492,2340 534,2340 576,2340 618,2340 661,2339 703,2339 745,2339 787,2339 829,2339 871,2339 913,2340 955,2340 997,2340 1039,2340 1082,2339"/>
                <TextEquiv>
                    <Unicode>ta vt tentatio demonis includit tentationem carnis, tunc</Unicode>
                </TextEquiv>
            </TextLine>
            <TextLine id="r2l54" custom="readingOrder {index:52;}">
                <Coords points="233,2398 1085,2395 1084,2349 1049,2347 233,2360"/>
                <Baseline points="239,2384 281,2384 323,2384 365,2382 407,2382 449,2382 491,2381 533,2381 575,2381 617,2379 659,2379 701,2379 743,2379 785,2379 827,2379 869,2379 911,2379 953,2379 995,2379 1037,2379 1079,2381"/>
                <TextEquiv>
                    <Unicode>non mrum, si validior est potestas tentatiua daemonis,</Unicode>
                </TextEquiv>
            </TextLine>
            <TextLine id="r2l55" custom="readingOrder {index:53;}">
                <Coords points="237,2433 979,2436 1088,2425 1088,2395 237,2404"/>
                <Baseline points="242,2424 284,2423 326,2423 368,2422 410,2421 452,2421 494,2421 536,2420 578,2420 620,2420 662,2420 704,2420 746,2420 788,2420 830,2420 872,2420 914,2418 956,2418 998,2418 1040,2418 1083,2418"/>
                <TextEquiv>
                    <Unicode>quam solius carnis. Si autem vtraque tentatio, carnis. s:&amp; </Unicode>
                </TextEquiv>
            </TextLine>
            <TextLine id="r2l56" custom="readingOrder {index:54;}">
                <Coords points="240,2475 1049,2475 1084,2465 1084,2426 239,2437"/>
                <Baseline points="245,2462 286,2462 328,2462 370,2460 411,2460 453,2460 495,2460 536,2460 578,2459 620,2459 662,2459 703,2459 745,2459 787,2459 828,2459 870,2457 912,2457 953,2457 995,2457 1037,2457 1079,2456"/>
                <TextEquiv>
                    <Unicode>daemonis seorsum per se sumatur, tunc tentatio carnis est</Unicode>
                </TextEquiv>
            </TextLine>
            <TextLine id="r2l57" custom="readingOrder {index:55;}">
                <Coords points="240,2512 1082,2506 1081,2465 1030,2463 240,2475"/>
                <Baseline points="245,2501 286,2501 328,2501 369,2499 411,2499 452,2499 494,2499 535,2499 577,2498 618,2498 660,2498 702,2498 743,2498 785,2498 826,2498 868,2496 909,2496 951,2496 992,2496 1034,2496 1076,2495"/>
                <TextEquiv>
                    <Unicode>fortior tentatione daemonis, quia nulla existente tentatio</Unicode>
                </TextEquiv>
            </TextLine>
            <TextLine id="r2l58" custom="readingOrder {index:56;}">
                <Coords points="239,2554 1064,2550 1075,2503 239,2519"/>
                <Baseline points="245,2543 286,2541 327,2541 368,2540 410,2540 451,2540 492,2538 533,2538 575,2538 616,2538 657,2538 698,2537 740,2537 781,2537 822,2537 863,2537 905,2535 946,2535 987,2535 1028,2534 1070,2534"/>
                <TextEquiv>
                    <Unicode>ne carnalis complexionis, tunc de quocunque vitio homo</Unicode>
                </TextEquiv>
            </TextLine>
            <TextLine id="r2l59" custom="readingOrder {index:57;}">
                <Coords points="235,2593 962,2597 1091,2585 1091,2557 234,2557"/>
                <Baseline points="240,2580 282,2580 324,2580 366,2580 409,2579 451,2579 493,2579 536,2578 578,2577 620,2577 663,2577 705,2576 747,2576 789,2576 832,2574 874,2574 916,2574 959,2574 1001,2574 1043,2574 1086,2574"/>
                <TextEquiv>
                    <Unicode>ademone tentaretur, de facili homo vinceret, quia totus</Unicode>
                </TextEquiv>
            </TextLine>
            <TextLine id="r2l60" custom="readingOrder {index:58;}">
                <Coords points="241,2636 1053,2629 1081,2627 1081,2588 240,2592"/>
                <Baseline points="246,2622 287,2621 329,2619 370,2618 412,2618 453,2616 495,2616 536,2616 578,2616 619,2616 661,2616 702,2616 744,2616 785,2616 827,2616 868,2615 910,2615 951,2615 993,2615 1034,2613 1076,2612"/>
                <TextEquiv>
                    <Unicode>homo pugnaret, sed de quocumque vitio insito secundum</Unicode>
                </TextEquiv>
            </TextLine>
            <TextLine id="r2l61" custom="readingOrder {index:59;}">
                <Coords points="246,2671 1029,2672 1085,2662 1085,2626 245,2641"/>
                <Baseline points="251,2660 292,2660 333,2658 375,2658 416,2657 458,2657 499,2657 540,2656 582,2655 623,2655 665,2655 706,2654 747,2654 789,2654 830,2654 872,2654 913,2652 954,2652 996,2652 1037,2652 1079,2652"/>
                <TextEquiv>
                    <Unicode>catnalem complexionem, ac secundum astrorum impres</Unicode>
                </TextEquiv>
            </TextLine>
            <TextLine id="r2l62" custom="readingOrder {index:60;}">
                <Coords points="241,2714 1082,2708 1082,2661 241,2672"/>
                <Baseline points="246,2700 287,2699 329,2697 370,2696 412,2695 453,2694 495,2694 536,2694 578,2694 619,2694 661,2694 703,2694 744,2694 786,2694 827,2694 869,2694 910,2693 952,2693 993,2693 1035,2691 1077,2691"/>
                <TextEquiv>
                    <Unicode>sionem tentatur homo ab intrinseco, etiam cessante om-</Unicode>
                </TextEquiv>
            </TextLine>
            <TextLine id="r2l63" custom="readingOrder {index:61;}">
                <Coords points="250,2757 1030,2750 1088,2739 1088,2713 249,2717"/>
                <Baseline points="255,2739 296,2738 337,2736 379,2735 420,2735 462,2734 503,2733 544,2733 586,2733 627,2733 669,2733 710,2733 751,2733 793,2733 834,2733 876,2733 917,2732 958,2732 1000,2732 1041,2730 1083,2730"/>
                <TextEquiv>
                    <Unicode>ni tentatione extrinseca ipsius daem onis, tunc non pugnat</Unicode>
                </TextEquiv>
            </TextLine>
            <TextLine id="r2l64" custom="readingOrder {index:62;}">
                <Coords points="252,2787 1092,2776 1077,2738 252,2757"/>
                <Baseline points="258,2780 299,2778 340,2776 382,2774 423,2774 465,2772 506,2772 547,2772 589,2772 630,2771 672,2771 713,2771 754,2771 796,2771 837,2771 879,2771 920,2771 961,2771 1003,2771 1044,2769 1086,2769"/>
                <TextEquiv>
                    <Unicode>otus homo: sed est diuisus in seipso, iuxta illud Aposto¬</Unicode>
                </TextEquiv>
            </TextLine>
            <TextLine id="r2l65" custom="readingOrder {index:63;}">
                <Coords points="240,2834 1044,2825 1085,2818 1085,2775 239,2788"/>
                <Baseline points="245,2819 286,2817 328,2816 370,2815 412,2814 453,2813 495,2813 537,2813 579,2811 620,2811 662,2811 704,2811 746,2810 787,2810 829,2810 871,2810 913,2810 954,2810 996,2810 1038,2810 1080,2811"/>
                <TextEquiv>
                    <Unicode>li, Sentio aliam legem in membris meis repugnantem le</Unicode>
                </TextEquiv>
            </TextLine>
            <TextLine id="r2l66" custom="readingOrder {index:64;}">
                <Coords points="255,2873 1042,2869 1094,2857 1094,2818 254,2840"/>
                <Baseline points="260,2858 301,2856 342,2855 384,2854 425,2853 467,2852 508,2852 550,2850 591,2850 633,2850 674,2850 715,2849 757,2849 798,2849 840,2849 881,2849 923,2849 964,2849 1006,2849 1047,2850 1089,2850"/>
                <TextEquiv>
                    <Unicode>simentis meae, &amp; captiuantem me in lege peccati. Et quia</Unicode>
                </TextEquiv>
            </TextLine>
            <TextLine id="r2l67" custom="readingOrder {index:65;}">
                <Coords points="233,2905 1089,2902 1089,2861 233,2879"/>
                <Baseline points="239,2897 281,2895 323,2894 365,2893 407,2892 450,2892 492,2891 534,2891 576,2891 618,2889 661,2889 703,2889 745,2889 787,2889 829,2889 872,2889 914,2888 956,2888 998,2888 1040,2888 1083,2888"/>
                <TextEquiv>
                    <Unicode>omne regnum in se diuisum desolabitur: igitur nisi in ta¬</Unicode>
                </TextEquiv>
            </TextLine>
            <TextLine id="r2l68" custom="readingOrder {index:66;}">
                <Coords points="238,2948 1075,2943 1098,2904 238,2908"/>
                <Baseline points="243,2937 285,2936 327,2934 370,2933 412,2932 455,2931 497,2930 540,2930 582,2930 625,2930 667,2929 709,2928 752,2928 794,2928 837,2928 879,2928 922,2928 964,2928 1007,2927 1049,2927 1092,2927"/>
                <TextEquiv>
                    <Unicode>li pugna homo diuinitus adiuuetur, tunc aut impossibilis</Unicode>
                </TextEquiv>
            </TextLine>
            <TextLine id="r2l69" custom="readingOrder {index:67;}">
                <Coords points="238,2987 1088,2981 1088,2944 238,2956"/>
                <Baseline points="243,2976 285,2975 327,2973 369,2973 411,2972 453,2972 495,2970 537,2970 579,2969 621,2969 663,2968 705,2967 747,2967 789,2967 831,2967 873,2967 915,2967 957,2966 999,2966 1041,2966 1083,2967"/>
                <TextEquiv>
                    <Unicode>aut valde difficilis est victoria. Propter quod notanter</Unicode>
                </TextEquiv>
            </TextLine>
            <TextLine id="r2l70" custom="readingOrder {index:68;}">
                <Coords points="234,3025 1082,3020 1091,2977 234,2996"/>
                <Baseline points="239,3014 281,3012 323,3012 366,3012 408,3011 450,3011 493,3011 535,3011 577,3009 620,3009 662,3009 704,3009 747,3008 789,3008 831,3008 874,3008 916,3008 958,3008 1001,3008 1043,3008 1086,3008"/>
                <TextEquiv>
                    <Unicode>ait Sapiens, Sciui, quoniam aliter non possum esse conti¬</Unicode>
                </TextEquiv>
            </TextLine>
            <TextLine id="r2l72" custom="readingOrder {index:69;}">
                <Coords points="238,3066 302,3061 327,3071 417,3057 454,3064 469,3055 534,3066 551,3061 551,3033 489,3019 466,3033 446,3022 434,3030 378,3021 313,3037 261,3023 237,3032"/>
                <Baseline points="243,3057 268,3056 293,3054 318,3053 344,3053 369,3051 394,3051 419,3051 445,3050 470,3050 495,3050 520,3050 546,3051"/>
                <TextEquiv>
                    <Unicode>nens, nisi Deus det.</Unicode>
                </TextEquiv>
            </TextLine>
            <TextLine id="r2l73" custom="readingOrder {index:70;}">
                <Coords points="244,3108 975,3106 1096,3093 1097,3056 244,3065"/>
                <Baseline points="249,3095 291,3093 333,3093 375,3092 417,3092 459,3090 501,3090 544,3090 586,3089 628,3089 670,3089 712,3087 754,3087 796,3087 839,3087 881,3086 923,3086 965,3086 1007,3086 1049,3085 1092,3084"/>
                <TextEquiv>
                    <Unicode>Secunda conclusio est, quod tentatio hominis in paradiso</Unicode>
                </TextEquiv>
            </TextLine>
            <TextLine id="r2l74" custom="readingOrder {index:71;}">
                <Coords points="244,3154 1098,3136 1097,3100 1043,3094 244,3115"/>
                <Baseline points="249,3135 291,3134 333,3132 375,3132 417,3131 459,3129 501,3129 544,3128 586,3128 628,3128 670,3128 712,3128 754,3126 796,3126 839,3126 881,3126 923,3126 965,3126 1007,3125 1049,3125 1092,3125"/>
                <TextEquiv>
                    <Unicode>non fuit a carnali complexione, sed ab ipso demone, quia</Unicode>
                </TextEquiv>
            </TextLine>
            <TextLine id="r2l75" custom="readingOrder {index:72;}">
                <Coords points="244,3185 1054,3194 1099,3175 1099,3139 244,3153"/>
                <Baseline points="249,3177 291,3176 333,3176 375,3175 418,3174 460,3174 502,3173 544,3173 587,3171 629,3171 671,3171 713,3170 756,3170 798,3170 840,3169 882,3168 925,3168 967,3168 1009,3168 1051,3168 1094,3167"/>
                <TextEquiv>
                    <Unicode>vbi omnia intrinseca sunt ordinatissime disposita, ibi pars</Unicode>
                </TextEquiv>
            </TextLine>
            <TextEquiv>
                <Unicode>domandum carnem suam seipsum in ignem posuit. Patet
etiam de illo sancto in vita patrum, qui quinque digitos
suos vnum post alium omnes vna nocte posuit in igne ad
resistendum tentationi, &amp; a domandum carnem, cum ten
taretur a quadam meretrice. Patet etiam de beato Dene
dicto, qui se nudum posuit in lecto de spinis &amp; vrticis pa¬
rato. Patet etiam de beato Hieronvmo, qui cum maximis
abstinentiis vix carnem suam cohibere potuit ab illece¬
bris, vt patet in epistola ad Paulam, vbi vitam suam descri
bes quantum ad cibum ait, Decibis autem &amp; potu taceo, 
cum languentes monachi frigida aqua vtantur, &amp; coctum
aliquid sumere luxuria sit. De vigiliis &amp; asperitatibus sub
dit. Quotidie lacrvmas, quotidie gemitus fundebam. De
asperitate vero loci ait, quod habitabat in vasta illa solitu
dine, quae adusta solis ardoribus horridum monachis pre¬
stabat habitaculum. Quantum ad lectu ait, quod si repu¬
gnantem somnus imminens oppressisset, nudae humo os¬
sa arentia collidebam. His &amp; multis aliis suis castigationi
bus non obstantibus, ad huc tamen vt conqueritur caro
sua indomita permanebat. Propter quod subdit. Pallebant.
ora ieioniis, &amp; mens estuabat in frigido corpore, &amp; ante
hominem iam sua carne praemortuum solius libidinis in
cendia bulliebant. Propter quod addit, quod si nos, qui exo¬ 
sum habemus corpus talia sentimus, quid faciet puella in
deliciis viuens. Nempe viuens mortua est.
3 Praeterea, illa pugna est fortior &amp; difficilior, vbi pau
ciora sunt auxilia, seu remedia: sed talis est carnis tenta¬
tio, quia vnicum tantum habet remedium, scilicet fugam
a causis, &amp; occasionibus huiusmodi tentationis. luxta quod
ait Apostolus, Fugite fornicationem. Vnde etiam philoso.
phus in ethicis ait, quod debemus pati illud, uuod senes
patiebantur ad Helenam dicentes, abiiciamus eam.
4 Praeterea, bellum intestinum est magis periculosum
Propter quod ait Docthius, quod nulla est poior pestis, quam 
familiaris inimicus: sed catnis tentatio est bellum intesti
num: quia in huiusmodi bello eiusdem totius pars est conm¬
tra partem. Caro. n concupiscit aduersus spititum, &amp; spiri
tus aduersus carnem, sicut ait Apostolus
bed forte dicetur, quod fortior inimicus est diabolus: ergo
eius bellum est periculosius Consequentia patet Antece¬
dens est satis euidens lob. 41. vbi dicitur de diabolo, quod
non est potestas super terram, quae ei comparetur.
Respondeo, quod hoc potest intelligi uon de malitia
tentatiua, scilicet de virtute motiua, seu actiua: quasi Deus
permitteret, diabolus vnum totum montem transuerte¬
re posset valde velociter, quod tamen nullus homo pos¬
set si tamen intelligitur de malitia tentatiua, tunc dico, 
quod ibi loquitur scriptura de potestate demonis cum in
rlusione tentationis carnalis, qua tamquam instrumento
vtitur nos tentando. inxta illud, virtus in lumbis eius; &amp; 
fortitudo illius in vmbilico ventris eius. Et ideo vt sic, po
ta vt tentatio demonis includit tentationem carnis, tunc
non mrum, si validior est potestas tentatiua daemonis,
quam solius carnis. Si autem vtraque tentatio, carnis. s:&amp; 
daemonis seorsum per se sumatur, tunc tentatio carnis est
fortior tentatione daemonis, quia nulla existente tentatio
ne carnalis complexionis, tunc de quocunque vitio homo
ademone tentaretur, de facili homo vinceret, quia totus
homo pugnaret, sed de quocumque vitio insito secundum
catnalem complexionem, ac secundum astrorum impres
sionem tentatur homo ab intrinseco, etiam cessante om-
ni tentatione extrinseca ipsius daem onis, tunc non pugnat
otus homo: sed est diuisus in seipso, iuxta illud Aposto¬
li, Sentio aliam legem in membris meis repugnantem le
simentis meae, &amp; captiuantem me in lege peccati. Et quia
omne regnum in se diuisum desolabitur: igitur nisi in ta¬
li pugna homo diuinitus adiuuetur, tunc aut impossibilis
aut valde difficilis est victoria. Propter quod notanter
ait Sapiens, Sciui, quoniam aliter non possum esse conti¬
nens, nisi Deus det.
Secunda conclusio est, quod tentatio hominis in paradiso
non fuit a carnali complexione, sed ab ipso demone, quia
vbi omnia intrinseca sunt ordinatissime disposita, ibi pars</Unicode>
            </TextEquiv>
        </TextRegion>
        <TextRegion orientation="0.0" id="TextRegion_1603036692444_601" custom="readingOrder {index:1;}">
            <Coords points="1121,246 1991,246 1991,3226 1121,3226"/>
            <TextLine id="r3l3" custom="readingOrder {index:0;}">
                <Coords points="1141,345 1986,344 1986,298 1783,282 1141,295"/>
                <Baseline points="1146,336 1187,336 1229,335 1271,335 1312,335 1354,335 1396,335 1437,335 1479,335 1521,336 1563,336 1604,336 1646,336 1688,336 1729,336 1771,336 1813,335 1854,335 1896,335 1938,335 1980,335"/>
                <TextEquiv>
                    <Unicode>attem non impugnat, sed adiuuat, ciuitas enim non est</Unicode>
                </TextEquiv>
            </TextLine>
            <TextLine id="r3l4" custom="readingOrder {index:1;}">
                <Coords points="1137,384 1977,384 1977,352 1910,342 1137,347"/>
                <Baseline points="1143,374 1184,374 1225,375 1267,375 1308,375 1350,375 1391,375 1432,375 1474,375 1515,374 1557,374 1598,374 1639,374 1681,374 1722,374 1764,374 1805,374 1846,374 1888,374 1929,374 1971,374"/>
                <TextEquiv>
                    <Unicode>ene disposita, cum vicinus impugnat iudicium: sed ratio</Unicode>
                </TextEquiv>
            </TextLine>
            <TextLine id="r3l5" custom="readingOrder {index:2;}">
                <Coords points="1128,427 1946,422 1973,420 1973,386 1128,391"/>
                <Baseline points="1134,414 1175,414 1217,414 1259,414 1300,414 1342,414 1384,414 1425,414 1467,414 1509,414 1551,414 1592,414 1634,414 1676,414 1717,414 1759,414 1801,414 1842,414 1884,414 1926,414 1968,414"/>
                <TextEquiv>
                    <Unicode>ne originalis iustitiae in statu illius innocentiae omnia ho</Unicode>
                </TextEquiv>
            </TextLine>
            <TextLine id="r3l6" custom="readingOrder {index:3;}">
                <Coords points="1130,461 1884,471 1976,464 1976,421 1130,426"/>
                <Baseline points="1136,452 1177,452 1219,453 1261,453 1303,453 1344,453 1386,453 1428,453 1470,453 1511,453 1553,453 1595,452 1637,452 1678,452 1720,452 1762,452 1804,452 1845,453 1887,453 1929,453 1971,453"/>
                <TextEquiv>
                    <Unicode>minis interiora fuernnt ordinatissime disposita, ergo nul</Unicode>
                </TextEquiv>
            </TextLine>
            <TextLine id="r3l7" custom="readingOrder {index:4;}">
                <Coords points="1124,506 1974,499 1952,462 1124,463"/>
                <Baseline points="1130,491 1171,492 1213,492 1255,492 1297,492 1339,492 1381,492 1423,491 1465,491 1507,491 1549,491 1590,491 1632,491 1674,491 1716,491 1758,491 1800,491 1842,491 1884,491 1926,491 1968,492"/>
                <TextEquiv>
                    <Unicode>la ab intrinseco tali homini potuit esse pugna. Quod au¬</Unicode>
                </TextEquiv>
            </TextLine>
            <TextLine id="line_1603036692624_604" custom="readingOrder {index:5;}">
                <Coords points="1125,540 1997,539 1997,517 1924,501 1125,506"/>
                <Baseline points="1130,530 1178,530 1227,530 1276,530 1325,530 1373,531 1422,531 1471,531 1520,531 1568,531 1617,531 1666,531 1715,531 1763,531 1812,531 1861,531 1910,531 1958,533 1991,533"/>
                <TextEquiv>
                    <Unicode>tem fuerit extrinsecus a daemone, patet de serpente, in cu</Unicode>
                </TextEquiv>
            </TextLine>
            <TextLine id="r3l9" custom="readingOrder {index:6;}">
                <Coords points="1126,587 1957,587 1972,540 1126,541"/>
                <Baseline points="1131,569 1172,569 1214,569 1256,570 1298,570 1340,570 1381,570 1423,570 1465,569 1507,569 1549,569 1590,569 1632,569 1674,569 1716,569 1758,570 1799,570 1841,570 1883,570 1925,572 1967,573"/>
                <TextEquiv>
                    <Unicode>ius figura apparens daemon, primo tentauit mulierem, tam</Unicode>
                </TextEquiv>
            </TextLine>
            <TextLine id="r3l10" custom="readingOrder {index:7;}">
                <Coords points="1141,615 1973,616 1973,594 1922,582 1141,585"/>
                <Baseline points="1146,609 1187,609 1228,608 1269,608 1310,608 1351,608 1392,609 1433,609 1474,609 1515,609 1557,609 1598,610 1639,611 1680,611 1721,611 1762,611 1803,611 1844,612 1885,612 1926,612 1968,611"/>
                <TextEquiv>
                    <Unicode>uam partem infirmiorem: &amp; deinceps virum per mulie¬</Unicode>
                </TextEquiv>
            </TextLine>
            <TextLine id="r3l12" custom="readingOrder {index:8;}">
                <Coords points="1126,657 1361,669 1642,658 1642,629 1600,617 1348,633 1297,616 1126,625"/>
                <Baseline points="1131,651 1156,651 1181,650 1206,650 1232,650 1257,649 1282,648 1308,648 1333,648 1358,650 1384,650 1409,650 1434,650 1459,650 1485,650 1510,650 1535,650 1561,651 1586,651 1611,651 1637,650"/>
                <TextEquiv>
                    <Unicode>rem, tamquam partem fortiorem.</Unicode>
                </TextEquiv>
            </TextLine>
            <TextLine id="r3l13" custom="readingOrder {index:9;}">
                <Coords points="1246,816 1847,812 1833,733 1246,735"/>
                <Baseline points="1251,791 1280,789 1310,789 1339,789 1369,789 1398,788 1428,788 1457,788 1487,788 1516,788 1546,788 1576,788 1605,788 1635,788 1664,788 1694,788 1723,788 1753,788 1782,788 1812,789 1842,789"/>
                <TextEquiv>
                    <Unicode>ARTICVLVS II1.</Unicode>
                </TextEquiv>
            </TextLine>
            <TextLine id="r3l14" custom="readingOrder {index:10;}">
                <Coords points="1222,927 1588,924 1612,940 1887,921 1887,886 1787,890 1763,866 1694,891 1222,879"/>
                <Baseline points="1227,914 1259,914 1292,915 1325,915 1357,915 1390,915 1423,915 1455,915 1488,915 1521,914 1554,914 1586,914 1619,914 1652,914 1684,914 1717,914 1750,914 1782,914 1815,914 1848,914 1881,915"/>
                <TextEquiv>
                    <Unicode>Vtrum primi parentes peccquerint per</Unicode>
                </TextEquiv>
            </TextLine>
            <TextLine id="r3l15" custom="readingOrder {index:11;}">
                <Coords points="1433,991 1455,993 1494,971 1678,972 1678,938 1640,933 1611,940 1589,925 1462,936 1450,926 1434,927"/>
                <Baseline points="1439,965 1465,963 1491,962 1517,962 1543,963 1569,963 1595,964 1621,965 1647,965 1673,965"/>
                <TextEquiv>
                    <Unicode>ignorantiam.</Unicode>
                </TextEquiv>
            </TextLine>
            <TextLine id="r3l16" custom="readingOrder {index:12;}">
                <Coords points="1152,1082 1948,1106 1985,1087 1985,1049 1152,1046"/>
                <Baseline points="1157,1080 1198,1082 1239,1082 1280,1083 1321,1083 1362,1083 1403,1083 1444,1083 1485,1083 1526,1083 1568,1083 1609,1082 1650,1082 1691,1082 1732,1082 1773,1082 1814,1082 1855,1082 1896,1082 1937,1083 1979,1083"/>
                <TextEquiv>
                    <Unicode>SVANTVM ad tertium articulum tria inquirad.</Unicode>
                </TextEquiv>
            </TextLine>
            <TextLine id="r3l17" custom="readingOrder {index:13;}">
                <Coords points="1150,1131 1958,1139 1991,1137 1991,1081 1960,1105 1150,1102"/>
                <Baseline points="1155,1124 1196,1124 1238,1124 1279,1124 1321,1124 1362,1123 1404,1122 1445,1122 1487,1122 1528,1122 1570,1122 1612,1122 1653,1122 1695,1122 1736,1122 1778,1122 1819,1122 1861,1122 1902,1122 1944,1123 1986,1124"/>
                <TextEquiv>
                    <Unicode>A Primo, vtrum ignorantia sit peccatum. Secundo,</Unicode>
                </TextEquiv>
            </TextLine>
            <TextLine id="r3l19" custom="readingOrder {index:14;}">
                <Coords points="1121,1166 1982,1168 1982,1142 1943,1132 1121,1139"/>
                <Baseline points="1127,1160 1169,1160 1212,1161 1254,1161 1297,1161 1339,1163 1382,1163 1424,1163 1467,1163 1509,1163 1552,1163 1594,1163 1637,1163 1679,1163 1722,1163 1764,1163 1807,1161 1849,1161 1892,1161 1934,1161 1977,1160"/>
                <TextEquiv>
                    <Unicode>vtrum ignorantia excuset peccatum. Et tertio de articu¬</Unicode>
                </TextEquiv>
            </TextLine>
            <TextLine id="r3l21" custom="readingOrder {index:15;}">
                <Coords points="1125,1218 1847,1224 1980,1209 1980,1168 1125,1169"/>
                <Baseline points="1130,1200 1172,1200 1214,1200 1256,1200 1298,1200 1341,1200 1383,1200 1425,1200 1467,1200 1509,1200 1552,1200 1594,1200 1636,1200 1678,1200 1720,1200 1763,1200 1805,1200 1847,1200 1889,1200 1931,1200 1974,1199"/>
                <TextEquiv>
                    <Unicode>lo in se s. vtrum primi parentes peccauerint ex ignorantia.</Unicode>
                </TextEquiv>
            </TextLine>
            <TextLine id="r3l22" custom="readingOrder {index:16;}">
                <Coords points="1165,1245 1985,1245 1965,1208 1599,1229 1553,1208 1165,1207"/>
                <Baseline points="1170,1239 1210,1239 1251,1239 1291,1241 1332,1241 1372,1241 1413,1241 1453,1241 1494,1242 1534,1242 1575,1241 1615,1241 1656,1241 1696,1241 1737,1241 1777,1241 1818,1241 1858,1241 1899,1241 1939,1241 1980,1241"/>
                <TextEquiv>
                    <Unicode>Circa primum est aduertendum, quod multi multipli</Unicode>
                </TextEquiv>
            </TextLine>
            <TextLine id="r3l23" custom="readingOrder {index:17;}">
                <Coords points="1129,1285 1964,1286 1944,1253 1264,1263 1129,1240"/>
                <Baseline points="1134,1277 1175,1277 1216,1278 1257,1278 1299,1278 1340,1279 1381,1280 1422,1280 1464,1280 1505,1280 1546,1280 1587,1280 1629,1280 1670,1281 1711,1281 1752,1281 1794,1281 1835,1281 1876,1281 1917,1280 1959,1280"/>
                <TextEquiv>
                    <Unicode>citer distinguunt de ignorantia, luristae enim dicunt, quod</Unicode>
                </TextEquiv>
            </TextLine>
            <TextLine id="r3l24" custom="readingOrder {index:18;}">
                <Coords points="1132,1326 1967,1335 1967,1299 1863,1289 1132,1288"/>
                <Baseline points="1137,1316 1178,1316 1219,1317 1260,1317 1302,1319 1343,1319 1384,1319 1425,1319 1467,1319 1508,1320 1549,1320 1590,1320 1632,1320 1673,1320 1714,1320 1755,1320 1797,1320 1838,1320 1879,1319 1920,1319 1962,1319"/>
                <TextEquiv>
                    <Unicode>duplex sit ignorantia, scilicet ignorantia iuris, &amp; ignoran</Unicode>
                </TextEquiv>
            </TextLine>
            <TextLine id="r3l25" custom="readingOrder {index:19;}">
                <Coords points="1125,1364 1970,1375 1970,1335 1911,1326 1125,1328"/>
                <Baseline points="1131,1355 1172,1355 1214,1356 1256,1356 1297,1356 1339,1356 1381,1358 1422,1358 1464,1358 1506,1358 1548,1358 1589,1358 1631,1358 1673,1358 1714,1358 1756,1359 1798,1359 1839,1358 1881,1358 1923,1358 1965,1358"/>
                <TextEquiv>
                    <Unicode>tia facti. Philosophus autem in ethicis dicit, quod est quae</Unicode>
                </TextEquiv>
            </TextLine>
            <TextLine id="r3l26" custom="readingOrder {index:20;}">
                <Coords points="1131,1405 1963,1413 1970,1374 1131,1365"/>
                <Baseline points="1137,1394 1178,1395 1219,1395 1261,1395 1302,1397 1343,1397 1385,1397 1426,1397 1467,1397 1509,1397 1550,1397 1591,1397 1633,1397 1674,1397 1715,1397 1757,1397 1798,1397 1839,1397 1881,1397 1922,1397 1964,1398"/>
                <TextEquiv>
                    <Unicode>dam ignorantia vniuersalis, alia vero particularis. Et in</Unicode>
                </TextEquiv>
            </TextLine>
            <TextLine id="r3l27" custom="readingOrder {index:21;}">
                <Coords points="1124,1444 1847,1457 1954,1448 1974,1419 1886,1398 1754,1421 1125,1403"/>
                <Baseline points="1130,1433 1171,1434 1213,1434 1255,1434 1297,1434 1339,1435 1381,1436 1423,1436 1465,1436 1507,1436 1549,1437 1590,1437 1632,1437 1674,1437 1716,1437 1758,1437 1800,1437 1842,1437 1884,1437 1926,1436 1968,1436"/>
                <TextEquiv>
                    <Unicode>idem redeunt hae duae distinctiones: quia, quod philoso¬</Unicode>
                </TextEquiv>
            </TextLine>
            <TextLine id="r3l28" custom="readingOrder {index:22;}">
                <Coords points="1141,1489 1946,1495 1970,1488 1970,1441 1141,1444"/>
                <Baseline points="1146,1475 1189,1475 1232,1475 1275,1475 1318,1475 1361,1475 1404,1475 1447,1475 1490,1475 1533,1476 1577,1476 1620,1476 1663,1476 1706,1476 1749,1476 1792,1476 1835,1476 1878,1475 1921,1475 1965,1475"/>
                <TextEquiv>
                    <Unicode>hi appellant ignorantiam vniuersalem, hoc luristae ap¬</Unicode>
                </TextEquiv>
            </TextLine>
            <TextLine id="r3l29" custom="readingOrder {index:23;}">
                <Coords points="1146,1528 1968,1523 1959,1483 1147,1483"/>
                <Baseline points="1152,1511 1192,1512 1233,1512 1273,1514 1314,1514 1354,1514 1395,1514 1435,1514 1476,1515 1516,1515 1557,1515 1597,1515 1638,1515 1678,1515 1719,1515 1759,1515 1800,1515 1840,1515 1881,1515 1921,1515 1962,1515"/>
                <TextEquiv>
                    <Unicode>ellant ignorantiam iuris. Ille enim habet ignorantiam</Unicode>
                </TextEquiv>
            </TextLine>
            <TextLine id="r3l30" custom="readingOrder {index:24;}">
                <Coords points="1116,1568 1823,1573 1964,1561 1964,1524 1116,1534"/>
                <Baseline points="1121,1551 1162,1551 1204,1551 1246,1553 1288,1553 1330,1553 1372,1553 1413,1553 1455,1554 1497,1554 1539,1554 1581,1554 1623,1554 1665,1554 1706,1554 1748,1554 1790,1554 1832,1556 1874,1556 1916,1556 1958,1556"/>
                <TextEquiv>
                    <Unicode>iuris, scu vniuersalem de hac veritate, quod adulterium ess</Unicode>
                </TextEquiv>
            </TextLine>
            <TextLine id="r3l31" custom="readingOrder {index:25;}">
                <Coords points="1119,1600 1964,1608 1982,1562 1120,1570"/>
                <Baseline points="1125,1589 1167,1589 1210,1590 1252,1590 1295,1590 1337,1592 1380,1592 1422,1592 1465,1593 1507,1593 1550,1593 1593,1593 1635,1595 1678,1595 1720,1595 1763,1595 1805,1595 1848,1595 1890,1596 1933,1596 1976,1596"/>
                <TextEquiv>
                    <Unicode>mortale peccatum, qui simpliciter hoc ignorat. llle aute</Unicode>
                </TextEquiv>
            </TextLine>
            <TextLine id="r3l32" custom="readingOrder {index:26;}">
                <Coords points="1131,1637 1978,1643 1978,1606 1131,1603"/>
                <Baseline points="1137,1628 1178,1629 1220,1629 1262,1631 1304,1631 1346,1632 1387,1632 1429,1632 1471,1632 1513,1632 1555,1632 1596,1632 1638,1634 1680,1634 1722,1634 1764,1634 1805,1634 1847,1634 1889,1634 1931,1634 1973,1635"/>
                <TextEquiv>
                    <Unicode>tirca eandem veritatem habet ignorantiam facti, seu par</Unicode>
                </TextEquiv>
            </TextLine>
            <TextLine id="r3l33" custom="readingOrder {index:27;}">
                <Coords points="1123,1677 1914,1693 1978,1686 1979,1647 1123,1640"/>
                <Baseline points="1128,1667 1170,1668 1212,1668 1254,1670 1297,1670 1339,1671 1381,1671 1423,1673 1466,1673 1508,1673 1550,1673 1592,1673 1635,1673 1677,1673 1719,1673 1761,1673 1804,1673 1846,1673 1888,1673 1930,1673 1973,1671"/>
                <TextEquiv>
                    <Unicode>ticularem, qui bene scit adulterium esse peccatum, igno¬</Unicode>
                </TextEquiv>
            </TextLine>
            <TextLine id="r3l34" custom="readingOrder {index:28;}">
                <Coords points="1127,1719 1748,1732 1971,1723 1991,1687 1128,1678"/>
                <Baseline points="1133,1707 1175,1709 1218,1709 1260,1709 1303,1709 1346,1710 1388,1710 1431,1710 1473,1710 1516,1710 1559,1710 1601,1710 1644,1710 1686,1710 1729,1712 1772,1712 1814,1712 1857,1712 1899,1712 1942,1712 1985,1713"/>
                <TextEquiv>
                    <Unicode>rat tamen hoc adulterium esse peccatum, puta si de nocte</Unicode>
                </TextEquiv>
            </TextLine>
            <TextLine id="r3l36" custom="readingOrder {index:29;}">
                <Coords points="1118,1759 1986,1766 1986,1716 1118,1723"/>
                <Baseline points="1124,1748 1166,1748 1209,1748 1252,1749 1295,1749 1338,1749 1380,1749 1423,1749 1466,1749 1509,1751 1552,1751 1594,1751 1637,1751 1680,1751 1723,1751 1766,1752 1808,1752 1851,1752 1894,1752 1937,1753 1980,1754"/>
                <TextEquiv>
                    <Unicode>alia mulier loco vxoris suae se poneret ad lectum suum,</Unicode>
                </TextEquiv>
            </TextLine>
            <TextLine id="r3l38" custom="readingOrder {index:30;}">
                <Coords points="1126,1799 1961,1804 1961,1768 1921,1758 1126,1759"/>
                <Baseline points="1131,1787 1172,1787 1213,1787 1254,1787 1295,1787 1337,1787 1378,1787 1419,1787 1460,1787 1501,1787 1543,1787 1584,1787 1625,1787 1666,1787 1707,1787 1749,1788 1790,1788 1831,1788 1872,1788 1913,1790 1955,1791"/>
                <TextEquiv>
                    <Unicode>cum qua peccaret sine fraude, ipsam credens esse suam.</Unicode>
                </TextEquiv>
            </TextLine>
            <TextLine id="r3l39" custom="readingOrder {index:31;}">
                <Coords points="1167,1837 1971,1839 1971,1800 1167,1799"/>
                <Baseline points="1172,1824 1211,1825 1251,1826 1290,1826 1330,1826 1370,1827 1409,1827 1449,1827 1489,1827 1528,1827 1568,1827 1608,1827 1647,1827 1687,1827 1727,1827 1766,1828 1806,1829 1846,1829 1885,1829 1925,1830 1965,1830"/>
                <TextEquiv>
                    <Unicode>Theologi vero ponunt vnam distinctionem tri mem¬</Unicode>
                </TextEquiv>
            </TextLine>
            <TextLine id="r3l40" custom="readingOrder {index:32;}">
                <Coords points="1128,1880 1979,1883 1968,1838 1128,1831"/>
                <Baseline points="1133,1865 1175,1865 1217,1865 1259,1866 1301,1866 1343,1866 1385,1866 1427,1866 1469,1866 1511,1867 1553,1868 1595,1868 1637,1868 1679,1868 1721,1868 1763,1868 1805,1868 1847,1868 1889,1868 1931,1868 1974,1868"/>
                <TextEquiv>
                    <Unicode>brem, quia secundum eos quaedam est ignorantia affecta¬</Unicode>
                </TextEquiv>
            </TextLine>
            <TextLine id="r3l41" custom="readingOrder {index:33;}">
                <Coords points="1131,1915 1988,1917 1988,1881 1945,1875 1131,1880"/>
                <Baseline points="1137,1904 1179,1905 1221,1905 1263,1905 1306,1905 1348,1905 1390,1905 1433,1906 1475,1907 1517,1907 1560,1907 1602,1907 1644,1907 1686,1907 1729,1907 1771,1907 1813,1907 1856,1907 1898,1907 1940,1907 1983,1907"/>
                <TextEquiv>
                    <Unicode>ta, puta cum quis affectat se ignorare, vt liberius &amp; dele¬</Unicode>
                </TextEquiv>
            </TextLine>
            <TextLine id="r3l42" custom="readingOrder {index:34;}">
                <Coords points="1125,1961 1852,1964 1978,1953 1978,1918 1125,1919"/>
                <Baseline points="1130,1943 1172,1943 1214,1943 1256,1944 1298,1944 1340,1944 1382,1944 1425,1946 1467,1946 1509,1946 1551,1947 1593,1947 1635,1947 1677,1947 1720,1947 1762,1947 1804,1947 1846,1946 1888,1946 1930,1945 1973,1944"/>
                <TextEquiv>
                    <Unicode>ctabilius possit peccare, non habendo remorsum conscie¬</Unicode>
                </TextEquiv>
            </TextLine>
            <TextLine id="r3l43" custom="readingOrder {index:35;}">
                <Coords points="1125,1994 1783,2008 1966,1996 1979,1954 1125,1961"/>
                <Baseline points="1130,1983 1172,1983 1214,1983 1256,1985 1298,1985 1341,1985 1383,1985 1425,1985 1467,1985 1509,1985 1552,1985 1594,1985 1636,1986 1678,1986 1720,1986 1763,1986 1805,1986 1847,1986 1889,1986 1931,1985 1974,1985"/>
                <TextEquiv>
                    <Unicode>tiae. Alia est ignorantia neglecta, puta cum quis non affe¬</Unicode>
                </TextEquiv>
            </TextLine>
            <TextLine id="r3l44" custom="readingOrder {index:36;}">
                <Coords points="1140,2032 1930,2045 1979,2028 1979,1993 1140,1996"/>
                <Baseline points="1146,2021 1187,2021 1228,2022 1270,2022 1311,2022 1352,2024 1394,2024 1435,2024 1476,2024 1518,2024 1559,2024 1600,2024 1642,2024 1683,2024 1724,2024 1766,2024 1807,2024 1848,2024 1890,2024 1931,2025 1973,2025"/>
                <TextEquiv>
                    <Unicode>ctat se ignorare, attamen propter sui molliciem, &amp; pigri¬</Unicode>
                </TextEquiv>
            </TextLine>
            <TextLine id="r3l45" custom="readingOrder {index:37;}">
                <Coords points="1128,2073 1975,2081 1960,2035 1128,2039"/>
                <Baseline points="1134,2060 1175,2061 1217,2061 1259,2063 1301,2063 1343,2063 1384,2063 1426,2064 1468,2064 1510,2064 1552,2064 1593,2063 1635,2063 1677,2064 1719,2064 1761,2064 1802,2064 1844,2064 1886,2065 1928,2066 1970,2067"/>
                <TextEquiv>
                    <Unicode>tiam non facit tantum, quantum posset, &amp; deberet ad hoc, </Unicode>
                </TextEquiv>
            </TextLine>
            <TextLine id="r3l46" custom="readingOrder {index:38;}">
                <Coords points="1140,2120 1969,2121 1970,2079 1140,2079"/>
                <Baseline points="1145,2100 1188,2100 1231,2101 1274,2102 1317,2102 1360,2102 1403,2102 1446,2102 1489,2102 1532,2103 1576,2103 1619,2103 1662,2103 1705,2103 1748,2103 1791,2103 1834,2103 1877,2103 1920,2103 1964,2103"/>
                <TextEquiv>
                    <Unicode>quod sciat illud, quod scire tenetur; &amp; haec ignorantia ap</Unicode>
                </TextEquiv>
            </TextLine>
            <TextLine id="r3l47" custom="readingOrder {index:39;}">
                <Coords points="1152,2152 1982,2159 1982,2114 1152,2118"/>
                <Baseline points="1157,2139 1198,2139 1239,2141 1280,2141 1321,2141 1362,2141 1403,2141 1444,2142 1485,2142 1526,2141 1567,2141 1608,2141 1649,2141 1690,2141 1731,2141 1772,2141 1813,2142 1854,2142 1895,2142 1936,2144 1977,2144"/>
                <TextEquiv>
                    <Unicode>ellatur a luristis crassa, &amp; supina quia sicut homines cras</Unicode>
                </TextEquiv>
            </TextLine>
            <TextLine id="r3l48" custom="readingOrder {index:40;}">
                <Coords points="1137,2189 1976,2196 1976,2159 1929,2151 1137,2147"/>
                <Baseline points="1142,2178 1183,2179 1224,2180 1266,2181 1307,2181 1349,2181 1390,2181 1432,2181 1473,2181 1515,2181 1556,2181 1597,2181 1639,2181 1680,2181 1722,2181 1763,2181 1805,2181 1846,2181 1888,2181 1929,2181 1971,2181"/>
                <TextEquiv>
                    <Unicode>si iacentes supine, scilicet bassius cum capite, quam cum</Unicode>
                </TextEquiv>
            </TextLine>
            <TextLine id="r3l49" custom="readingOrder {index:41;}">
                <Coords points="1135,2233 1952,2235 1974,2196 1135,2195"/>
                <Baseline points="1140,2217 1181,2219 1222,2219 1264,2219 1305,2219 1347,2219 1388,2220 1429,2219 1471,2219 1512,2219 1554,2219 1595,2219 1636,2219 1678,2219 1719,2219 1761,2220 1802,2220 1843,2220 1885,2220 1926,2222 1968,2222"/>
                <TextEquiv>
                    <Unicode>reliquo corpore, tardius &amp; difficilius surgunt, sic laboran</Unicode>
                </TextEquiv>
            </TextLine>
            <TextLine id="r3l50" custom="readingOrder {index:42;}">
                <Coords points="1134,2268 1984,2277 1984,2236 1941,2230 1134,2234"/>
                <Baseline points="1139,2256 1181,2257 1223,2258 1265,2259 1307,2259 1349,2259 1391,2259 1433,2259 1475,2259 1517,2259 1559,2259 1601,2259 1643,2259 1685,2259 1727,2259 1769,2259 1811,2259 1853,2261 1895,2261 1937,2261 1979,2262"/>
                <TextEquiv>
                    <Unicode>tes iam dicta ignorantia minus studiose inquirunt, 2 pi¬</Unicode>
                </TextEquiv>
            </TextLine>
            <TextLine id="r3l51" custom="readingOrder {index:43;}">
                <Coords points="1140,2311 1978,2314 1978,2276 1874,2268 1140,2267"/>
                <Baseline points="1145,2295 1186,2297 1227,2297 1269,2298 1310,2299 1352,2300 1393,2300 1434,2300 1476,2300 1517,2298 1559,2298 1600,2298 1641,2298 1683,2298 1724,2298 1766,2298 1807,2298 1848,2298 1890,2300 1931,2301 1973,2303"/>
                <TextEquiv>
                    <Unicode>gre laborant ad sciendum ea, quae scire de iure tenetur.</Unicode>
                </TextEquiv>
            </TextLine>
            <TextLine id="r3l52" custom="readingOrder {index:44;}">
                <Coords points="1143,2358 1978,2349 1965,2310 1143,2310"/>
                <Baseline points="1149,2333 1190,2334 1231,2334 1272,2336 1313,2337 1355,2337 1396,2337 1437,2339 1478,2339 1519,2339 1561,2339 1602,2339 1643,2339 1684,2339 1725,2339 1767,2339 1808,2339 1849,2339 1890,2339 1931,2340 1973,2340"/>
                <TextEquiv>
                    <Unicode>Tertia est ignorantia inuincibilis, puta cum aliquis nullis</Unicode>
                </TextEquiv>
            </TextLine>
            <TextLine id="r3l53" custom="readingOrder {index:45;}">
                <Coords points="1134,2384 1978,2390 1962,2347 1135,2345"/>
                <Baseline points="1140,2375 1181,2375 1223,2376 1264,2376 1306,2376 1348,2376 1389,2376 1431,2376 1473,2376 1514,2376 1556,2376 1598,2376 1639,2376 1681,2376 1723,2378 1764,2378 1806,2378 1848,2378 1889,2378 1931,2379 1973,2379"/>
                <TextEquiv>
                    <Unicode>suis viribus potest huiusmodi ignorantiam praeuenire. Et</Unicode>
                </TextEquiv>
            </TextLine>
            <TextLine id="r3l54" custom="readingOrder {index:46;}">
                <Coords points="1153,2422 1979,2427 1979,2394 1914,2385 1153,2393"/>
                <Baseline points="1158,2415 1198,2415 1239,2415 1280,2415 1321,2415 1362,2415 1402,2415 1443,2415 1484,2415 1525,2417 1566,2417 1606,2417 1647,2417 1688,2417 1729,2417 1770,2417 1810,2417 1851,2417 1892,2417 1933,2417 1974,2417"/>
                <TextEquiv>
                    <Unicode>er hanc istindctionem trimembrem possumus subdiui¬</Unicode>
                </TextEquiv>
            </TextLine>
            <TextLine id="r3l56" custom="readingOrder {index:47;}">
                <Coords points="1134,2464 1979,2468 1979,2429 1937,2427 1134,2429"/>
                <Baseline points="1140,2453 1181,2453 1223,2454 1264,2454 1306,2454 1348,2454 1389,2454 1431,2454 1473,2454 1514,2454 1556,2454 1598,2454 1639,2454 1681,2454 1723,2454 1764,2454 1806,2456 1848,2456 1889,2457 1931,2457 1973,2459"/>
                <TextEquiv>
                    <Unicode>dere quodlibet mebrum praedictarum duarum cistinctio</Unicode>
                </TextEquiv>
            </TextLine>
            <TextLine id="r3l58" custom="readingOrder {index:48;}">
                <Coords points="1128,2502 1979,2512 1979,2469 1924,2464 1128,2466"/>
                <Baseline points="1133,2490 1175,2492 1217,2493 1259,2493 1301,2494 1343,2495 1385,2495 1427,2495 1469,2495 1511,2495 1553,2495 1595,2495 1637,2495 1679,2495 1721,2495 1763,2495 1805,2495 1847,2496 1889,2496 1931,2496 1974,2498"/>
                <TextEquiv>
                    <Unicode>num: ram ignorantia iuris, vel affectata, uel neglecta, vel</Unicode>
                </TextEquiv>
            </TextLine>
            <TextLine id="r3l60" custom="readingOrder {index:49;}">
                <Coords points="1134,2543 1988,2550 1988,2511 1963,2507 1135,2502"/>
                <Baseline points="1140,2531 1182,2532 1224,2532 1266,2532 1308,2532 1350,2532 1392,2532 1434,2532 1476,2532 1518,2532 1561,2532 1603,2532 1645,2532 1687,2532 1729,2534 1771,2534 1813,2534 1855,2534 1897,2535 1939,2536 1982,2537"/>
                <TextEquiv>
                    <Unicode>inuincibilis, &amp; similiter distingui potest de ignorantia fa</Unicode>
                </TextEquiv>
            </TextLine>
            <TextLine id="r3l62" custom="readingOrder {index:50;}">
                <Coords points="1131,2584 1983,2590 1983,2547 1914,2543 1132,2542"/>
                <Baseline points="1137,2570 1179,2571 1221,2571 1263,2573 1305,2573 1347,2573 1389,2573 1431,2573 1473,2573 1515,2573 1557,2573 1599,2573 1641,2573 1683,2573 1725,2573 1767,2574 1809,2574 1851,2574 1893,2574 1935,2576 1977,2576"/>
                <TextEquiv>
                    <Unicode>cti. Nam ille, qui modo supradicto mulierem non suam</Unicode>
                </TextEquiv>
            </TextLine>
            <TextLine id="r3l63" custom="readingOrder {index:51;}">
                <Coords points="1131,2623 1975,2628 1975,2589 1873,2582 1131,2590"/>
                <Baseline points="1137,2609 1178,2610 1220,2610 1261,2612 1303,2612 1345,2612 1386,2612 1428,2612 1470,2612 1511,2612 1553,2612 1595,2612 1636,2612 1678,2612 1720,2612 1761,2612 1803,2613 1845,2613 1886,2613 1928,2615 1970,2616"/>
                <TextEquiv>
                    <Unicode>cognouit, vel hoc quandoque desiderauit, quod taliter eue</Unicode>
                </TextEquiv>
            </TextLine>
            <TextLine id="r3l64" custom="readingOrder {index:52;}">
                <Coords points="1148,2661 1977,2663 1964,2623 1148,2618"/>
                <Baseline points="1154,2649 1194,2649 1235,2651 1276,2651 1317,2651 1358,2651 1399,2652 1439,2652 1480,2652 1521,2652 1562,2651 1603,2651 1644,2651 1685,2651 1725,2651 1766,2651 1807,2652 1848,2652 1889,2652 1930,2653 1971,2654"/>
                <TextEquiv>
                    <Unicode>iret, puta quod ignoranter congnosceret alienam, tunc</Unicode>
                </TextEquiv>
            </TextLine>
            <TextLine id="r3l65" custom="readingOrder {index:53;}">
                <Coords points="1136,2699 1981,2712 1981,2663 1137,2658"/>
                <Baseline points="1142,2688 1183,2688 1225,2688 1267,2690 1308,2690 1350,2690 1392,2690 1433,2691 1475,2691 1517,2691 1559,2691 1600,2691 1642,2691 1684,2693 1725,2693 1767,2693 1809,2693 1850,2693 1892,2693 1934,2693 1976,2693"/>
                <TextEquiv>
                    <Unicode>huiusmodi ignorantia est affectata, uel non adhibuit tan¬</Unicode>
                </TextEquiv>
            </TextLine>
            <TextLine id="r3l66" custom="readingOrder {index:54;}">
                <Coords points="1137,2740 1972,2745 1972,2708 1945,2700 1137,2706"/>
                <Baseline points="1142,2727 1183,2728 1224,2729 1265,2729 1307,2729 1348,2729 1389,2729 1430,2730 1472,2730 1513,2730 1554,2730 1595,2731 1637,2732 1678,2732 1719,2732 1760,2732 1802,2732 1843,2732 1884,2733 1925,2733 1967,2733"/>
                <TextEquiv>
                    <Unicode>tam diligentiam, quantam debuit adhibere, &amp; tunc hu¬</Unicode>
                </TextEquiv>
            </TextLine>
            <TextLine id="r3l67" custom="readingOrder {index:55;}">
                <Coords points="1140,2776 1983,2788 1983,2747 1949,2741 1140,2745"/>
                <Baseline points="1145,2768 1186,2768 1228,2768 1269,2768 1311,2768 1353,2768 1394,2769 1436,2769 1477,2769 1519,2769 1561,2769 1602,2771 1644,2771 1685,2771 1727,2771 1769,2771 1810,2771 1852,2771 1893,2771 1935,2771 1977,2771"/>
                <TextEquiv>
                    <Unicode>iusmodi ignorantia esset neglecta, vel totam diligentiam </Unicode>
                </TextEquiv>
            </TextLine>
            <TextLine id="r3l69" custom="readingOrder {index:56;}">
                <Coords points="1149,2822 1979,2820 1964,2780 1149,2777"/>
                <Baseline points="1155,2807 1195,2807 1236,2808 1277,2808 1318,2808 1359,2808 1400,2808 1441,2810 1482,2810 1523,2810 1564,2810 1604,2810 1645,2811 1686,2811 1727,2811 1768,2811 1809,2813 1850,2813 1891,2813 1932,2813 1973,2814"/>
                <TextEquiv>
                    <Unicode>dhibuit, quam adhibere debuit: &amp; tunc talis ignorantia</Unicode>
                </TextEquiv>
            </TextLine>
            <TextLine id="r3l70" custom="readingOrder {index:57;}">
                <Coords points="1127,2864 1190,2853 1516,2866 1523,2825 1127,2819"/>
                <Baseline points="1133,2849 1158,2847 1184,2846 1209,2846 1235,2846 1261,2846 1286,2847 1312,2847 1337,2847 1363,2848 1389,2849 1414,2849 1440,2850 1465,2850 1491,2850 1517,2849"/>
                <TextEquiv>
                    <Unicode>inuincibilis esse censetur,</Unicode>
                </TextEquiv>
            </TextLine>
            <TextLine id="r3l72" custom="readingOrder {index:58;}">
                <Coords points="1174,2895 1829,2898 1829,2864 1767,2850 1174,2855"/>
                <Baseline points="1179,2885 1211,2885 1243,2886 1275,2886 1308,2888 1340,2888 1372,2888 1404,2888 1437,2888 1469,2888 1501,2889 1533,2889 1566,2889 1598,2889 1630,2889 1662,2889 1695,2889 1727,2889 1759,2889 1791,2891 1824,2891"/>
                <TextEquiv>
                    <Unicode>His praemissis, pono quattuor conclusiones.</Unicode>
                </TextEquiv>
            </TextLine>
            <TextLine id="r3l74" custom="readingOrder {index:59;}">
                <Coords points="1169,2936 1979,2944 1979,2892 1170,2897"/>
                <Baseline points="1175,2925 1214,2925 1254,2925 1294,2927 1334,2927 1374,2927 1414,2927 1454,2927 1494,2928 1534,2928 1574,2928 1613,2928 1653,2928 1693,2928 1733,2930 1773,2930 1813,2930 1853,2930 1893,2928 1933,2928 1973,2928"/>
                <TextEquiv>
                    <Unicode>Prima est, quod ignorantia, ut ignorantia, non est pec¬</Unicode>
                </TextEquiv>
            </TextLine>
            <TextLine id="r3l76" custom="readingOrder {index:60;}">
                <Coords points="1143,2976 1980,2979 1980,2943 1884,2937 1144,2938"/>
                <Baseline points="1149,2963 1190,2964 1231,2964 1272,2964 1314,2964 1355,2966 1396,2966 1437,2966 1479,2966 1520,2967 1561,2967 1602,2967 1644,2968 1685,2969 1726,2969 1767,2969 1809,2969 1850,2970 1891,2970 1932,2970 1974,2970"/>
                <TextEquiv>
                    <Unicode>catum, quia secundum Augustinum, quod nullo modo</Unicode>
                </TextEquiv>
            </TextLine>
            <TextLine id="r3l78" custom="readingOrder {index:61;}">
                <Coords points="1146,3016 1765,3014 1786,3034 1966,3018 1973,2988 1146,2975"/>
                <Baseline points="1151,3005 1191,3005 1232,3005 1273,3005 1314,3005 1355,3005 1395,3005 1436,3006 1477,3006 1518,3006 1559,3006 1599,3006 1640,3008 1681,3008 1722,3008 1763,3008 1803,3008 1844,3009 1885,3009 1926,3009 1967,3009"/>
                <TextEquiv>
                    <Unicode>est volitum, nullo modo est peccatum, sed ignorantia, ui</Unicode>
                </TextEquiv>
            </TextLine>
            <TextLine id="r3l80" custom="readingOrder {index:62;}">
                <Coords points="1153,3063 1970,3061 1982,3020 1153,3026"/>
                <Baseline points="1158,3044 1198,3044 1239,3044 1280,3045 1321,3045 1362,3045 1403,3045 1444,3045 1485,3047 1526,3047 1567,3047 1607,3047 1648,3048 1689,3048 1730,3048 1771,3048 1812,3048 1853,3048 1894,3048 1935,3048 1976,3048"/>
                <TextEquiv>
                    <Unicode>gnorantia, nullo modo est uolita, quia omnes homines</Unicode>
                </TextEquiv>
            </TextLine>
            <TextLine id="r3l82" custom="readingOrder {index:63;}">
                <Coords points="1140,3098 1823,3104 1850,3098 1850,3051 1770,3069 1434,3050 1140,3064"/>
                <Baseline points="1145,3084 1180,3083 1215,3083 1250,3083 1285,3083 1320,3084 1355,3084 1390,3084 1425,3084 1460,3084 1495,3084 1530,3086 1565,3086 1600,3086 1635,3086 1670,3086 1705,3087 1740,3087 1775,3087 1810,3087 1845,3087"/>
                <TextEquiv>
                    <Unicode>natura scire desiderant, ut patet primo metaph</Unicode>
                </TextEquiv>
            </TextLine>
            <TextLine id="r3l84" custom="readingOrder {index:64;}">
                <Coords points="1181,3133 1988,3140 1968,3088 1596,3107 1181,3090"/>
                <Baseline points="1187,3120 1226,3122 1266,3123 1306,3125 1346,3125 1386,3125 1425,3126 1465,3126 1505,3126 1545,3126 1585,3126 1624,3126 1664,3126 1704,3126 1744,3126 1784,3126 1823,3126 1863,3126 1903,3126 1943,3126 1983,3128"/>
                <TextEquiv>
                    <Unicode>Secundo dico, quod ignorantia, ut est affectata, potest</Unicode>
                </TextEquiv>
            </TextLine>
            <TextLine id="r3l86" custom="readingOrder {index:65;}">
                <Coords points="1134,3182 1979,3184 1960,3132 1134,3134"/>
                <Baseline points="1140,3164 1181,3165 1223,3165 1265,3167 1306,3167 1348,3167 1390,3168 1431,3168 1473,3168 1515,3168 1557,3168 1598,3168 1640,3168 1682,3168 1723,3168 1765,3168 1807,3168 1848,3167 1890,3167 1932,3165 1974,3165"/>
                <TextEquiv>
                    <Unicode>esse grane peccatum. De tali enim ignorantia dicitur in</Unicode>
                </TextEquiv>
            </TextLine>
            <TextEquiv>
                <Unicode>attem non impugnat, sed adiuuat, ciuitas enim non est
ene disposita, cum vicinus impugnat iudicium: sed ratio
ne originalis iustitiae in statu illius innocentiae omnia ho
minis interiora fuernnt ordinatissime disposita, ergo nul
la ab intrinseco tali homini potuit esse pugna. Quod au¬
tem fuerit extrinsecus a daemone, patet de serpente, in cu
ius figura apparens daemon, primo tentauit mulierem, tam
uam partem infirmiorem: &amp; deinceps virum per mulie¬
rem, tamquam partem fortiorem.
ARTICVLVS II1.
Vtrum primi parentes peccquerint per
ignorantiam.
SVANTVM ad tertium articulum tria inquirad.
A Primo, vtrum ignorantia sit peccatum. Secundo,
vtrum ignorantia excuset peccatum. Et tertio de articu¬
lo in se s. vtrum primi parentes peccauerint ex ignorantia.
Circa primum est aduertendum, quod multi multipli
citer distinguunt de ignorantia, luristae enim dicunt, quod
duplex sit ignorantia, scilicet ignorantia iuris, &amp; ignoran
tia facti. Philosophus autem in ethicis dicit, quod est quae
dam ignorantia vniuersalis, alia vero particularis. Et in
idem redeunt hae duae distinctiones: quia, quod philoso¬
hi appellant ignorantiam vniuersalem, hoc luristae ap¬
ellant ignorantiam iuris. Ille enim habet ignorantiam
iuris, scu vniuersalem de hac veritate, quod adulterium ess
mortale peccatum, qui simpliciter hoc ignorat. llle aute
tirca eandem veritatem habet ignorantiam facti, seu par
ticularem, qui bene scit adulterium esse peccatum, igno¬
rat tamen hoc adulterium esse peccatum, puta si de nocte
alia mulier loco vxoris suae se poneret ad lectum suum,
cum qua peccaret sine fraude, ipsam credens esse suam.
Theologi vero ponunt vnam distinctionem tri mem¬
brem, quia secundum eos quaedam est ignorantia affecta¬
ta, puta cum quis affectat se ignorare, vt liberius &amp; dele¬
ctabilius possit peccare, non habendo remorsum conscie¬
tiae. Alia est ignorantia neglecta, puta cum quis non affe¬
ctat se ignorare, attamen propter sui molliciem, &amp; pigri¬
tiam non facit tantum, quantum posset, &amp; deberet ad hoc, 
quod sciat illud, quod scire tenetur; &amp; haec ignorantia ap
ellatur a luristis crassa, &amp; supina quia sicut homines cras
si iacentes supine, scilicet bassius cum capite, quam cum
reliquo corpore, tardius &amp; difficilius surgunt, sic laboran
tes iam dicta ignorantia minus studiose inquirunt, 2 pi¬
gre laborant ad sciendum ea, quae scire de iure tenetur.
Tertia est ignorantia inuincibilis, puta cum aliquis nullis
suis viribus potest huiusmodi ignorantiam praeuenire. Et
er hanc istindctionem trimembrem possumus subdiui¬
dere quodlibet mebrum praedictarum duarum cistinctio
num: ram ignorantia iuris, vel affectata, uel neglecta, vel
inuincibilis, &amp; similiter distingui potest de ignorantia fa
cti. Nam ille, qui modo supradicto mulierem non suam
cognouit, vel hoc quandoque desiderauit, quod taliter eue
iret, puta quod ignoranter congnosceret alienam, tunc
huiusmodi ignorantia est affectata, uel non adhibuit tan¬
tam diligentiam, quantam debuit adhibere, &amp; tunc hu¬
iusmodi ignorantia esset neglecta, vel totam diligentiam 
dhibuit, quam adhibere debuit: &amp; tunc talis ignorantia
inuincibilis esse censetur,
His praemissis, pono quattuor conclusiones.
Prima est, quod ignorantia, ut ignorantia, non est pec¬
catum, quia secundum Augustinum, quod nullo modo
est volitum, nullo modo est peccatum, sed ignorantia, ui
gnorantia, nullo modo est uolita, quia omnes homines
natura scire desiderant, ut patet primo metaph
Secundo dico, quod ignorantia, ut est affectata, potest
esse grane peccatum. De tali enim ignorantia dicitur in</Unicode>
            </TextEquiv>
        </TextRegion>
    </Page>
</PcGts>
