2408 3559
242 278 1113 355 Secunda conclusio est, quod per donum gratiae nature
242 343 1112 389 superadditum, Deus potest sacere aliquam creaturam im
268 381 1112 434 peccabilem. Quia illud, quod immobilitat animam, uel An¬
267 430 1110 467 gelum in bono, seu in virturibus, hoc reddit eum impec¬
258 465 1105 505 cabilem: sed abundantia gratiae diuinae maxime, vt consun
256 501 1108 542 mata in patria, immobilitat animam in bono, quia replet
265 537 1099 581 in bonis omne desiderium eius. igitur quamuis in via si
253 576 1101 624 mus mobiles, & per consequens aliquo modo peccabiles
254 618 1096 656 in patria tamen erimus per Dei gratiam in moribus, & vir
258 655 1111 698 tutibus totaliter stabiliti, Propter quod ait August. in li¬
255 698 1119 742 bro conf Ad te fecisti nos domine, & inquietum est con
266 734 1109 784 nostrum donec requiescat in te. Et in eodem libro ait Deo,
251 775 1108 815 Cum tibi inhaesero, exonero me: & quia tui plenus non
255 812 1115 864 sum, onus mihi ipsi sum. Etiam citra gloriam patriae posset
257 852 1106 889 esse tanta abundantia gratiae, quod creatura totaliter fic¬
254 891 1112 941 ret impeccabilis, vt apparuit in Deata virgine, quae redum¬
253 933 1115 981 dantia diuinae gratiae nec potuit peccare mortaliter, nec
252 968 680 1018 venialiter.
255 1008 1112 1050 Sed sorte dicetur, quod ista conclusio secunda destruit pri
258 1050 1103 1101 mam. Quia Deus potest facere, quod illa forma, quae ess
263 1092 1100 1138 gratia in vna creatura, sit forma naturalis in alia creatura
255 1129 1102 1176 Si igitur per formam, quae est gratia, Deus potest facert
264 1167 1097 1213 creaturam impeccabilem, prout tu dicis in secunda con
265 1209 1102 1257 clusione, sequitur, quod hoc possit per formam naturalem
257 1248 1106 1290 & per consequens talis creatura habes talem naturalem
264 1288 1116 1331 formam, erit naturaliter impeccabilis, quod est contra
263 1325 1070 1377 primam conclusionem.
263 1360 1106 1414 Respondeo per interemptionem maioris: quia illud;
261 1405 1106 1447 quod est gratia in vna creatura, loquendo proprie de ha¬
258 1441 1112 1487 bitu gratiae, in nulla creatura potest esse natura, quia cum
266 1480 1106 1528 gratia in suo perfecto esse sit ipsa gloria animae, seu ipsum
261 1522 1103 1571 lumen gloriae, igitur si gratia in aliqua creatura esset for¬
261 1563 1108 1611 ma naturalis, talis creatura ex suis puris naturalibus pos¬
261 1601 1111 1646 set esse perfecte beata, quod est impossibile; cum hoc soli
257 1638 777 1691 Deo dignoscatur conuenire.
281 1678 1115 1726 Ad argumentum principale nego consequentiam. Ad
270 1721 1110 1768 probationem dicendum, quod remissibile & irremissibile non
265 1767 1115 1808 dicuntur de ipsis peccatis ratione infiniti excessus vnius
264 1799 1106 1842 ad alterum, sed ratione alterius status: idem enim pecca¬
273 1833 1111 1879 tum eiusdem peccatoris dicitur remissibile, quamdiu fue
266 1873 1118 1918 rit in via: & irremissibile, cum via tota pertransita fuerit
271 1915 1118 1964 in termino, quia quamdiu peccator est in via, non desinit
264 1952 1109 2006 Deus per suam misericordiam facere aliquos impetus in
273 1993 1112 2040 anima peccatoris, ratione quorum motuum ipsa svnde¬
270 2031 1110 2076 resis peccatorem remordet, propter quem remorsum quan
264 2071 1106 2119 doque peccator considerans sua delicta, cooperante sib
264 2116 1109 2164 gratiam diuina potest agere poenitentiam de peccatis. Poss
261 2161 1113 2204 mortem vero, cum peccator fuerit in termino, non est ra¬
259 2186 1116 2242 rioni consonum, vt vlterius talibus impetibus moueatur,
264 2233 1106 2280 propter quod suum peccatum ex tunc in sempiternum in
274 2277 1109 2321 remissibile perseuerat. Et quia secundum Dam ascenum,
268 2310 1115 2353 quod est in hominibus mors, hoc fuit in malis angelis ca¬
265 2350 1110 2392 sus: ideo non est simile de peccato hominis, & de peccato
265 2388 1117 2435 demonis, nisi accipiatur peccatum hominis mortui, qui si
274 2422 1120 2476 ne poenitentia decessit in peccato mortali, quia sicut talis
282 2470 1112 2511 nomo non est in via, sed in termino: sic ipse daemon im¬
282 2501 1120 2552 mediate peracto peccato, non fuit vlterius in uia, sed in
279 2544 548 2597 termino, ergo &c
391 2620 1005 2701 DISTINCTIO SNVLI
267 2702 1108 2787 Satis perspicua huius tractatus diuisio n quo de pre
329 2770 1064 2832 sidio contra peccatum primi parentis agitur.
584 2850 1108 2904 VNC DILIGENTER. Post
608 2898 1121 2947 quam Magister determinauit de ip
610 2934 1121 2983 sa tentatione, qua primus homo in
610 2973 1128 3027 cidit in peccatum. Hic tractat de
607 3010 1122 3062 adiutorio contra huiusmodi pecca
605 3050 1127 3092 tum a Deo sibidatum. Et diuiditur
606 3091 1130 3141 in duas partes; nam primo tractat.
608 3132 1134 3189 de adiutorio naturaliter homini
1155 289 1999 347 collato, puta de libero arbitrio, quo homo potuit, si uo¬
1155 340 1999 387 luit, non deficere. Secundo de adiutorio supernaturaliter
1155 384 2003 434 ei dando, seu conferendo, quo potuisset non solum non
1158 421 2002 464 deficere, verum etam in meritorio bono pficere, Haec est gra¬
1156 457 2006 514 tia operas, & cooperans Prima in duas; nam primo Magi¬
1158 499 2000 552 ster dterminat de illius naturalis adiutorij potestate. Se-
1155 541 1994 584 cundo de eiusdem adiutorij libertate ibi. lam vero ac
1170 575 1997 618 propositum Prima in duas, nam primo ostendit, quod pri
1159 615 1997 663 mis parentibus contra peccatum a Deo fuit datum suf¬
1155 651 2007 703 ficiens adiutorium. Secundo huiusmodi adiutorium
1155 695 1990 743 appellat liberum arbitrium; ibi; Hic considerandum
1152 734 2007 778 est. Prima in tres, quia primo ostendit, quod homo a
1164 776 2004 830 principio bonam habuit voluntatem, quia stare, quamuis
1161 813 1994 864 non proficere, potuit. Secundo inquirit, quomodo
1155 849 1998 896 talis voluntas bona dici potuit, qua proficiendo bonum me
1155 890 2000 937 reri non valuit Tertio contra ea, quae dixit, obijcit, & sol
1164 935 2004 981 uit. Secunda ibi, Sed quomodo rectam. Tertia ibi, Ad hoc
1146 968 1994 1012 autem, quod diximus Sequitur illa pars, Hic consideran¬
1152 1009 1992 1060 dum est. Et diuiditur in duas; nam primo specificat praedi
1158 1049 1995 1098 ctam primi hominis potestatem, Secundo assignat portio
1151 1088 1989 1135 num, & potentiarum animae quandam diuersitatem, ibi
1158 1128 1991 1172 Quod bruta animalia non habent. Et haec in tres; nam
1155 1168 2000 1215 ostendit huiusmodi portionum animae diuersitatem. Se-
1149 1205 2000 1260 cundo per hoc describit peccatricis processionis ordinem.
1161 1242 2003 1290 Tertio assignationis praedictae diuersitatis reddit ratio¬
1159 1281 1998 1330 nem. Secunda ibi, lllud quoque praetermittendum non
1154 1321 1996 1369 est. Tertia ibi, Haec de animae partibus. Secunda istarum
1155 1360 2000 1407 diuiditur i ntres parteo; quia primo Magister describit or
1151 1406 1990 1452 dinem progressionis in peccatum. Secundo ostendit, quan
1154 1447 1996 1491 do mortale peccatum est completum, & consummatum¬
1164 1478 1991 1527 Tertio ponit epilogationem premissorum. Secunda ibi
1158 1516 1993 1563 Nunc superest ostendere. Tertia ibi Hic itaquerut breus
1156 1551 1996 1605 ter summam. Circa hanc distinctionem quaero istam
1151 1599 1351 1651 quaestionem,
1446 1713 1731 1797 Quaestio R
1226 1836 1919 1920 An intellectns agens spectet ad liberum
1482 1906 1647 1960 arbitrium
1386 2259 1997 2308 TRVM intellectus agens pertineat ad li¬
1415 2311 2002 2354 berum arbitrium: Et videtur, quod non¬
1419 2348 2003 2398 quia potentia naturaliter agens, & neces
1409 2381 1996 2429 sario, non pertinet ad liberum aibitrium
1416 2427 2000 2468 ntellectus agens est huiusmodi. Maior
1375 2457 1996 2509 d patet: quia liberi arbitrii est libere age¬
1161 2501 1996 2548 re, & non necessario: potest enim hoc, & oppositum ratio
1168 2535 2010 2581 ne suae libertatis. Minor similiter patet, quia intellectus
1176 2575 2005 2626 ngens necessario abstrahit, & illustrat phantasmata sibi
1169 2619 1951 2669 presentia, & non potest non abstrahere, & illustrare.
1214 2657 2003 2707 Contra, illa potentia pertinet ad liberum arbitrium;
1164 2692 2011 2739 sine qua non possumus arbitrari: intellectus agens est hu
1161 2731 2012 2781 iusm odi, quia nisi virtute intellectus agentis abstrahe¬
1204 2781 1972 2824 rentur, & illustrarentur phantasmata, non possemus
1251 2817 1931 2862 ratiocinari, nec per consequens arbitrari. Hic
1284 2851 1904 2900 quattuor sunt videnda. Primo quid sit
1321 2887 1855 2940 intellectus agens. Secundo quid
1359 2934 1817 2977 intellectus agens efficiat in
1407 2966 1781 3021 phantasmate. Tertio
1450 3006 1736 3058 quid liberum arbi¬
1544 3045 1649 3091 trium.
1410 3084 1796 3131 Et quarto de eo, quod
1529 3129 1688 3190 quaeritur.
