2376 3560
568 345 1122 430 RESOLVTVO. I
386 436 1258 510 Voluntas quo quo modo seipsam mouet, non quidem actiuando,
435 504 1253 554 sed determi nando, nulla tamen existente ignorantia in intel¬
432 541 1251 589 lecta praeuia siue stante in eo vecto iudicio tam in vniuersali,
441 581 1252 634 quam in particulavi ex sua libertate potert proprio motu pecca
431 627 1257 669 re Vnde liberum acbitrium quo ad interiorem actum etiam a
432 651 1265 710 nulla pote s creatura cogi, licet a Deo possit immutari, nen ta
431 705 746 749 men togi, fiue coerceri.
560 774 1115 839 ARTICVLVSI.
395 864 1253 948 Vtrum voluntas prout est idem, quod siberum arbi¬
579 931 1084 997 trium. possit mouere se ipsam.
501 1001 1263 1076 VA N TVM ad primum ponam duas conclu¬
446 1060 632 1119 siones.
448 1099 1273 1149 Prima est, quod voluntas aliquo modo mouet seipsam.
444 1138 1254 1189 Secunda est, quod non mouet se proprie seipsam acti¬
405 1179 932 1222 uando, sed seipsam determinando.
447 1219 959 1270 Primam conclusionem probo sic.
462 1258 1273 1307 Omnis potentia, quae est super seipsam reflexiua, est
411 1295 1258 1345 suiipsius motiua: voluntas est super seipsam reflexiua: igi
417 1342 1272 1385 tur, &c. Maior patet: quia potentia mouetur ab obiecto:
414 1375 1265 1422 igitur, vt per reflexionem super seipsam est obiectum sui
407 1412 1270 1467 ipsius, sic etiam est motiua suiipsius. Minor etiam est satis
420 1452 1262 1502 nota, quia non minus voluntas vult seipsam, quam intel
410 1491 1256 1539 lectus intelligat seipsum: quia secundum Proclum, om¬
419 1531 1252 1577 nis potentia immateriali; est super seipsam conuersiua
427 1567 1265 1628 ed voluntas non est minus immaterialis, quam intelle¬
418 1610 619 1666 ctus : ergo &c.
452 1634 1256 1698 2 Praeterea, potentia, quae est essentialiter libera, ali¬
417 1700 1259 1736 quo modo est suiipsius motiua: sed voluntas est essent ia¬
414 1733 1257 1780 liter libera, vt inferius intendo declarare di. 38. Maior po
417 1781 1264 1818 tet, quia potentia pure passiua non potest esse libera, cum
413 1807 1258 1855 non habeat in sua potestate pati, vel non pati; sed necessa
422 1849 1252 1899 rio patitur ad praesentiam actiui: sed secundum Aug. 3
424 1886 1261 1935 dse libero arbitrio, nihi tam in nostra potestate, quam ip
416 1921 1265 1970 sa voluntas, est. Et infra subdit. Nec aliud quicquam est in
419 1966 1259 2011 voluntate nostra, nisi quod volentibus adest: igitur vo¬
423 1992 1271 2049 luntas respectu sui actus non est totaliter passiua, &
422 2043 1244 2106 per consequens seit sim aliquo modo potest mouere
423 2079 561 2129 ad actum,
446 2105 1262 2171 Sed contra istam conclufionem arguit quidam doctor
417 2161 692 2213 & sui sequaces sic¬
458 2197 1264 2249 1 Omne, quod mouetur, ab ai; mouetur, vt patet. 7.
431 2234 1260 2281 phy. ergo voluntas non potest mouere seipsam. Antece¬
422 2276 1263 2333 dens patet, quia etiam ipsa animalia, quae dicuntur moue
428 2315 1256 2361 ni ex se, ab alio moueri ostenduntur, eo quod secundum
420 2359 1259 2410 vnam partem per se mouent, & secundum aliam per se
426 2394 1261 2441 mouentur, ita quod semper primo mouens, & primo mo
418 2436 1266 2495 tum sunt realiter distincta: igitur voluntas non mouet
416 2478 546 2529 seipsam.
451 2521 1259 2565 2 Praeterea, impossibile est vnam, & eandem rem sim
425 2548 1265 2603 plicem simul esse in actu, & in potentia: sed omne mo¬
420 2602 1265 2640 uens, secundum quod mouet, est in actu; & omne motum,
428 2637 1271 2683 secundum quod mouetur, est in potentia; ergo impossibi
425 2670 1261 2726 le est ipsam voluntatem seipsam mouere; nam simul esset
424 2713 753 2766 in actu, & in potentia.
499 2752 1264 2803 Praeterea, praesente actiuo ipsi passiuo, tunc semper
414 2788 1269 2835 necessario sequitur actio: igitur si voluntas moueret sci
420 2826 1265 2885 psam ad suum actum, cum semper sibi presens sit, sem¬
419 2870 736 2924 per ipsa esset in actu.
449 2907 1255 2956 4 Praeterea, si voluntas moueret seipsam ad actum, tum,
433 2946 1258 2991 el esset causa vniuersalis sui actus, aut causa particularis
414 2991 1265 3036 sed primum dari non potest: quia talis causa est aequiuo¬
421 3029 1261 3076 ca, & praehabet effectum nobiliori modo in seipsa, quam
420 3064 1271 3108 effectus sit in proprio genere; nec per consequens forma
415 3104 1264 3151 liter perfici poterit huiusmodi effectu; quae omnia falsa
420 3146 1274 3195 sunt de ipsa voluntate respectu sui actus. Nec secundum
1302 276 2159 352 dari potest propter tria. Primo, quia agens partitulare est
1295 351 2159 392 formaliter actu tale, quale est passum in potentia; igitur
1298 379 2156 429 si voluntas seipsam moueret ad actum, tunc voluntas es¬
1296 415 2152 472 set actu volens, antequam causaret actum volendi: igitur si
1297 460 2156 512 causaret actum volendi, tunc duo accidentia solo nume¬
1299 496 2159 552 ro differentia simul essent in eodem subiecto. Secundo,
1298 537 2158 596 quia voluntas corrumperetur ad corruptionem sui actus;
1307 585 2141 627 nam causa particularis, & effectus particularis simul sunt
1305 625 2156 669 & non sunt, vt dicitur. 2. phy Tertio, quia voluntas esset
1305 655 2153 705 eiusdem speciei cum suo actu; nam causa particularis, cum
1293 693 2145 745 sit causa vniuoca, eiusdem est speciei cum suo effectu.
1338 736 2161 785 s Praeterea, causa efficiens non coincidit cum materia,
1299 773 2155 826 vt patet, 2. physic, sed mouens, vt mouens, reducitur ad
1299 820 2164 864 causam efficientem; & motum, vt motum, reducitur ad
1299 857 1659 909 causam materialem.
1350 888 1826 953 ped ista non concludunt, igitur.
1350 927 2158 980 Ad primum dicendum, quod quamuis illa proposito
1302 969 2150 1018 Aristot. habeat veritatem de rebus corporalibus; non est
1305 1013 2159 1064 tamen eam necesse verificari in spiritualibus. Vnde Hugo
1308 1059 2152 1112 de sacramentis libro primo parte. 5. loquens de volunta¬
1309 1086 2158 1142 te angelorum ait, voluntatis erat libertas, quoniam potens
1312 1131 2144 1178 erat ex se moueri, vt vltra iret. Et Proclus ait, Omne seit
1296 1169 2032 1217 sum mouens primo est ad seipsum conuersiuum
1340 1205 2152 1259 Ad secundum dicendum, quod licet eadem res sim¬
1320 1245 2153 1298 lex non possit simul esse in actu, & in potentia respectu
1304 1287 2150 1343 eiusdem, actum & potentiam sumendo vniformiter, puta
1304 1334 2146 1380 cum est actu formaliter talis: tunc non potest esse poten
1307 1368 2147 1416 tia formaliter talis. Si tamen sumuntur difform i er, tunc
1302 1402 2167 1457 nihil repugnat: nam vna & eadem res existens actu vir¬
1304 1440 2147 1492 tualiter talis, potest esse potentia formaliter talis, maxi¬
1313 1479 2155 1542 me cum esse virtuale inest imperfecte ldem enim vinum
1311 1529 2152 1582 existens actu virtualiter calidum, est potentia formaliter
1308 1564 2158 1618 calidum: quia potest esse actu formaliter frigidum. Vnde
1317 1606 2150 1651 ictus virtualis finitus, & limitatus non est tantae perfe¬
1305 1646 2149 1700 ctionis, vt excludat omnem potentiam respectu actus for
1315 1682 2152 1731 malis. Et ideo voluntas existens virtualiter actu volens,
1323 1725 1987 1771 otest simul formaliter esse potentia volens
1323 1757 2161 1811 corte dicetur contra istud: quia Sol existens actu virtuali
1319 1800 2154 1852 ter calidus, non potest esse in potentia formaliter calidus
1311 1840 2156 1887 nec numquam poterit scipsum facere formaliter cali¬
1318 1882 1500 1934 dum; sic &c
1347 1915 2159 1969 Respondeo, quod hic accipitur non causa prca: namn, quod
1313 1953 2168 2003 Sol non potest esse formaliter calidus, hoc non est pro tam
1313 1995 2156 2044 to, quia actu est virtualiter calidus: quia si ista esset praeci¬
1313 2033 2158 2087 sa causa, tunc Saturnus, qui non est virtualiter calidus. pos
1308 2087 2174 2121 set effici formaliter calidus. Item si illa esset sufficiens cau
1310 2120 2174 2167 sa, tunc vinum non posset esse formaliter calidum, cum
1317 2152 2173 2202 sit virtualiter calidum, sed ex hoc repugnat Soli, & omni
1314 2193 2174 2243 bus alijs caelestibus corporibus formaliter recipere calo¬
1315 2236 2164 2279 rem, quia caeleste corpus est primum alterans inalterabi¬
1308 2281 1903 2326 le, nec patitur peregrinas impressiones.
1351 2310 2158 2362 Ad tertium dicendum, quod voluntas semper est in
1308 2349 2162 2399 actu, saltem semipleno respectu suiipsius quia secundum
1307 2390 2150 2440 Augustinum in libro de trin. voluntas semper diligit se,
1320 2428 2158 2478 espectu tamen ceterorum bonorum non oportet, quod sem
1320 2471 2127 2532 er sit in actu propter absentiam talium obiectorum.
1350 2507 2158 2563 Ad quartum dicendum, quod si iste, qui facit hoc argu
1318 2553 2159 2598 mentum, per causam vniuersalem intelligit omnem cau
1320 2588 2150 2636 am suum effectum, seu actum virtualiter praehabentemi
1311 2638 2153 2679 tunc potest concedi, quod voluntas sit causa vniuersalis
1311 2666 2159 2725 respectu sui actus. Ad probationes dicendum, quod non
1308 2721 2154 2769 concludunt de praehabitatione virtuali imperfecta: non
1322 2754 2165 2800 enim oportet nobiliori modo calorem esse in lapide,
1323 2799 2154 2845 uam in igne. Nec est bona consequentia, lapis est virtua
1306 2827 2147 2872 liter calidus; igitur non potest formaliter recipere calorem
1345 2867 2160 2919 Posset etiam dici, quod est causa particularis. Ad pro¬
1329 2916 2153 2956 ationes dicendum, quod praesupponunt vnum falsum,
1321 2953 2165 2996 cilicet quod omne agens particulare sit agens vniuotum;
1311 2984 2165 3037 lapis enim respectu ignis est agens aequiuocum, & tamen
1323 3024 1643 3077 est agens particularce
1353 3051 2156 3118 Ad quintum dicendum, quod quamuis causa efficiens
1317 3102 2162 3161 & materialis, cum proprie sumuntur, numquam coinci¬
1310 3142 2158 3209 dant: possunt tamen adeo large sumi, quod bene poterunt
