2173 3591
393 307 1243 385 est facere, quod repugnat effectui; sed absolute, & suffici¬
402 357 1242 419 enter cogere voluntatem simpliciter repugat effectui, co
402 396 1248 455 actum enim est inuolunt arium, & per consequens si vo¬
395 441 1246 494 luntas cogeretur ad hoc, quod vellet aliquid: tunc inuo¬
401 478 1250 533 luntarium esset voluntarium, & nolitum esset volitum,
404 521 1241 574 Haec autem & multa alia, quae sequerentur, contradictio¬
402 550 1248 610 nem implicant, & per consequens repugnat effectui. Et
411 613 1253 649 haec est intentio bern in libro de libero arbitrio, vbi ait,
410 634 1257 698 Voluntas pro ingenita nobilitate, nulla cogitur necessi¬
404 677 1240 728 tate. Quomodo autem voluntas possit ab vltimo fine im
404 712 1254 769 mutabiliter necessitari absque tamen coactione, hoc ostem
415 761 708 812 di. 1. libro. dist. 1. qu. 2
446 795 1240 845 Sed forte dicetur contra praedictam conclusionem sic
408 833 1248 887 Magis excedit potentia dei liberum arbitrium, quam po
407 877 1243 925 tentia hominis excedat quodcumque ens creatum : sec
413 912 1257 963 homo propter excessum suae potentiae multa entia crea¬
414 959 1246 1004 ta potest sufficienter cogere. Minor de se patet Probatur
408 985 1246 1042 maior, quia plus exceditur finitum ab infinito, quam fin
414 1025 1257 1083 tum a finito, sed potentia Dei est infinita, & potentia hu
414 1070 1017 1121 mana, ac omnis creatura finita, ergo &c.
438 1088 1256 1159 Respondeo, quod licet Deus sit infinitae potentiae, &
411 1152 1252 1203 homo finitae: tamen homo potest quandoque creaturam
405 1184 1263 1241 corporalem cogere, eo quod talis natura sit capax coactio¬
408 1221 1260 1281 nis, & eius coactio non implicat contradictionem: attamen
417 1263 1256 1318 Deus non potest cogere liberum hominis arbitrium, eo,
416 1309 1261 1358 quod non sit capax coactionis, nam eius coactio esset con
415 1345 1265 1398 tradictionis implicatio, quia coactum non est liberum: igi¬
420 1380 1248 1434 tur si liberum arbitrium cogeretur, tunc idem esset libe
413 1427 732 1473 rum, & non liberum,
462 1457 1257 1514 Licet autem Deus voluntatem non cogat, potest tamen
429 1499 1263 1555 voluntatem immutare, quandocumque voluerit. Propter
429 1547 1258 1599 quod dicitur, Cor regis in manu domini, quocumque vo
419 1583 1268 1634 luerit inclinabit illud. Et istud immutare potest fieri tri¬
428 1624 1267 1682 pliciter. Vno modo alliciendo, puta bona promittendo,
438 1656 1260 1712 el etiam ostendendo: sicut nutrix mouet puerum osten
429 1700 1258 1749 dendo illi pomum. Alio modo inducendo, puta mal¬
437 1746 1258 1790 poenae comminando, iuxta illud, Multiplicatae sunt infir¬
427 1770 1269 1827 mitates eorum, postea accelerauerunt. Et iterum lmple fa¬
420 1818 1261 1868 cies eorum ignominia, & quaerent nomen tuum domine
437 1852 1256 1907 Tertio modo voluntatem melius disponendo, puta pec¬
433 1892 1271 1951 catum expellendo, & gratiam infundendo, & hoc Deus
437 1928 1274 1995 posset facere ita abunde & copiose, quod quamuis volun
432 1981 1256 2028 tatem non cogeret, ipsam tamen in bonis desideriis pe¬
421 2007 1264 2066 nitus immobilitaret; Sicut videtur fecisse in Apostoli
429 2058 620 2106 conuersione.
452 2100 1267 2140 Ad argumentum principale dicendum, quod non om
425 2139 1264 2192 nis necessitas est contra naturam: ideo nec intellectus,
420 2167 1262 2221 nec voluntas dicuntur proprie cogi, quamuis necessiten¬
427 2211 1271 2260 tur, quia non omnis necessitas est coactio, alias enim cona
438 2246 1260 2295 ctio caderet in ipsum Deum, quia necessitate immutabi¬
429 2285 1262 2342 litatis intelligit se, & vult se. Etiam non est simile de in¬
428 2336 1262 2379 tellectu respectu conclusionum, & voluntate respectu ec
430 2363 1269 2415 rum, quae sunt ad finem: quia res intelliguntur, vt sunt in
426 2409 1268 2458 intellectu, & ideo nihil consideratur, in conclusionibus
429 2450 1265 2504 nisi vt sequuntur ex premissis, propter quod intelligens
431 2492 1266 2548 pre missas, de necessitate intelligit conclusionem, proui
436 2523 1265 2569 sequitur ex praemissis. Sed res appetuntur, vt sunt in seip¬
433 2572 1267 2611 sis, & vt coniunctae sunt suis naturalibus conditionibus;
430 2610 1274 2650 quae quidem conditiones quandoque sunt displicibiles;
432 2649 1271 2690 ideo potest aliquis appetere finem, & tamen abhorrere
430 2683 1272 2731 ea, quae sunt ad finem. Potest enim aliquis immutabiliter
437 2717 1272 2767 appetere sanitatem, & tamen abhorrere potionem pro¬
444 2757 1276 2805 pter annexam amaritudinem, dato etiam, quod sciat sani
441 2801 1282 2845 tatem non posse inducia nisi per huiusmodi potionem. Vn
441 2843 1280 2886 de si talia, quae sunt ad finem nihil in se haberent nisi so¬
432 2876 1283 2925 lum hoc, quod essent perductiua ad finem: tunc ea neces
439 2915 1270 2959 sitate, qua quis appeteret finem, etiam appeteret ea, quae
442 2956 1280 3000 sunt ad finem. Sicut qui assentit principuis, etiam assentit
432 3001 1273 3046 his, quae necessario sequuntur ex principiis. Nunc autem
445 3040 1277 3084 quamuis aliquis velit ea, quae sunt ad finem, vt sunt pro¬
438 3069 1279 3128 ductiua ad finem: potest tamen ea refutare ratione condi
429 3115 778 3175 tionis annexe: ideo &c
1319 300 2102 377 DISTINCTIO VxVL E SNVI.
1342 387 2082 464 Facilis harum distinctionum diuisio, in qui¬
1402 446 2011 523 bus de gratia operante, & cooperanti
1593 501 1841 569 determmatur.
1614 576 2127 637 AEC EST GRATIA &c. Post¬
1629 627 2133 676 quam Magister determinauit de li
1638 670 2129 722 pero arbitrio, quo primus homo
1629 715 2129 759 peccato resistere potuit, hic tra¬
1630 748 2126 795 ctat de gratia, qua si stetisset, pro
1626 789 2132 839 ficere debuit. Et diuiditur in duas
1633 822 2141 879 partes: nam primo Magister tractat.
1630 862 2132 910 de gratiae Dei perfectione, & excel
1295 903 2120 953 lentia. Secundo de liberi arbitrii sine gratia accepti der
1292 946 2139 992 ctione, & insufficientia ibi, id vero inconcusse &c. Prima
1305 985 2135 1032 in duas: nam primo tractat de gratia, in ordine ad liberum
1298 1033 2141 1078 arbitrium. Secundo de uirtute, in ordine ad vitae aeternae
1297 1059 2142 1114 meritum ibi Hic videdum est quid sit virtus. Primae duae
1305 1105 2137 1155 partes, seu distinctiones sunt praesentis lectionis. Quam
1314 1143 2143 1188 prima diuiditur in tres partes, nam primo Magister osten
1304 1188 2144 1233 dit quo modo gratia liberum arbitrium praeparat, & adiu
1309 1222 2138 1272 uat: Secundo, quomodo voluntas, seu liberum arbitrium
1308 1255 2147 1311 ad ipsam gratiam se habeat. Et tertio, circa hanc materiam
1317 1302 2138 1358 quasdam dubitationes pertractat. Secunda ibi. Ipsatamon
1307 1339 2139 1383 eadem voluntas Tertia ibi, Non est tamen ignorandum,
1304 1380 2135 1431 Et haec diuiditur in tres partes, nam primo Magister osti
1310 1421 2138 1467 dit, quod secundum aliquos quaedam dicta Augustini sibi
1313 1460 2132 1504 mutuo videntur repugnare. Secundo apparentiam illiu
1302 1504 2135 1549 repugnantiae nititur tollere. Et tertio mouet ineidem
1319 1536 2147 1594 dlubium de identitate virtutis, & gratiae Secunda ibi M
1307 1581 2129 1627 hoc autem dicimus &c Tertia ibi, Si vero quaeritur, quo
1320 1613 2127 1666 modo ipsa gratia. Sequitur distinctio vigesima septimal
1320 1661 2122 1709 qua Magister tractat de virtute in ordine ad vitae aete
1317 1692 2121 1740 meritum. Et diuiditur in duas partes, nam primo diff
1314 1735 2134 1785 tione virtutis data per Augustinum Magister ostenditid
1313 1773 2130 1818 virtus est donum solius Dei. Secudo probat, quod virtu
1320 1812 2142 1861 non est motus liberi arbitrii ibi, Si igitur gratia, quaeim
1308 1857 2148 1897 nat. Et haec in tres, nam primo iam dictam veritatem pro
1313 1894 2138 1939 bat Secundo eam opinione quorundam confirmat. Ten
1315 1936 2144 1978 tio oppositam opinionem recitat, Secunda ibi, Praeterod
1310 1971 2160 2023 quidam Tertia ibi, Alij vero dicunt. lstarum secunda did
1316 2006 2150 2062 uiditur in tres partes: nam primoMagister declarat prima
1322 2046 2142 2101 opinionem. Secundo cuiusdam auctoritatis, quae ervides
1305 2083 2157 2135 tur repugnare, ponit expositionem. Tertio circa praemud
1313 2126 2156 2177 sa facit epilogationem. Secunda ibi, Cum ergo dicitur fo
1314 2166 2154 2215 des Tertia ibi, Ex praemissis ia, Sequitur illa pars, Ali ved
1308 2205 2153 2258 ro &c. Et diuiditur in quattuor partes: nam primo illam
1317 2245 2153 2298 opinionem Magistet recitat. Secundo exponendo aucto
1318 2288 2148 2337 ritates, motiua eius cassat. Tertio ex dictis eorum, qui
1314 2324 2156 2378 sunt de prima opinione contra eam instat. Et quarro d
1319 2360 2157 2409 tatis discussione diligenti lectori comendat. Secuda ib¬
1323 2403 2115 2452 Quibus aliij respodentes. Tertia ibi, Ex qbus verbis. Q
1318 2445 2143 2487 ta ibi, Horum autem iudicium. Et haec est sententia istan
1323 2485 2139 2533 duarum distinctionum in gnali, circa quas qro in speciali
1614 2605 1897 2681 Quaestio 1.
1573 2686 1913 2766 An gratia sit virtus.
1367 3105 2173 3173 VTRVM gratia sit idem, quod virtus. Et videturgo
1386 3151 2152 3216 sic, quia illud, per quod dispouimur respectu optim
