2402 3550
243 271 1095 342 re: possunt ab inuicem separari sed gratia & caritas nullo
250 338 1094 391 modo poterunt separari, quia si separarentur, tunc idem
237 370 1099 419 homo saluaretur, & damnaretur: saluaretur, in quantum
250 409 1097 471 finaliter decederet in gratia; sed damnaretur, eo quod
247 449 492 502 careret caritate.
265 492 1097 531 2 Praeterea, quorum est vnus, & idem actus per essen¬
245 527 1094 584 tiam, illa sunt idem realiter, & essentialiter: sed caritatis
243 571 1097 624 & gratiae est vnus actus per essentiam, quod patet quan¬
230 605 1090 654 rum ad actum primum, qui consistit in informare & de¬
239 653 1097 700 nominare subiectum: quia esse gratum, quod, vt sic, est
247 692 1094 734 actus gratiae, & esse carum, quod est actus caritatis, idem
243 727 1092 775 sunt realiter & solo nomine differunt. Patet etiam illa
243 766 1094 810 minor quantum ad actum secudum, qui est reddere opus
241 808 1093 852 meritorium, qui etiam actus vnus existens, est communis
245 842 520 895 caritati & gratiae.
324 885 1101 924 Praeterea, gratia & caritas sunt forma virtutum: vnius
244 919 623 972 autem rei vna est forma
267 964 1087 1010 4 Praeterea, gratiae & caritatis vna est diffinitio, quia
243 1003 755 1054 vtraque est bona qualitas mentis.
268 1045 1089 1090 3 Praeterea, caritas in Craeco idem est quod gratia in Lati¬
240 1084 1085 1132 no: caris enimoraece est gratia Latine, & componitur inde
235 1123 992 1169 acaris quasi sine gratia, & acaris quasi bona gratia¬
253 1166 1085 1211 4 Praeterea, illud, quod est radix prima omnis boni spi
238 1196 1088 1249 ritualis, est gratia, vel saltem non differt realiter a gratia:
240 1238 1091 1287 sed secundum Augustinum in sermone de laude carita¬
241 1280 1079 1336 tis, radix omnium bonorum est caritas, & ibidem dicit, qui
238 1314 641 1361 caritas est vita viuentium
289 1351 1084 1398 Et si dicitur istis, quod principium essendi differt a prin¬
234 1396 1089 1439 cipio operandi, sed gratia est principium essendi, virtus est
237 1436 791 1481 principium operandi: ergo &c.
276 1473 1091 1516 Dicunt ipsi ad maiorem, quod non est vera in formis
246 1514 1086 1557 iccidentalibus: idem enim calor, qui, vt dat esse calidum,
246 1557 1085 1602 est principium essendi, vt calefac t alt erum, est principium
240 1590 1078 1634 agendi. Dant etiam instantiam ad minotem, quia, vt di¬
240 1629 1085 1670 cunt, destructo principio essendi, destruitur necessario
234 1667 1092 1718 principium agendi, sed destructa in aliquo homine gtatia,
240 1717 1095 1768 adhuc manet fides, & spes, quae sunt virtutes, & per conse
241 1746 699 1803 quens sunt principium agendi.
270 1787 797 1828 Sed ista non concludunt. Igitur.
287 1823 1098 1880 Ad primum dicendum, quod maior non est vera, quia
228 1867 1082 1917 figura, & linea differunt per essentiam, cum figura sit spe¬
243 1907 1091 1956 cies qualitatis, linea vero species quantitatis, & tamen
243 1944 1089 1985 impossibile est dare figuram sine linea: impossibile est
241 1984 1091 2036 etiam dare creaturam sine respectu, seu impossibile est
243 2028 1091 2067 creaturam separare a respectu ad creatorem, quam¬
228 2061 1092 2103 uis secundum aliquos istorum relatio per essentiam dif¬
234 2103 1090 2146 ferat a fundamento suo Etiam quantum ad absolutam Dei
237 2140 1097 2191 potentiam minor est falsa. Ad probationem dico, quod nec
236 2179 1097 2227 esset necesse talem hominem damnari, nec saluari; quia
242 2219 1087 2264 Deus posset eum semper in via conseruare, sicut nunc de
240 2258 926 2306 facto conseruat Enoch, & Heliam in paradiso.
287 2292 1076 2339 Ad secundum dicendum, quod maior non est vsquequa
240 2338 1085 2380 que vera, quia materiae & formae est vnus actus, cum agere
231 2374 1089 2427 sit totius coniuncti, & tamen materia & forma differunt
244 2421 1081 2465 realiter. Etiam minor non est vera, quia esse gratum per
245 2455 1082 2507 gratiam est formaliter actus differens ab eo, quod est esse
240 2493 1092 2537 carum per caritatem: quia, vt superius patuit per Augusti
235 2534 1084 2582 num, gratia aliquo modo praeuenit caritatem, quia gratia
246 2572 1082 2624 pprie loquendo dat esse primum in spirituali regeneratio¬
234 2616 1082 2664 ne; & hoc proprie non conuenit caritati: cum ipsa sit im¬
241 2660 914 2700 mediatum principium spiritualis operationis
288 2685 1088 2741 Ad tertium dicendum, quod quamuis large loquendo,
231 2727 1082 2773 ram caritas, quam gratia dicantur forma virtutum, hoc ta
228 2769 1086 2818 men conuenit caritati immediate, gratiae autem conue¬
231 2805 674 2862 nit mediante caritate.
282 2842 1093 2897 Ad quartum dicendum, quod illa non est propria diffini¬
240 2889 1088 2936 tio, sed est quaedam communis, seu analogica descriptio. Vn
240 2922 1092 2966 sicut homo & asinus conueniunt in hac descriptione, seu
234 2964 1089 3005 diffinitione communi, quae est substantia animata sensibi
244 3003 1073 3046 lis, differunt tamen suis propriis diffinitionibus: sic &c
292 3039 1093 3094 Ad quintum dicedum, quod sicut corpus Christi, quia
233 3084 1086 3125 communicatur nobis ex gratia Dei originaliter, & non
243 3118 1084 3180 ex operibus nostrae iustitiae, & ideo dicitur caris Qraece
1156 301 1993 356 & eucharistia latine ab a, quod est bonum & caris, quod
1153 347 1997 406 est gratia, quasi bona gratia  tamen planum est, quod
1149 396 2001 449 corpus Christi differt realiter a gratia. Sic in proposito,
1159 424 1994 478 quia caritas originaliter nobis infunditur non ex nostro
1151 472 1991 523 merito, sed ex Dei gratia: ideo talis habitus diuini a¬
1142 504 1983 559 moris quadam causali praedicatione dicitur caris, seu
1146 546 1992 598 gratia: sicut philosophus in de sensu & sensato dicit,
1158 587 1985 632 uod odor est fumalis euaporatio, quia causatur a fumali
1153 620 1344 671 tuaporatione
1165 667 1976 713 Ad sextum dicendum, quod sicut in genere malorum,
1134 696 1994 749 seu peccatorum quandoque dicitur, quod superbia est ini
1137 741 1978 798 tium omnis peccati; quandoque autem hoc dicitur de in
1144 783 1985 830 uidia: tamen superbia & inuidia differunt a se innicem:
1141 812 1976 867 sic in genere bonorum, quandoque gratia dicitur princi¬
1146 857 1980 908 pium omnium bonorum, quandoque autem caritas &
1152 895 2010 944 ratia differunt a se inuicem. Vnde attendendo ad esse spi
1134 942 1989 986 rituale, tunc gratia dicitur principium omnium bonorum;
1138 973 2010 1035 attendendo antem ad agere virtuose, tunc caritas dicitur
1146 1010 1618 1069 principium omnium bonorum.
1176 1052 1984 1101 Nec ualet eorum responsio, quiaquis gratia sit forma ac
1131 1091 1980 1143 cidentalis, tamen in hoc conuenit cum forma substantiali:
1142 1129 1968 1183 icut forma substantialis dat esse simpliciter, & primum;
1135 1170 1961 1218 loquendo de esse naturali, sic gratia dat esse simplicite
1132 1206 1970 1258 & primum loquendo de esse supernaturali: & ideo sicut
1132 1247 1969 1292 forma substantialis non est immediatum principium a¬
1149 1291 1976 1334 endi actione naturali, sic nec gtatia est immediatum prin¬
1132 1336 1973 1380 cipium agendi actione supernaturali, & per consequens
1146 1373 1973 1421 ratia concernit caritatem tamquam uirtutem a se rea¬
1141 1411 1974 1460 iter differentem, mediante qua prorumpit in superna¬
1134 1440 1475 1494 turalem operationem.
1165 1484 1977 1541 Nec ualet instantia, quam adducunt contra minorem,
1143 1526 1973 1575 quia quamuis destructa gratia maneat fides: tamen caritas
1140 1565 1973 1608 non manet, quae proprie est principium actionis merito¬
1127 1603 1979 1649 riae, & supernaturalis. Etiam dato, quod maneat fides: ta¬
1131 1641 1975 1685 men nec fides, nec aliqua alia uirtus sic manet, quod pos¬
1134 1677 1974 1724 sit principiare actionem meritoriam, & supernaturalem
1129 1715 1973 1761 sine gratia & caritate. Et ideo bene concedo, quod de¬
1138 1755 1974 1801 structo principio essendi secudum esse supernaturale, quod
1140 1801 1974 1852 est ipsa gratia: destruitur fides, & quaelibet alia virtus quan
1122 1839 1968 1887 tum ad hoc, quod sit principium actionis meritoriae, &
1131 1869 1355 1923 supernaturalis.
1272 1948 1860 2011 ARTICVLVS ili.
1180 2025 1941 2123 Vtrum homo non habens gatiam possit mereri
1469 2103 1625 2173 gratiam.
1210 2182 1967 2240 VANTVM ad tertium articulum dico primo, quod
1249 2224 1968 2276 homo non existens in gratia, non potest mereri
1143 2259 1458 2317 gratiam de condigno.
1158 2301 1976 2361 1 Quia si homo constitutus in puris naturalibus pos¬
1146 2338 1971 2400 et mereri de condigno gratiam gratum facientem, de qua
1139 2386 1970 2425 loquimur in praesenti, cum per talem gratiam homo suf¬
1134 2420 1980 2474 ficienter consequatur vitam aeternam, quae est finis simplici
1134 2462 1974 2511 ter supernaturalis: tunc ex puris naturalibus possemus con
1130 2498 1982 2545 sequi finem supernaturalem, & per consequens finis super¬
1139 2540 1973 2584 naturalis non esset supernatur alis, quod est contradictio.
1155 2579 1982 2625 2 Praeterea, illud, cui causaliter omne meritum nostrum
1141 2617 1980 2671 nnititur, hoc mereri non possumus: gratia est huiusmo¬
1134 2657 1976 2703 di, iuxta illud Augustini; Quid est meritum ante gratiam,
1128 2696 1973 2742 cum omne bonum meritum nostrum in nobis non faciat
1143 2729 1309 2780 isi gratias
1161 2773 1976 2818 3 Praeterea, si ex nostris naturalibus possumus de con
1131 2810 1965 2865 digno mereri gratiam, tunc gratia esset debitum absolu¬
1125 2854 1785 2900 te, & per consequens gratia non esset gratia.
1176 2885 1964 2936 Sed forte Pelagius, qui oppositum istius conclusioni
1146 2927 1934 2979 sserit, posset praedictam conclusionem impugnare sic¬
1206 2965 1974 3023 Quandocumque aliquis existens in gratia orat pro
1130 3000 1970 3047 seipso de his, quae pertinent ad salute, tunc semper exau¬
1139 3044 1976 3100 ditur, sicut dicunt sancti doctores: sed aliquis existens nuc
1141 3087 1973 3142 n gratia potest orare, quod si ipsum contingat ex huma¬
1140 3127 1845 3188 na fragilitate perdere gratiam, vt sibi restituatur
