2376 3546
201 299 1072 385 DISTINCTIO NVIIL ETNxI
210 408 1052 470 Compendiosa harum distinctionum diuisio, in quibus
300 462 960 538 defectus ac insufficientia siberi arbitrij
541 520 728 583 aperumtur,
530 604 1067 657 D VERO INC ONCVSSE &c.
537 645 1062 701 Postquam Magister determinauit
546 686 1062 735 de gratiae & virtutis perfectione, &
550 727 1055 772 xcellentia, hic tractat Magister de
533 764 1048 811 liberi arbitrij defectione, & insuffi¬
533 799 1048 853 cientia. Et diuiditur in duas partes
542 843 1065 894 nam primo Magister ostendit insuf
527 884 1059 937 ficientiam liberi arbitrii quantum
205 924 1059 972 ad omnes homines generaliter. Secundo quo ad primos
210 961 1046 1007 parentes specialiter ibi, Post haec considerandum. Prima
207 1002 1050 1059 n duas, quia primo Magister de liberi arbitrii insufficien
195 1042 1055 1085 tia, & gratiae Dei indigentia praemittit intentam verita¬
190 1077 1055 1125 tem,. Secundo econtra exprimit erroris Pelagij absurdita
193 1123 1043 1170 tem ibi, Pelagianorum haeres.Et haec in duas: nam primo
201 1161 1043 1207 errorem Pelagianorum praedictae ueritati contrarium re
201 1196 1044 1247 citat. Secundo auctoritate Hicronvmi supradictam ve¬
196 1232 1049 1283 ritatem confirmat ibi, ld ergo de gratia. Prima in duas:
191 1273 1055 1315 nam primo ponit errorem, ac eius palliationem. Secun¬
202 1311 1056 1368 do pro errore adducit multiplicem probationem ibi, Quod
191 1353 1051 1399 vero dicunt sine gratia. Et haec diuiditur in quattuor par¬
196 1394 1046 1443 tes, secundum quod quattuor adducit probationes. Se¬
193 1431 1044 1479 cunda ibi, Similiter autem. Tertia ibi, Alibi etiam Aug.¬
201 1472 1052 1520 Quarta ibi, His etiam intelligendum est &c. Et quaelibet
201 1506 1037 1556 istarum potest subdiuidi, secundum quod Magister pri¬
196 1551 1039 1596 mo recitat erroris munitionem. Secundo munitionis de
192 1586 1043 1633 structionem, & partes patent. Sequitur illa pars, Post haec
195 1626 1038 1675 considerandum &c, vbi incipit distinctio 25. in qua Magi¬
202 1664 1048 1714 ster ostendit insufficientiam liberi arbitrij quo ad primos
202 1707 1040 1757 parentes specialiter. Et diuiditur in tres partes; quia pri¬
207 1746 1037 1799 no ostendit, quod primus homo gratia indiguerit, licet ip¬
196 1782 1044 1834 sam non habuerit. Secundo ostendit, quod virtutes ha¬
192 1822 1053 1871 buiti, quas tamen per peccatum perdidit. Tertio innuit
195 1865 1048 1917 qualiter punitus exstitit ex eo, quod peccauit. Secunda
201 1908 1037 1951 abi, praeterea quaeri solet Tertia ibi, In illius quoque pec¬
205 1940 1043 1989 cat. Et haec in duas: quia primo Magister ostendit, quod pec¬
199 1981 1039 2027 catum primi hominis ipsum de paradiso expulit. Secun¬
195 2024 1043 2068 do inquirit, vtrum ante expulsionem de ligno vitae come
190 2055 1052 2114 derit ibi, Potest autem quaeri, Circa has distinctiones quae
189 2091 537 2155 ro hanc quaestionem.
488 2183 783 2270 Quaestio. 1.
217 2330 1029 2385 An homo mortali culpae obnoxius, satis se ad
357 2376 884 2449 habitualem gratiam praeparare
569 2425 687 2499 caleat.
197 2853 1038 2940 VTRVM homo existens in peccato mortali sine do¬
282 2917 1037 2962 no supernaturali possit se ad gratiam sufficienter pro
192 2957 1049 3010 parare. Et videtur quod sic quia homo faciendo, quod in se
196 3003 1047 3049 est, praeparat se ad gratiam: sed ex puris suis naturalibus
195 3044 1037 3089 pot vnusquisque facere, quod in se est. Maior patet ex prae¬
186 3088 1036 3129 cedentibus. Minor probatur ex hoc: quia si aliquid super¬
196 3114 1046 3181 naturale requireretur ad hoc, quod aliquis faciat, quod in se
1103 290 1952 355 est tunc esset implicatio contradictionis: quia hoc non est
1098 336 1952 406 in hominis potestate, ad quod requiritur aliquid excedens
1113 376 1383 432 aturam hominis
1147 400 1945 475 Contra, Sicut sufficienter disponens materiam ad ali¬
1113 461 1953 515 cuius formae introductionem, quasi de condigno merotur
1117 503 1953 557 uiusmodi formae inductionem: nam si talis forma non in
1105 532 1950 595 duceretur, hoc miraculose fieret, & non naturaliter: sic &c
1103 572 1953 634 sed vt iam probatum est, nullus potest mereri gratiam de
1099 617 1944 672 condigno: ergo &c. Hic quattuor sunt uidenda. Primo u¬
1110 652 1943 710 trum homo carens gratia possit implere omnia diuina pre
1107 693 1941 752 cepta. Secundo de eo, quod quaeritur, & hoc quantum ad
1104 729 1947 789 dist. 2 8 Tertio, vtrum primus homo antequam peccauit,
1110 768 1953 829 habuerit gratiam gratum facientem. Et quarto, vtrum bo
1100 809 1954 863 norum hominum secudum statum praesentem opera sint
1098 851 1956 897 magis meritoria, & per consequens eorum in futuro sit
1105 892 1943 943 per fectior gloria, quam fuisset, si homo in statu innocen¬
1107 926 1950 988 tiae vsque ad consecutionem gratiae & gloriae permansisset
1103 961 1910 1022 Et hoc quantum ad distinctionem vigesimam nonam
1277 1048 1780 1114 R ES OLVTIO.
1094 1139 1944 1204 Et si expers gratiae non numquam a transgressione mandatorum
1137 1181 1943 1250 Dei se valeat praeseruare, diu tamen in huiusmodi praeseruatio¬
1128 1230 1938 1288 ne perseuerare nequit. Vnde homo praecise in naturalibus
1138 1267 1940 1332 constitutus, ad gratiam gratum facientem satis se disponere mi
1134 1305 1301 1368 nime potest.
1233 1397 1798 1456 ARTICVLVS 1.
1109 1445 1928 1512 Vtrum Homo carens gratia possit implere omnia
1386 1487 1665 1566 diuina praecepta.
1182 1584 1937 1649 VAN TVM ad primum ponam duas conclu¬
1203 1629 1310 1679 siones.,
1134 1667 1935 1724 Prima est, quod quamuis carens gratia possit se pro ali
1096 1714 1936 1761 quo tempore a transgressione mandatorum Dei praeser¬
1102 1753 1935 1808 are, tamen non potest se in huiusmodi praeseruatione diu
1092 1784 1274 1835 continuare.
1122 1824 1933 1878 Secunda est, quod homo existens in uno peccato mor¬
1091 1870 1944 1922 tali, si non egerit penitentiam non potest se diu praescrua
1091 1909 1931 1960 re, quin cadat in aliud peccatum mortale. Conclusiones
1100 1944 1949 2003 stas magis teneo propter auctoritates sanctorum, quam
1092 1990 1637 2038 propter rationem conuincentem.
1113 2025 1964 2076 1 Primam igitur conclusionem probo auctoritate Au
1093 2065 1963 2118 gustini, qui tertio de libero arbitrio ait. llla nm est peccati.
1090 2109 1964 2157 poena iustissima, vt amittat quisque, qua bene vti noluit, po,
1089 2143 1937 2196 testatem. Homo igitur cum potuisset sine difficultate om
1095 2184 1941 2234 nia mandata implere, nolens vti bene ista potestate, per¬
1089 2223 1940 2271 didit eam, vt etiam volens non possit omnia mandata im
1096 2258 1963 2305 plere. Item secundum Aug. in eodem libro, Inflictu est ho¬
1093 2298 1963 2341 mini propter peccatum, vt non videat, quid recte sit faciedum
1104 2336 1964 2383 si videt, & vult recte facere, non possit implere. Et ibi¬
1089 2372 1964 2419 dem, Nec tibi imputatur ad culpam, quod vuimerata mem¬
1095 2413 1925 2468 bra non colligis, sed quod volentem sanare contemnis.
1113 2457 1935 2499 2 Praeterea, sicut patet per Magistrum hic in littera,
1098 2490 1935 2548 Pelagianorum haeresis credit hominem sine gratia posse
1094 2529 1544 2578 facere omnia diuina mandata
1115 2550 1964 2623 3 Preterea, operator omnium mandatorum Dei di¬
1108 2614 1944 2668 nus est vita aeterna, iuxta illud. Si vis ad vitam ingredi,
1092 2654 1930 2709 serua mandata, sed nullus sine gratia dignus est vita aeter.
1101 2688 1276 2740 a: ergo &c.
1125 2722 1937 2781 Sed contrarium istius asserunt quidam doctores dicen
1092 2771 1938 2821 tes, quod quamuis sine gratia non possit aliquis explero
1091 2813 1938 2864 omnia mandata quantum ad modum operis, puta quan¬
1092 2850 1944 2901 tum ad meritorie operari; quantum tamen ad rem actam,
1107 2890 1946 2939 uta quantum ad substantiam operis, sic potest quis sine
1104 2931 1938 2985 gratia omnia adimplere diuina mandata. Quod decla¬
1104 2960 1301 3011 ant in simili,
1170 3005 1947 3057 Quia Vt patet 2. ethic. sine virtutibus possumus face
1085 3045 1949 3096 re opera virtutum, puta non fortis potest facere opera for
1099 3074 1947 3143 titudinis, licet non possit ea facere vt fortis, puta fortiter,
1097 3115 1470 3180 & delectabiliter: sic &c
