2391 3562
422 280 1265 354 2 Et istam conclusionem unus istorum doctorum con
403 338 1265 399 firmat sic. Quaelibet potentia potest in actum sibi propot
413 387 1258 436 tionatum quantum ad substantiam actus sine additions
416 421 1266 469 cuiuscunque alterius: quia potentia est, qua possumus, vt di
411 463 1270 507 citur 2 eth. sed sub praeceptis iuris naturalis cadunt solum
413 502 1231 553 modo actus, quorum potentiae sunt in nobis, ergo &c.
444 534 1265 595 3 Praeterea, istud potest etiam probari sic. Qui potess
411 580 1264 632 maius; potest etiam minus, sed homo sine gratia potest Deum
411 618 1259 667 diligere, quod est maximum mandatum. Maior patet. M
417 661 1262 703 norem probo: quia si homo non posset diligere Deum si¬
411 693 1267 747 ne gratia, tunc quandoque posset euidenter scire se esse in
421 729 1272 791 gratia, cum experitur se diligere Deum, cuius oppositum
422 774 1266 829 patet. Eccl. 7. vbi dicitur, Nescit homo vtrum amore, vel
417 817 659 868 odio dignus sit.
423 847 1269 895 4 Praeterea, de mandato dilectionis in persona Dei di
412 895 1253 940 citur, Mandatum hoc, quod ego praecipio tibi hodie, non
415 936 1253 981 supra te est: sed secundum Cregorium in Omilia de Ap.
417 968 1269 1022 stolis, Omne mandatum de sola distinctione est, & om nia
417 1018 1267 1063 vnum mandatum sunt: quia quicquid praecipitur, in sola
404 1052 694 1104 caritate solidatur,
424 1088 1260 1136 3 Praeterea, ea, quae Qentiles secundum lege naturae
417 1127 1255 1178 viuentes faciunt, illa possumus implere sine gratia: sed A¬
426 1167 1252 1218 postolus loquens de diuinae legis mandatis ait, Setes, qua
414 1201 1253 1273 lege non habent, naturaliter ea, quae legis sunt, faciunt,
459 1243 1250 1290 bed ista opinio satis videtur esse periculosa: quia Augi¬
422 1276 1247 1331 tinus in libro de haeresibus vldetur dicere, hoc pertine
405 1329 1250 1377 re ad haere sim Pelagianorum, vt credant sine gratia ho¬
402 1370 1072 1414 minem posse facere omnia diuina mandata
440 1404 1258 1453 Ad primum igitur dicendum, quod quamuis similitu¬
407 1441 1258 1491 do possit negari: ipsa tamen concessa dico, quod non ha¬
405 1487 1252 1535 bens virtutem cum magna difficultate elicit actum virtu
416 1521 1259 1571 tis: & ideo quia magnum conatum ad tollendum huius¬
412 1566 1251 1607 modi difficultatem non potest simul habere circa diuer¬
405 1592 1241 1650 sa, igitur eliciendo actum vnius vittutis, accidit ipsum pec
411 1635 1262 1683 care contra aliam virtutem: sic & homo sine gratia cum
408 1677 1247 1730 ponit magnum conatum propter difficultatem, quam pro
409 1718 1255 1768 titur in obseruantia vnius mandati, contingit ipsum pec¬
408 1752 923 1802 care contra aliud mandatum.
450 1791 1260 1838 Ad secundum dicendum, quod si iste doctor per ius na
414 1833 1260 1877 turale intelligit mandata legis diuinae, tunc in minori est
398 1873 1254 1932 petitio principij, quia de hoc est quaestio praesens, vtrum
399 1917 1250 1958 actus tales sint in posse nostro sine gratia addita. Item da
399 1951 1257 1994 to, quod tales actus sint in potestate hominis, supposita
392 1989 1256 2037 sua potentia sana & illaesa, non tamen hoc oportet, si eius
407 2030 1256 2078 potentia est lesa, & vulneratatpotentia autem humana con
398 2072 1249 2114 siderata sine Dei gratia est quasi totaliter laesa: ideo &c
396 2111 1177 2155 Etiam potest dici, sicut iam dictum est ad primum.
445 2152 1255 2196 Ad tertium dicendum, quod diligere Deum non est man
407 2186 1243 2236 datum magnum, absolute loquendo, sed diligere Deun
403 2230 1259 2279 ex toto corde, & ex omnibus viribus nostris; & hoc num¬
408 2261 975 2318 quam potest aliquis facere sine gratia
435 2304 1241 2350 Ad quartum dicendum, quod tale mandatum non di¬
401 2343 1247 2387 citur esse super hominem, quia si homo secerit illud to¬
405 2377 1247 2431 tum, quod in se est, tunc Deus adiuuat hominem, & in¬
399 2421 1247 2469 fundit ei supernaturalem dilectionem. Dilectio etiam, de
403 2461 1241 2509 qua loquitur Oregorius, non est dilectio naturalis, sed d
399 2501 1254 2545 lectio supernaturalis, quae est ipsa caritas diffusa in cordi¬
405 2544 1204 2583 bus nostris per spiritum sanctum, qui habitat in nobis
447 2578 1248 2623 Ad quintum dicendum, quod quamuis Qentes faciant
397 2619 1251 2664 aliqua, quae legis sunt, tamen non faciunt omnia. Vnde
398 2659 1242 2710 propter inclinationem, & pronitatem derelictam in na¬
397 2700 1243 2745 tura humana per peccatum originale ad ea, quae sunt illi¬
403 2735 1241 2781 cita & prohibita, et fideles informati gratia, magnam set
402 2775 1253 2822 tiunt difficultatem in obseruantia mandatorum; iuxta quod
400 2819 1244 2863 ait Apostolus, video aliam legem in membris meis repu¬
402 2854 1238 2903 gnantem legi mentis mee. Et infra, Quis me liberabit do
395 2892 1244 2939 corpore mortis huius: Oratia Dei per lesum Christum. Et
392 2932 1250 2977 ideo videtur, quod carentes gratia, non solum difficultatem,
405 2976 1234 3014 verum impossibilitatem habeant ad obseruandum om
399 3013 1236 3054 nia mandata coniunctim, & continuandum se in huiusmo
392 3047 625 3094 di obseruantia
428 3078 1240 3136 Secundo dico, quod existens in uno mortali peccato, si
393 3123 1237 3184 non egerit poenitentiam, nen poterit diu stare, quin ca¬
1310 290 1546 350 dat in alterum.
1328 332 2156 394 1 Ad hoc enim est euidens auctoritas Oreg. 25 mora
1313 383 2156 432 vbi exponens illud, Nouit enim opera eorum, & idcirco
1309 422 2159 478 inducet noctem, & conterentur, Ait (iregorius. Peccatum
1311 459 2160 524 namque quod poenitentia non diluitur, ipso suo pondere
1323 499 1626 555 mox in aliud trahit.
1339 542 2153 592 2 Praeterea, August. primo retractationum ait. Quoc
1322 577 2154 621 sine gratia, per quam liberamur a seruitute peccati, non
1311 620 2002 671 possumus vitia superare, nec pie, & recte viuere
1396 659 2154 701 Praeterea, sicut corpus habens priuationem annexam
1314 692 2165 743 se habet ad corruptionem in naturalibus, sic se habet ani
1310 743 2157 793 ma infecta poccato mortali ad corruptionem in moribus
1309 777 2159 821 & virtutibus: sed impossibile est potentia naturae, quin ta
1314 813 2140 860 le corpus tendat in corruptionem naturalium: ergo &c.
1330 848 2171 905 4 Praeterea, Aug. in de vera innocentia ait, Plus procul
1304 891 2163 940 dubio est agi, quam regi: qui enim regitur, aliquid agit, &
1311 933 2157 977 ideo regitur, vt recte agat, qui aute agitur, agere ipse vix
1317 977 2156 1018 intelligitur. Et tantum enim prestat voluntatibus nostris
1317 1013 2162 1062 gratia Saluatoris, vt non dubitet Apostolus dicere, qui
1305 1049 2153 1092 in spiritu Dei aguntur, hi filij Dei sunt. Nec aliquid in no
1305 1089 2162 1135 bis libera voluntas melius agere potest, quam quod illi
1308 1130 2151 1174 sc commendet, qui male agere non potest: statim enim
1305 1170 2153 1216 cum mouemur sensu nostro, & secundum nos agere volu
1311 1202 1751 1255 mus, a bona actione deficimus
1329 1245 2172 1293 Sed contra istud est quaedam opinio, quae ponit, quod
1305 1286 2172 1330 quamuis a peccato mortali non possumus resurgere sine
1308 1327 2145 1375 gratia Dei, possumus tamen futuris peccatis resistere, ut
1295 1366 2108 1408 non cadamus de nouo in aliud peccatum mortale.
1316 1404 2144 1450 1 Quia enim ab ipso peccatore non tollitur liberum
1298 1443 2141 1485 arbitrium, sed manet, quamuis vulneratum, cum liberi al
1299 1481 2144 1539 bitrij sit posse agere, & non agere: igitur licet ex hoc, quod
1307 1523 2154 1570 uulneratum est, habeat difficultatem resistendi peccatis,
1306 1561 1965 1605 tamen non habet impossibilitatem.
1321 1598 2148 1643 2 Praeterea, nullum peccatum mortale committitur
1299 1638 2151 1685 nisi de consensu voluntatis, vt patet per Augustinum in de
1305 1676 2153 1725 vera religione, sed in potestate nostra est consentire, &
1306 1719 1730 1769 non consentire: ergo &c.
1327 1755 2167 1805 3 Praeterea, communiter conceditur, quod per aliquod
1303 1799 2167 1847 breue tempus potest quis vitare peccatum, sed postquam
1299 1837 2145 1884 homo vitauerit peccatum per aliquam moram, post illam
1296 1877 2149 1919 moram habilior efficitur ad vitandum; ergo semper po¬
1304 1912 1459 1959 test vitare
1308 1951 2150 2005 4 Praeterea, arguunt quidam magis noui ad idem sic,
1296 1993 2145 2047 Si mortalis peccator non posset vitare nouum peccatum,
1306 2034 2139 2089 vel hoc esset propter carentiam gratiae, vel propter incli¬
1293 2076 2135 2116 nationem derelictam ex praecedenti peccato. Non pro
1296 2116 2138 2166 pter primum, tum quia in statu innocentiae homo sine gi
1295 2158 2139 2206 tia potuit vitare omne peccatum, tum quia non plus tol¬
1306 2189 2149 2232 lit priuatio, quam ponat habitus: sed gratia non ponit li¬
1297 2227 2143 2268 bertatem contradictionis: sed solum ponit efficaciam ad me¬
1300 2267 2146 2322 rendum: ergo carentia gratiae non tollit ab homine, quin
1299 2309 2143 2352 possit libere eligere bonum & malum. Nec propter secu¬
1294 2343 2135 2391 dum: quia inclinatio derelicta ex bono habitu non nece
1296 2385 2132 2430 sitat tantum voluntatem, quin libere possit a bono deui;
1296 2429 2134 2479 re: ergo nec inclinatio derelicta per malum actum, tanti
1293 2467 2054 2512 necessitat voluntatem, quin possit vitare malum.
1315 2504 2144 2548 3 Praeterea, illud quod est ineuitabile, non est imputa
1296 2543 2138 2592 bile:igitur si talis peccator illud nouum peccatum non pos
1299 2581 2147 2643 set euitare, tunc mortale peccatum non esset imputabile
1290 2621 1787 2673 ipsi facienti, quod est erroneum.
1325 2653 2149 2717 Sed ista opinio est expresse contra dicta sanctorum, vt
1300 2698 1661 2751 patet ex praedictis, lgitur
1322 2741 2134 2788 Ad primum dicendum, quod duis maneat liberum arbitrium
1290 2781 2130 2831 tamen propter carentiam gratiae, & assistentiam mortali
1285 2817 2139 2878 nequitiae, homo talis non est semper compos sui, sed qua¬
1287 2859 2133 2904 si vulneratus in membris, si ad aliquam horam subsistit
1290 2897 2132 2956 sine peccato nouo, in hoc tamen non diu permanebit.
1293 2932 1406 2985 ergo &c
1317 2966 2144 3020 Ad secundum dicendum, quod quamuis in potestate nostra, cum
1296 3014 2129 3068 sani & sobrij sumus in mente, sit consentire, & non consen
1281 3058 2138 3094 tire: tamen infirma mens, & infecta, seu inebriata allecta¬
1290 3095 2141 3145 tionibus peccatorum praecedentium, & lassata continua¬
1287 3131 2117 3183 tione tentationum, non potest quandoque non consentire.
