2163 3537
63 286 857 350 purgatorio: igitur exemplum adductum de albo & nigro
57 331 384 385 non est ad propositum.
75 372 847 417 hesponsio etiam istorum, quam dant ad primam instan
21 414 854 457 es tiam, non valet, vt domino concedente patebit infra libro
39 451 844 492 tertio di. 1. q1. ibi enim hanc materiam tangere propono
72 491 851 543 Nec responsio ad secundam instantiam valet, quia quam
57 532 850 575 uis difficultas se tenens ex parte hominis proueniens ex
54 571 851 616 cius propria & actuali culpa, deroget suo merito: tamen
48 610 842 659 sidifficultas huiusmodi prouenit ex culpa aliena & orig
45 648 839 691 nali, tunc non diminuit meritum, sed potius auget. Vid
49 686 843 729 mus enim communiter quod boni principes magis remi
46 729 851 774 nerant milites de fortiori proelio victoriam obtinentes.
43 765 847 806 Ad probationem dicendum, quod etiam perfectus homo
49 803 855 853 siquandoque sustinet difficultatem, quam tamen sine ma
49 845 844 890 tula vincit, ipse magis meretur, quam si talem difficul¬
45 883 847 931 tatem pro tunc non sentiret, vt apparuit in Apostolo Pau
52 919 215 969 : ergo &c.
54 960 854 1004 Ad argumentum principale dicendum, quod homo fa
39 998 846 1046 dendo, quod in se est, non praeparat se ad gratiam actiue;
33 1031 844 1078 & sufficienter, sed permittit se Deum praeparare, consen¬
42 1075 847 1119 tiendo diuinis monitionibus, quibus Deus hominem ad
36 1112 461 1174 gratiam recipiendam disponit.
42 1181 813 1246 DISTINCTIO Sx. ETSNxI
39 1272 842 1354 tractatus de originali culpa, prout himanam vesti¬
63 1350 836 1402 et naturam non inutilis duuisio ac presentium di¬
64 1388 845 1446 sinctionum aperta subdusio, n quibus, qud sit
63 1439 845 1509 pertam originale &v quomodo sit ad posteros tral
62 1484 500 1557 fusum perspicite declaratir.
314 1584 834 1627 N SVPERIORIEVS. Postquam
315 1624 835 1668 Magister determinauit de peccatis
327 1666 832 1715 primorum parentum, prout ipso;
326 1703 828 1756 respicit personaliter; hic tractat di
322 1740 824 1782 huiusmodi peccato, prout a prim
325 1781 845 1822 homine tranfusum est in poste 1is
312 1821 833 1864 causaliter, seu originaliter. Et diui¬
327 1860 830 1911 ditur haec pars in duas partes: nan
346 1900 831 1944 rimo Magister determinat de per
24 1928 842 1978 nio originali, quod hominibus infunditur in sua na¬
18 1979 836 2028 tuitate Secundo de pecctto actuali, quod ab ipsis
21 2011 838 2068 committitur spont anca voluntate ibi, Post praedicta de
16 2049 829 2112 perrato. Prima in tres, quia primo determinat de origin¬
27 2086 826 2137 a peccati infectione. Secundo de eiusdem peccati a pa
28 2133 829 2173 tente in prolem troductione. Et tertio de eius remissio¬
25 2166 832 2216 n& ablutione. Secunda pars incipit ibi, Nunc superess
27 2207 829 2252 nuestigare Tertia ibi. Quoniam supra dictum est. Prima
18 2246 839 2305 nua partes sunt praesentis lectionis: quarum prima diuidi
15 2281 829 2340 lurin duas partes: quia primo de isto peccato, quod a pa¬
21 2322 826 2384 rente descendit in prolem Magister tractat secundum eiu
22 2364 839 2409 tenetalem conditionem. Scundo prosequitur de eoden
21 2408 830 2461 inta etus propriam & specialem descriptionem ibi, Num¬
13 2441 829 2489 frerest videre. Prima in tres, quia primo ostendit huius¬
17 2485 836 2538 modi peccatum proprie non dici actuale, sed originale¬
15 2518 830 2565 Secundi recitat quorundam opinionem dicentium pec
21 2562 835 2602 prum istud non habere rationem culpae, sed tantum mo¬
18 2597 829 2643 Drationem poenae. Tertio contra huiusmodi opinionen
22 2641 826 2683 Nendit peccatum istud vere habere rationem culpae. 8.
23 2676 827 2734 unda ibi, est illud peccatum. Tertia ibi, Sed quod origi
20 2714 835 2761 lale peccatum, Sequitur illa pars, Nunc superest. Et diui¬
30 2753 826 2799 lur in tres partes, quia primo de isto peccato tractandi
22 2794 828 2841 ngister ostendit diffinitiue quid sit. Secundo a quo ori
24 2830 840 2875 maliter descendit. Et tertio in contrarium obiicit. Secun¬
27 2872 830 2932 nib, Hoc est originale. Tertia ibi, Ad hoc autem &c. E
16 2907 829 2969 hae in res: nam primo contra praedicta instat. Secundo
21 2946 829 2993 epondendo veritatem determinat. Et tertio suam deter¬
40 2991 830 3039 nationem confirmat. Secunda ibi, Quibus tamen respor
27 3027 836 3083 Tertia ibi, Quod vero &c. Sequitur distinctio trige¬
24 3070 832 3119 ma prima in qua Magister determinat de originalis per
30 3109 829 3169 i traductione: Et diuiditur in duas partes, quia prima
904 291 1743 362 inquirit trans fusionis originalis peccati modum. Secundo
909 342 1747 394 de causa eiusdem peccati mouet dubium ibi, Hic quaeri
903 378 1740 434 solet. Prima in quattuor, quia primo praemittit cuiusdam
904 428 1739 471 erroris recitationem Secundo submittit eiusdem erroris im¬
913 464 1738 509 probationem. Tertio concludit veram conclusionem. Et qua
904 500 1744 544 to apponit conclusionis firmationem. Secunda ibi, Hoc
896 539 1744 581 autem fides. Tertia ibi, Caro enim. Quarta ibi, ldeoque
894 570 1739 623 ipsum peccatum. Sequitur illa pars, Hic quaeri solet. Et di
892 612 1735 664 uiditur in tres partes: nam primo mouet & soluit duplicen
895 650 1737 707 dubitationem. Secundo praedictorum facit recapitulatio
898 691 1730 741 nem. Tertio obijcit contra quaedam dicta, & soluit obie¬
900 728 1736 782 ctionem. Secunda ibi, lam ostensum est. Tertia ibi, Sed
898 774 1714 830 ad hoc opponitur. Circa has distin. quaero hanc quaest.
1177 851 1472 928 Quaestio.  1.
974 924 1640 1016 An originale crimen rationem culpae
1236 999 1392 1055 retineat.
1125 1516 1730 1562 RVM peccatum originale habeat ra¬
1134 1557 1722 1600 tionem culpae. Et videtur quod non quia
1132 1595 1717 1636 ex illo nullus inculpatur, quod nulla su¬
1141 1635 1726 1679 potentia potest praeuenire: sed ex nulla
1128 1671 1729 1716 nostra potentia possumus illam origina¬
1082 1714 1733 1761 tl lem maculam praeuenire: igitur propter
878 1741 1715 1790 huiusmodi maculam nullus est inculpadus. Maior patet
881 1787 1727 1834 nam ex virtute illius maioris mouetur Arist. 3. ethc. vbi
879 1823 1715 1872 ostendit, quod ex puris naturalibus nec laudamur, nec vi
878 1865 1334 1917 tuperamur. Minor de se patet.
924 1894 1719 1956 Contra a iusto iudice nullus damnatur sine culpa, sed
879 1943 1712 1991 paruuli decedentes, antequam sint baptixati, a Deo sen¬
881 1988 1718 2033 tentiantur ad perpetuam poenam damni: cum igitur talis
888 2025 1718 2069 poena non infligatur eis propter aliquod peccatum perso
872 2062 1719 2103 nale, quia nullum commiserunt: ergo propter solum ori¬
884 2100 1715 2151 ginale, & per consequens habebit rationem culpe. Hic
879 2135 1723 2188 quattuor sunt videnda, quorum de primis duobus tractat.
878 2173 1717 2216 Magister in ista trigesima distinctione: de aliis vero duo¬
873 2216 1722 2264 bus in distinctione trigesimaprima Primo igitur videndum
873 2254 1717 2300 est, vtrum aliquod peccatum contrahatur per humanam
873 2295 1712 2343 natiuitatem, & originem. Secundo de eo,. quod quaeritur.
883 2332 1714 2377 Tertio vtrum tale peccatum omnibus hominibus gene¬
875 2375 1714 2430 raliter infundatur. Et quarto vtrum tale peccatum subie
879 2417 1577 2468 ctiue respiciat essentiam, vel potentiam animae
1125 2454 1253 2504 tts
1054 2492 1529 2545 RESOLVTI O.
875 2569 1722 2645 Hominem in praesenti ftatu initio suae conceptionit originalem
920 2636 1724 2687 cuspam contrabere nemo catholitus ambigit, quae sane culpa
912 2672 1715 2717 etsi ponalitatum sensibilium, nun per se sed per accidens causi
910 2706 1718 2774 existat, relata tamen ad primum partntem, personalit, ad po¬
915 2743 1600 2808 steros vere comparata natur alis merito nuncupatur
1011 2813 1589 2899 ARTICVLV S 1
909 2922 1693 2975 vtrum aliquod percatum contrabatur per huma¬
1038 2968 1535 3043 nam natuuitatem & orignem
905 3040 1717 3119 VANTVM ad primum primo ponam conclusionem
937 3105 1712 3174 oe affirmatiuam, Secundo inquiram vtrum huiusmod
