2387 3558
211 257 1067 332 Noe, per quem actum, predictum subiectum scilicet vinea,
210 319 1064 373 fuisset productum secundum esse suae actualis existentiae.
200 357 1061 406 Sic in proposito, nihil prohibet habitum practicum diri¬
208 405 1071 449 gere talem actum, quo in actuali existentia producitur
211 439 1057 483 eius subiectum. Ad probationem, cum dicitur, quod de sub
200 474 1066 525 iecto supponitur quia est, potest dici, quod Aristo. loqui¬
206 516 1056 561 tur ibi de subiecto scientiae speculatiuae, quae secundun
214 554 1055 602 quod speculatiua, nullo modo est sui subiecti factiua; &
220 596 1063 641 non loquitur de scientia practicae, quae aliquo modo est
213 633 1054 677 sui subiecti factiua: Vel dicendum, quod de subiecto sup
213 678 1065 721 ponimus, quia est vel in sai, vel in suis causis propinquis
212 716 1071 762 & immediatis, & illa secunda supposito sufficit ad hoc,
216 757 1061 802 quod de aliqua re vere habeatur habitus scientificus, cum
213 791 1067 839 scire sit per causam rem inuestigare, vt dicitur 1. posteriorum.
228 833 1061 885 Ad quartum dicendum, quod maior non est vera
213 861 1065 934 nisi illa extensio contingat ex indigentia habitus se
212 903 421 958 extendentis.
249 944 1073 1002 Ad quintum dicendum, quod maior non est vera: quia
219 988 1064 1038 etiam quandoque metaphysica est vtens, sicut patet de
223 1029 1062 1074 metaphysica, quae est in 3. physicorum: cum philosophus
219 1068 1067 1112 naturalis induit habitum metaphysici, probando princi¬
213 1103 1064 1157 pia philosophiae naturalis contra Parmenidem, & Melissum,
261 1143 1067 1185 Ad sextum dicendum, quod illa maior est vera, quan¬
222 1178 1060 1227 do obiectum tale est quid realo; sed quando est ens ratio.
227 1222 1063 1268 nis, consistens in intellectu, non oportet, quod ex eius fa
219 1257 1061 1307 bricatione habitus dicatur practicus: quia, sicut intelle¬
224 1297 1067 1340 ctus extensione fit practicus: vt patet 3. de anima, sic & ha
219 1334 1054 1379 bitus, sed hic in factione talis obiecti manentis infra eam
224 1377 1061 1425 dem potentiam cum habitu secundum totum suum esse
218 1420 1057 1462 nulla apparet extensio. Etiam potest dici, quod minor no
234 1453 1064 1504 est vera: quia respectu svllogismi, vel enunciationis, siuc
224 1499 1070 1548 respectu cuiuscumque alterius entis rationis, duplex est
228 1542 1071 1589 actus, vnus productiuus talis entis, & alius consideratiuus
228 1581 1065 1630 eiusdem entis. Primus naturaliter praecedit secundum
228 1614 1064 1661 primus autem non est actus logicae, quamuis sit actus ip¬
229 1648 1068 1697 sius intellectus, sed secundus; & ideo logica non facit suum
220 1694 1071 1744 obiectum: sed per actum intellectus productiuum, ipsum
224 1731 1071 1777 obiectum factum praesupponit. Sicut enim dato, quod esset
222 1768 1070 1819 scientia de habitu scientifico: actus consideratiuus istius
224 1805 1061 1856 scientiae, non produceret habitum scientificum, qui esse
220 1847 1071 1893 suum subiectum, sed naturaliter praesupponeret actum
225 1889 1070 1931 productiuum istius subiecti. schabitus scientifici in praedicta
214 1927 1065 1976 scientia considerati. Sic eodem modo dicendum est de
232 1965 1073 2012 ogica, & rethorica, & ceteris habitibus consimilibus. Re
222 2012 1065 2068 guia etiam eorum, quam vltimo adiungunt, non est vera
218 2037 576 2090 ficut patet ex praedictis.
270 2059 1063 2132 De quattuor autem conclusionibus, quas ponit illi
228 2122 1071 2168 tertius doctor, tres primas patet non esse vcras per praedi
224 2162 1067 2211 cta: quia nec theologia viatoris, nec theologia beati, nec
221 2200 1071 2251 theologia Dei, respectu necessariorum, est factiua sui
232 2241 1067 2289 obtecti, cum ergo ex hoc dicatur scientia practica, qui¬
230 2278 1064 2328 est obiecti a nobis operabilis, vt patet, tam per philoso
236 2321 772 2369 phos, quam per theologos, ergo &c
273 2354 1072 2406 Ad hoc ipse respondet, quod cum volitio sit quaedam
240 2403 1066 2448 operatio, per locum a coniugatis, ipsum, quod est a nobi
231 2438 1067 2483 volibile; erit a nobis operabile, & per hoc concludit ian
234 2475 1072 2527 dictus doctor, quod quamuis theologia sit de sempiter¬
237 2518 1076 2564 nis, tamen potest esse practica: quia sempiterna sunt a non
243 2558 1076 2604 bis vollbilia & per consequens aliquo modo operabilia,
278 2590 1072 2647 Sed illa est simplicissima responsio a tanto doctore
249 2626 348 2678 Primo.
292 2655 1079 2721 1 Quia cum contingentia sint a Deo volibilia, & ope
240 2706 1074 2763 rabilia, ergo Deus habebit scientiam practicam de ipsis
240 2755 1069 2817 contingentibus, quod est contra quartam tuam conclu¬
233 2784 656 2838 sionem superius assignatam.
275 2814 1073 2884 Secundo, quia omnis scientia speculatiua erit practica
248 2872 1076 2924 tum nullum obiectum sit ita speculabile, quin ipsum sit
241 2909 1079 2949 volibile, immo si ipsum non esset volibile, non posset es¬
250 2947 1075 3011 se speculabile, cum nihil possimus stabiliter speculari, ni
249 2981 832 3036 si assistente nobis intentione voluntatis
273 3015 1074 3075 2 Praeterea, non minus coniugatae se habent formali
248 3069 1072 3115 tas & forma, quam operatio, & operabile: sed secundum
241 3104 1070 3168 quod tu dicis in prima quaestione tui scripti non sequitur
1111 271 1959 330 Est formalitas, ergo forma, nec sequitur: Sunt plures for¬
1109 326 1959 372 malitates: ergo plures formae: sicut non sequitur, Sunt
1115 364 1959 409 plura essentialia: ergo plures essentiae. Quare igitur locum
1106 401 1950 447 a coniugatis hic tantum appreciaris, & acceptas, & ibi
1113 446 1958 487 eum refutas:Sed in rei veritate, locus a coniugatis xenet
1108 480 1952 524 tam hic, quam ibi; & ideo ibi male negatur: quamuis ta¬
1106 522 1948 566 men per ipsum hoc praesens propositum minime conclu
1113 555 1952 606 datur. Nec valet instantia, quam ibi adducit de essentia,
1109 602 1964 641 & essentiali; quia, licet in diuinis dicamus plura essentia¬
1113 637 1960 680 lia, non tamen dicimus ea essentialiter distincta: sed sola
1113 675 1955 718 ratione: & ideo non sequitur, quod sint plures essentiae¬
1119 720 1958 767 ped dato quessent plura essentialia essentialiter distinctas
1108 757 1964 801 necessarioossent plures essentiae Cum igitur tu ponas plu¬
1113 792 1955 844 res formalitates formaliter distinctas, & non sola ratione,
1106 834 1968 880 necessario tu habes ponere plures formas. Nec tamen, vti
1118 870 1951 913 dixi ille locus hic bene applicatur ad propositum: quia
1113 908 1963 955 licet sequatur, volitio est operatio, ergo volibile est ope-
1103 949 1958 994 rabile: non tamen quaelibet operatio, & quodlibet opera
1113 988 1958 1040 bile sufficiunt ad efficiendum habitum practicum, sed opor
1114 1027 1958 1075 tet, quod per talem operationem huiusmodi operabile
1117 1066 1958 1110 in esse constituatur, sicut superius est declaratum: volibile
1110 1108 1959 1155 autem, de quo procedit argumentum, ipsam volitionem
1113 1142 1960 1192 praecedit, & per consequens per ipsam in esse non constituitur,
1121 1184 1948 1228 Ad duo igitur motiua primae conclusionis dicendum;
1116 1222 1946 1271 quod nec theologiae regulatio, nec eius directio sufficius
1106 1262 1949 1311 ad hoc, quod sit practica: quia deficiunt aliae condiciones
1108 1305 1947 1348 ad hoc necessario requisitae, vt superius est declaratum.
1110 1337 1943 1386 Et per idem patet ad media, siue motiua secundae, & ter¬
1114 1377 1946 1427 tiae conclusionis. Vtrum autem quarta conclusio sit vera
1119 1420 1950 1468 ad praesens non curo determinare. Hoc tamen dico, quod
1113 1461 1946 1505 si aliqua Dei cognitio debet dici practica, tunc magis vi¬
1121 1495 1942 1542 detur, quod ea, quae est respectu contingentium sit practica
1126 1540 1955 1584 quam ea, quae est respectu necessariorum, & magis ea, quae
1118 1575 1950 1622 est respectu creaturae, cum sit notitia productina ali¬
1119 1608 1950 1663 cuius naturaliter distincti a producente, quam ea, quae est
1118 1648 1949 1701 respectu creatricis essentiae. Nec quo ad illam conclusio¬
1114 1687 1953 1738 nem valet suum motiuum: quia eundem ordinem obsen
1119 1735 1951 1777 uant aliqua in his, vbi sola ratione differunt, quem te¬
1129 1767 1955 1821 nent in his in quibus realiter differunt: sed in his in qui
1121 1805 1945 1857 bus intellectus realiter differt a voluntate, actus ipsius in
1113 1848 1942 1895 tellectus est naturaliter prior actu voluntatis: cum boni
1122 1882 1951 1932 cognitum sit obiectum nostrae voluntatis: ergo & in diui
1122 1925 1952 1976 nis nihil potest velle diuina. Voluntas, quod intellectus
1126 1966 1952 2010 altem ratione, prius non cognoscat, quamuis igitur diui
1123 2001 1959 2048 na voluntas in producendo contingentia, ex sua liberta¬
1119 2044 1952 2093 te se habeat ad opposita, non tamen aliter producit; quam
1129 2080 1951 2131 ib aeterno cognoscendo, producenda disposuit, nec ali¬
1118 2128 1949 2170 quid diuina voluntas posset producere, quod intellectus
1120 2157 1946 2208 non prae cognosceret producendum, vel esse producibile
1143 2195 1955 2248 Est igitur tertia opinio, veritati recitatae in tertio istius
1130 2234 1952 2292 quaestionis articulo contraria: quae ponit, quod theologi¬
1119 2274 1938 2329 sit simpliciter speculatiua, & simpliciter practica.
1200 2319 1951 2365 Quia ille habitus, qui ita perfecte tractat de specul¬
1126 2327 1947 2402 bilibus, puta de Deo, & substantijs separatis, sicut meta
1132 2390 1951 2437 physica perfectius tractat de moribus, & virtutibus, quan
1129 2432 1951 2487 ethica, simul est speculatiuus, & practicus, theologia es
1124 2473 1434 2528 huiusmodi: ergo &c
1164 2497 1940 2565 2 Praeterea, ille habitus, qui simul est sapientia consi
1137 2552 1953 2601 lerans rationes aeternas, & scientia considerans tempor
1131 2590 1956 2641 lia administranda, simul est speculatiuus, & practicus: sed
1121 2629 1957 2681 theologia est huiusmodi, ergo &c. Maior patet: quia ra¬
1125 2671 1954 2719 tiones aeternae sunt vere speculabiles: administratio au¬
1137 2714 1955 2762 tem temporalium est simpliciter quid practicum: minos
1137 2742 1560 2800 atet per. P. Aug. 14. de trini¬
1166 2783 1960 2840 3 Praeterea, scientia, in qua intenditur speculari por
1128 2822 1960 2864 se, & non propter operari, & similiter operari per se, &
1132 2864 1958 2908 non propter speculari, illa est simpliciter speculatiua, &
1134 2909 1967 2953 practica simul: theologia est huiusmodi, ergo &c. Maior
1132 2940 1966 2982 patet, quia scientia practica tamquam finem intendit ope¬
1125 2987 1952 3035 ratione: & speculatiua speculationem: minor declaratur
1131 3019 1958 3071 quia si haberemus scientiam, qua sciremus oia operari, ac
1140 3058 1970 3109 uae tenemur; adhuc indigeremus scientia, qua sciremus
1124 3108 1971 3150 de Deo speculari; & ecouerso si haberemus scientiam, qua
