2390 3528
479 256 1303 314 4 Praeterea, corrupto inferiori, non propter hoc cor
451 298 1304 352 rumpitur superius secundum totum suum ambitum: alias
449 339 1300 391 negatiue arguendo ab inferiori ad superius non commit
453 380 1301 428 teretur fallacia consequentis. Sed natura humana, vt in
447 417 1303 472 Adam est suppositata, est quoddam singulare inferius res
450 456 1286 512 pectu totius humanae naturae suppositatae in omnibus ho
454 498 1292 560 minibus: ergo non sequitur; natura humana in Adam fuit
450 548 1211 586 corrupta: ergo in omnibus hominibus est corrupta
519 572 1287 626 Praeterea, bonum poenitentiae ipsius Adae non pro¬
441 614 1283 661 fuit omnibus hominibus: ergo nec malum culpae Adae di
440 657 1283 708 buit nocere omnibus hominibus, quia Deus non est pro
446 692 1157 744 nior ad condemnandum, quam ad miserendum
482 728 1283 778 4 Praeterea, aliqui homines non morientur morte con
447 777 1281 829 porali: igitur in tales non peruenit peccatum originale
444 819 1292 864 consequentia patet, quia mors est poena peccati origina¬
447 857 1292 902 lis, iuxta illud Apostoli, per vnum hominem peccatum
451 889 1292 940 intrauit in mundum, & per peccatum mors. Antecedens
440 931 695 987 probo tripliciter
483 960 1284 1019 Primo per Apostolum, qui ait, Nos qui viuimus, qui re
439 1017 1286 1058 sidui sumus in aduentu domini non praeueniemus eos,
445 1050 693 1105 qui dormierunt
484 1060 1283 1145 Secundo, quia fides catholica ponit, quod Christus ven
457 1126 971 1178 turus est iudicare viuos & mortuos
490 1160 1277 1215 Tertio, quia vt magister adducit quarto libro senten¬
450 1214 1286 1262 tiarum distin. 43 auctoritate Deati Hieronvmi, quidam in
444 1251 866 1299 fine mundi non morientur.
468 1261 1279 1336 3 Praeterea, Augustinus dicit in libro de baptismo
454 1322 1286 1376 paruulorum, Non plus nocuit transgressio primi praeuari
440 1362 1276 1411 catoris, quam valuit incarnatio Christi; sed incarnatio non
439 1403 1284 1455 valuit omnibus, cum multi damnentur; ergo transgressio
439 1442 753 1501 non nocuit omnibus
483 1456 1285 1532 o Preterea, Augustinus in libro de perfectione iusti¬
445 1517 1279 1563 tiae ait, Quod nccessitate naturae fit, culpa caret: sed quic¬
450 1565 1283 1620 quid causatur ex semine, in prole fit, & causatur ex neces
446 1603 644 1651 utate naturae.
471 1640 1283 1681 0 Praeterea, August. in libro de nuptiis & concupiscen
447 1665 1289 1727 tiis ait, Peccatum transmittit in prolem, non propago, sed
447 1719 1286 1772 libido, sed possibile est fieri generationem sine libidine,
450 1761 1283 1804 cum secundum communiter loquentes libido aut perti¬
438 1797 1277 1842 neat ad inordinationem sensualitatis, aut improbam vo¬
444 1832 1275 1879 luntatem, quae in sanctis patribus non videntur fuisse: cum
439 1875 1276 1932 de Abraam dicat Augustinus, quod caelibatus loannis non
444 1915 848 1971 praefertur coniugio Abraae.
473 1952 1289 2008 ro Praeterea, Ambrosius ait de loanne Daptista, quod
448 2001 1280 2047 nondum illi inerat spiritus vit ae, & iam inerat spiritus gra
439 2028 1284 2083 tiae: sed peccatum originale non potest homini inesse, an
433 2065 1292 2132 tequam viuat: ergo videtur, quod loannes Daptista immu
441 2115 923 2152 nis fuerit ab huiusmodi peccato.
478 2139 1268 2203 ldem potest argui de Hieremia, de quo ait dominus
441 2188 1268 2235 Priusquam te formarem in vtero, noui te, &c. Et planum
442 2232 1275 2280 est, quod dominus loquitur ibi de notitia approbationis
433 2268 1272 2319 alias hoc dictum non caderet in singulare praeconium ip
440 2306 1274 2357 sius Hieremiae, cum vniuersali notitia Deus omnes suas
437 2343 1076 2392 creaturas cognoscat etiam, antequam fiant.
475 2387 1270 2426 Sed ista non concludunt: quia excepto filio virginis, &
443 2424 1271 2476 tirgine genitrice, de aliis omnibus hominibus concordi¬
439 2461 1265 2508 ter tenetur ab omnibus catholicis doctoribus, quod con
429 2508 1013 2564 cipiantur in peccato originali: ergo &c.
462 2539 1265 2593 Ad primum igitur dicendum, quod consequentia non
428 2584 1253 2627 tenet: nam sicut Adam accepit a domino originalem iu
426 2618 1264 2669 stitiam non solum, vt in se erat particularis persona, sed
426 2658 1274 2704 etiam, vt erat principium ceterorum, sic perdita origina
429 2698 1255 2750 li iustitia, non solum Adam inficiebatur in se tali caren
432 2741 1266 2792 tia, vt erat singularis persona: sed etiam, vt erat principium
429 2777 1261 2828 omnium posteriorum: sed quilibet alius sanctus, vel pu¬
427 2813 1268 2870 rus homo ita accipit a Deo puritatem, & sanctitatem, vt
426 2856 1274 2906 est singularis persona, quod tamen non accipit huiusmo¬
430 2893 1170 2942 di sanctitatem, vt est principium alterius personae.
472 2929 1265 2985 Et ideo sicut granum purgatum a palea: quia sic purga
432 2970 1280 3023 tur, vt tale suppositum, quod non purgatur, vt est alterius
438 3017 1263 3062 grani principium; ideo quamuis in se sit purgatum a pa¬
428 3047 1268 3099 lea, generat tamen aliud granum palea inuolutum: sic qua
433 3098 1269 3153 nostri parentes propinqui ita purgantur in se personali¬
1343 239 2171 309 ter, quod tamen non purgantur naturaliter, hoc est, vt de
1336 293 2171 352 bent esse alterius naturale principium; ideo quamuis sini
1343 335 2171 392 puri, & immaculati, generant tamen prolem inuolutam pa
1344 377 1655 435 ea maculae originalis
1369 385 2182 474 Ad secundum dicendum ad maiorem, quod ille actus
1332 455 2177 503 non est absolute meritorius, sed solum ex sancta, & sacra¬
1339 498 2175 547 mentali intentione generantis: & ideo vt meritorius est,
1338 537 2174 591 puta vt est personalis, non inficit ipsum genitum : potest
1344 575 2170 623 tamen ex tali actu infectio causari in ipso genito, vt ess
1338 611 2174 672 naturalis, & vt talis homo naturam generatiuam conse¬
1347 658 1688 710 uitur a primo parente.
1369 666 2136 741 Ad tertium patet per ea, quae dicta sunt ad primum.
1377 728 2171 784 Ad quartum dicendum, quod licet Adam, vt in se con
1338 758 2168 818 sideratus, fuerit singularis persona, & vt sic, ad corruptio¬
1337 809 2171 855 nem naturae, vt in ipso fuit singulariter suppountata, non
1327 855 2171 901 oporteret naturam singulorum, & omnium hominum esse
1331 894 2172 946 vel fuisse corruptam: tamen vt natura in Adam fuit origi
1333 927 2177 978 nale, & vniuersale pricipium omium hominum, sic ad coruptio
1333 975 2169 1015 nem naturae in Adam sequitur corruptio in naturis ce¬
1338 1006 2171 1060 terorum: vt sic enim natura in Adam habet se ad motum
1333 1047 2163 1103 superioris, in quolibet autem alio singulari homine ab ip
1325 1087 1969 1146 so propagato habet se ad modum inferioris
1350 1129 2168 1180 Ad quintum dicendum, quod ipse Adam bonum suae
1336 1171 2165 1216 poenitentiae non potuit in posteros transfundere: quia
1335 1211 2171 1258 principium talis boni fuit gratia ipsi a Deo personaliter, &
1329 1249 2175 1293 vt priuatae personae data: malum autem originalis culpae
1330 1283 2174 1333 fuit in eo, vt erat principium ceterorum: sicut etiam eius
1341 1322 2164 1375 ppositum, scilicet originalis iustitia sibi fuit data, tam¬
1335 1361 2171 1414 quam vniuersali, & originali principio, a quo transfunde
1321 1406 2172 1447 retur in posteros. quam quidem iustitiam, cum perdidit,
1327 1442 2168 1492 non solum pro se, sed etiam pro omnibus aliis eam perdi
1329 1483 2172 1530 dit, quia eo tenore, quo eam recepit, eodem tenore eam
1342 1523 2172 1567 erdidit, & per consequens tali perditione infecit huma
1330 1562 2171 1616 nam naturam, non solum vt in se personaliter fuit, sed vt
1324 1601 2036 1654 in omnes alios originaliter transfundenda suit,
1366 1638 2175 1690 Ad sextum nego antecedens. Ad probationem dicem
1324 1667 2187 1731 dum, quod vt recitat beatus Augustinus 2o. de ciui. Dei
1332 1715 2166 1759 Flamma ignis praeueniet diem iudicii, quae tantum ascen
1330 1754 2165 1800 det, quantum ascenderunt aquae diluuii in qua flamma
1336 1797 2166 1841 mnes, qui tunc viuent super terram, morientur, attamen
1335 1835 2166 1894 quia celerrime, & quasi immediate resurgent, ideo loqui
1331 1883 1918 1928 tur de eis scriptura, ac si viui mancrent
1360 1914 2168 1962 lste enim etiam in aliis locis est modus loquendi scri¬
1336 1951 2161 1999 pturae. Dixit enim Christus, Non est mortua puella, o
1326 1995 2165 2045 hoc pro tanto, quia immediate voluit ipsam suscitare. Pro
1336 2034 2162 2076 ter hoc etiam ait philosophus 2. physicorum, quod mo
1339 2071 1990 2116 licum distat, pro nihilo reputat intellectus.
1359 2116 2172 2165 Ad dictum Hicronvmi dicendum, quod Hicronvmus
1320 2152 2174 2207 non loquitur ibi secundum opinionem propriam, sed re
1327 2187 1614 2244 citat dicta aliorum.
1359 2224 2159 2274 Ad septimum dicendum, quod intentio Augustini est,
1326 2273 2160 2324 quod incarnatio verbi in hoc plus profuit, quia eos, qui
1317 2309 2155 2362 obicem ex sua mala voluntate non ponunt, in altiori sta¬
1320 2352 2108 2401 tu constituit, quam Adam fuerit, antequam peccauit.
1360 2385 2045 2444 Ad octauum patet ex superius dictis, ergo &c
1357 2422 2175 2483 Ad nonum dicendum, quod dato per impossibile, vel¬
1336 2459 2153 2521 ossibile, quod in actu generationis alicuius hominis nul
1315 2505 2153 2558 la esset libido actualis; esset tamen in eo libido & concu¬
1326 2544 2166 2597 iscentia habitualis, quae est derelicta in eo ab ipso pecca
1321 2591 2166 2640 to originali, quae dicitur fomes peccati, ratione culus ge¬
1320 2625 1958 2671 neraret prolem infectam peccato originali;
1363 2661 2166 2708 Ad decimum dicendum, quod Ambrosius ibi per spiri
1314 2698 2171 2752 tum vitae intelligit actum spirationis & respirationis, quimo
1321 2749 2172 2798 conuenit puero, quandiu est in vtero materno, habet. n.
1327 2783 2187 2838 uer, quandiu est in matris vtero, apertum vmbilicum, pro¬
1320 2820 2159 2863 sit dicunt physici, per cuius aperturam cor eius sufficien¬
1316 2864 2169 2912 ter refrigeratur, quauis non habeat actum spirandi, & respiram
1317 2895 2153 2940 di. Et quia loannes repletus fuit spiritu sancto adhuc ex
1327 2945 2160 2991 tero matris, vt patet in euangelio, quod verisimiliter potest
1323 2982 2169 3029 tredi factum fuisse, cum sex menses habuit in vtero ma¬
1327 3019 2165 3060 ris, quando exultauit in vtero ad praesentiam Dei geni¬
1320 3058 2169 3098 tricis salutantis matrem loannis: ideo bene potest dici
1324 3098 2168 3150 quod ante habuit spiritum gratiae loannes, quam spiritum
