2171 3510
423 245 1266 315 est dignus ntisericordia, quia dicitur in legibus, dignus est
416 301 1021 350 misericordia, qui alieno vitio laborauit.
449 330 1271 385 4 Praeterea, priuatio non plus priuat, quam ponat ha¬
420 380 1268 428 bitus oppositus priuationi: sed iustitia originalis, tuius
413 425 1267 474 priuatio est pecatum originale, non posuit visionem diui
405 451 1256 500 nae essentiae: ergo nec originale peccatum tollit huiusmo
411 499 599 549 di visionem.
454 527 1266 585 3 Praeterea, Augustinus in libro de duabus animabus
417 571 1256 626 ait, Tenere quemquam reum, quia non fecit, quod faceri
399 614 1261 663 non potuit, summae iniustitiae, & insaniae est : sed Deus non
412 649 1259 702 est iniustus, ergo in solo peccato originali decedentem
408 694 1270 739 non tenebit reum, & per consequens non priuabit eum
410 726 1255 786 tali bono, quod sine originali peccato sibi comunicaret
447 772 1255 817 Ad primum dicendum, quod licet Deus nihil faciai
408 804 1253 855 frustra, quia quantum in se est omnia dirigit in suos fines
411 844 1256 897 homo tamen, qui est liberi arbitrij, mala sua voluntate
414 892 1258 935 seipsum suo file frustrare potest. Ideo a Sapien. dicitur, ua
410 929 1246 978 ni sunt omnes homines, in quibus non est scientia Dei¬
445 963 1262 1011 Potest etiam dici, quod quantum ad diuinum ordinem
407 1013 1255 1054 etiam illi, qui sunt in inferno, non sunt frustra: quia in ip¬
419 1049 1259 1094 sis relucet diuina iustitia. Etiam illi, qui decedunt in ori¬
414 1080 1267 1140 ginali peccato solo, non sunt frustra, quia quamuis non
412 1123 1248 1175 consequantur finem supernaturalem, consequuntur ta
406 1158 1256 1213 men finem naturalem. Possunt enim habere euidentiorem
412 1206 1252 1248 contemplationem, quod quicumque philosophus vmquam h¬
406 1237 1253 1289 bere potuit in hac vita, quae quidem contemplatio est na
408 1278 1195 1327 turalis finis hominis virtuosi, vt patet. 10 ethicorum
454 1308 1253 1369 Ad secundum dicendum, quod qui in solo originali de
405 1356 1250 1404 cedunt mitissimam sustinent poenam, quia quamuis ca¬
408 1396 1262 1449 reant Dei visione, ex hoc tamen nullum percipiunt cru¬
414 1444 1058 1488 ciatum, vt patebit in sequenti conclusione.
454 1480 1256 1528 Ad tertium dicendum, quod decedens in originali; in
418 1513 1248 1564 hoc percipit Dei misericordiam, quod nullus adhibetu
411 1564 1262 1602 sibi eruciatus: non tamen est dignus tali misericordia, vt
417 1593 1246 1641 vlterius promoueatur ad diuinae visionis consolationem
406 1631 1243 1679 quia nihil reperitur in tali homine, ratione cuius ad hu
402 1670 1073 1723 iusmodi visionem digne debeat promoueri.
443 1711 1253 1759 Ad quartum nego maiorem, quia licet formaliter non
405 1755 1255 1807 plus priuatio priuet, quam habitus ponat, tamen per mo
404 1787 1247 1845 dum sequelae multa priuat, quae formaliter non ponit h¬
418 1839 1241 1880 bitus. Priuatus enim oculis perpetuo priuatur sacerdo
408 1873 1250 1921 tio, quamuis posito oculorum praecise non ponat sacet
406 1911 622 1962 dotium, sic &c
443 1951 1247 1998 Ad quintum dicendum, quod licet talis non debea
408 1985 1245 2031 teneri reus quo ad poenam crucitatiuam & afffictiuam, in
410 2027 1254 2077 ste tamen potest teneri reus quo ad poenam, quae est vlte
405 2062 1254 2112 rioris promotionis prohibitiua. Cecus enim natus iuste
408 2110 1250 2158 priuatur gradum sacerdotalis dignitatis, quamuis suam cae¬
408 2146 965 2192 citatem praeuenire non potuit, sic &c
449 2187 1253 2238 Tertia conclusio est, quod decedentes in solo peccato
404 2224 1249 2273 originali ex praedicta catentia diuinae visionis nullum su¬
406 2268 704 2312 stinent crucitatum.
432 2299 1250 2351 1 Quia nullus prudens crucitatur ex eo, quod sibi non
405 2340 1247 2387 datur illud, ad quod nullam habet, nec habere potest h¬
405 2381 1242 2425 bilitatem; esset enim insipiens homo, qui doleret ex ho¬
405 2422 1246 2472 quod non potest volare, vt volat auis: sed animae tales si
410 2457 1249 2503 paratae habent perfectam prudentiam, & vident, quod nec
402 2507 1241 2549 sunt habiles ad huiusmodi finem supernaturalem, ne
406 2544 1250 2594 vnquam ex suis naturalibus habilitari possunt: quia vident
399 2581 1044 2627 se esse non in via, sed in termino: ergo &c
482 2613 1244 2662 Preterea, cruciatus, & afflictio tantummodo debe¬
405 2657 1248 2703 tur delectationi, quae fuit in culpa, vt apparet in Apoc¬
414 2697 1220 2746 ed in originali peccato nulla est delectatio, ergo &c
439 2737 1245 2777 Sed oppositum istius conclusionis asserit quaedam opi
412 2772 1245 2827 nio dicens, quod pueri decedentes in solo peccato orig
400 2813 1240 2860 nali sentiunt afflictionem interiorem ex carentia diuina
408 2856 1249 2910 visionis: Motiua ipsius opinionis non inueni Potest tamen
396 2890 559 2943 sic probari
431 2929 1234 2982 1 Omne contrarium voluntati contristat volunta
412 2969 1238 3012 em, vt apparet. 5. metaphysi, sed omnis poena est contra
400 3010 1232 3056 ria voluntati: ergo poena damni, quae est carentia visio
402 3051 1251 3105 nis diuine contristat voluntatem, & per consequens affli
392 3088 527 3143 git eam.
1353 224 2113 300 2 Praeterea, in perpetuum separari ab eo, quem qui
1315 296 2105 343 naturaliter amat, non caret afflictione; sed anima dece¬
1318 334 2105 376 dens in solo originali peccato, naturaliter amat Deum;
1309 372 2107 416 igitur perpetua separatio ab eius visione est sibi, it vide¬
1308 411 1916 457 tur, afflictio & cruciatus.
1350 454 2108 506 3 Praeterea, se cundum sanctos doctores & philoso¬
1314 491 2118 538 phos carentia illius, quod naturaliter appetitur, nonca¬
1316 536 2111 578 ret omnino aflictione: sed secundum Augustinum, om¬
1309 568 2065 622 nes homines naturaliter volunt esse beati; igitur &c
1329 608 2123 653 4 Preterea, secundum sanctos doctores damnati in
1306 645 2117 691 inferno plus cruciantur de poena damni, quam de pona
1302 692 2123 742 sensus: sed omnis decedens in originali sustinet poenam
1306 722 1406 774 damni
1341 748 2117 813 3 Praeterea, si dicitur, quod pro tanto damnati dolent
1308 806 2129 851 de carentia diuinae visionis, & non illi qui decedunt inso
1311 842 2119 886 lo originali peccato, quia cognoscunt se ex suo proprio
1312 886 2119 924 delicto poenam damni sustinere, cuius oppositum cogno
1303 924 2120 969 scunt ipsi paruuli decedentes in solo originali, lsta solus
1298 964 2113 1014 tio non valet, quia quandoque videmus, quod magis, ue
1300 1007 2121 1053 saltem non minus cruciatur homo, cum priuatur aliquo
1306 1040 2120 1093 bono sibi proficuo absque sua culpa, quam si priuaretumr
1302 1085 1929 1131 exigente suo delicto.
1351 1109 2123 1168 Ad primum dicendum, quod quamuis minor sit vera,
1298 1159 2116 1202 loquendo de poena, quae est appositua alicuius disconui
1294 1199 2114 1246 mentis, vel etiam de poena, quae est subtractiua alicum
1307 1242 2118 1288 naturaliter conuenientis; tamen non est vera de poena
1298 1276 2120 1318 quae est sub tractiua alicuius supernaturaliter conuemo
1295 1313 2126 1360 tis, maxime cum ille, cui subtrahitur, non habet diffori
1306 1353 2111 1419 mem voluntatem ab eo, qui subtrahit: sic est in propi
1306 1393 1418 1442 sito &c.
1344 1418 2117 1488 Ad secundum dicedum, quod licet sint separati a Dous
1296 1473 2119 1526 quantum ad contemplationem gloriae, quae est finis sups
1299 1514 2123 1562 naturalis, non tamen quantum ad diuinorum contem
1302 1551 2117 1599 plationem naturalem: quia, vt dixi, liberiori modo po
1294 1592 2116 1640 sunt tales animae contemplari de Deo, quam quicumqui
1309 1633 1649 1685 philosophus in vita ista
1339 1664 2118 1723 Ad tertium dicendum, quod istae animae sic deceden
1295 1709 2125 1762 tes, non appetunt beatitudinem gloriae secundum pro
1296 1750 2114 1800 priam rationem, quia, vt sic, non cognoscunt eam, qom
1294 1791 2120 1843 nec habeant luinen gloriae, nec lumen fidei, in quibusl
1293 1826 2132 1879 minibus tantummodo talis beatitudo cognosei potestim
1293 1872 2131 1921 cundum propriam rationem. Appetunt ergo beatitudi
1293 1902 2135 1961 nem solum secundum rationem communem, ad cuius an
1302 1949 2131 2002 petitus satisfactionem, vt transeat sine omni affictiono
1293 1995 2141 2043 sufficit illa perfectio, quam consequitur ex naturali con¬
1297 2027 1494 2080 templatione
1339 2060 2138 2121 Ad quartum dicendum, quod illi, scilicet damnati, ma
1305 2104 2139 2157 time dolent de tali priuatione, quia eorum voluntas ess
1295 2148 2143 2198 maxime difformis a Dei voluntate actiue infligentis pro
1305 2182 2135 2229 dictam poenam, seu priuationem. Paruulorum autem vm
1296 2218 2138 2263 luntas non est difformis a diuina voluntate, quia sicut in
1293 2259 2142 2309 uita ista numquam habuerunt difformem voluntatemd
1293 2307 2153 2359 voluntate diuina: sic nec in alia vita vmquam eis displicei
1297 2338 2156 2396 bit illud, quod Deus faciet, & per consequens ex nulloed
1293 2381 2148 2433 fectu Dei possunt habere dolorem, quia omnis dolor pre
1300 2420 1670 2474 supponit displicentiam.
1327 2449 2159 2515 Ad quintum dicendum, quod si aliquis dolet de eod
1298 2500 2157 2553 quo priuatur sine sua culpa personali, hoc accidit propteri
1299 2534 2155 2590 duo. Primo: quia illud, quod aufertur, est aliquo modo
1288 2574 2143 2618 sibi debitum, Secundo: quia sua voluntas est dissona a vo
1299 2615 2142 2678 luntate auferentis. Istorum autem duorum oppositum ap
1300 2655 1702 2712 paret in proposito, ergo &c
1417 2736 2045 2811 ARTICVLVS IFII.
1422 2790 2041 2865 Vtrum peccata proximorum paren¬
1526 2842 1925 2910 tum transeant in filios.
1349 2928 2150 2992 VANTVM ad quartum articulum dicedum, quod
1414 2968 2147 3025 peccata proximorum parentum transire in prola
1305 3008 2156 3056 otest dupliciter intelligi. Vno modo quantum ad cul¬
1294 3047 2155 3098 pa. Alio modo, quantum ad poenam. Primo modo non
1293 3090 1443 3140 transeunt
