<?xml version="1.0" encoding="UTF-8" standalone="yes"?>
<PcGts xmlns="http://schema.primaresearch.org/PAGE/gts/pagecontent/2013-07-15" xmlns:xsi="http://www.w3.org/2001/XMLSchema-instance" xsi:schemaLocation="http://schema.primaresearch.org/PAGE/gts/pagecontent/2013-07-15 http://schema.primaresearch.org/PAGE/gts/pagecontent/2013-07-15/pagecontent.xsd">
    <Metadata>
        <Creator>prov=University of Rostock/Institute of Mathematics/CITlab|PLANET AI GmbH/Gundram Leifert/gundram.leifert@planet-ai.de:name=cod-P122zz-m2(htr_id=26330)::::v=2.6.7
prov=University of Rostock/Institute of Mathematics/CITlab|PLANET AI GmbH/Tobias Gruening/tobias.gruening@planet-ai.de:name=de.uros.citlab.module.baseline2polygon.B2PSeamMultiOriented:v=2.6.7
prov=University of Rostock/Institute of Mathematics/CITlab|PLANET AI GmbH/Tobias Gruening/tobias.gruening@planet-ai.de:name=/net_tf/LA73_249_0mod360.pb:de.uros.citlab.segmentation.CITlab_LA_ML:v=2.6.6
Transkribus</Creator>
        <Created>2020-10-05T23:23:51.486+02:00</Created>
        <LastChange>2020-10-21T15:59:09.370+02:00</LastChange>
        <TranskribusMetadata docId="505580" pageId="20954620" pageNr="425" tsid="46545833" status="IN_PROGRESS" userId="25065" imgUrl="https://files.transkribus.eu/Get?id=TXJGVICAUAWZPCTHIXXCLRYB&amp;fileType=view" xmlUrl="https://files.transkribus.eu/Get?id=TDWDYRBDRKAZCXTQLKQGKNCL" imageId="16095817"/>
    </Metadata>
    <Page imageFilename="424.jpg" imageWidth="2176" imageHeight="3533">
        <ReadingOrder>
            <OrderedGroup id="ro_1603931025855" caption="Regions reading order">
                <RegionRefIndexed index="0" regionRef="r2"/>
                <RegionRefIndexed index="1" regionRef="r3"/>
            </OrderedGroup>
        </ReadingOrder>
        <TextRegion orientation="0.0" id="r2" custom="readingOrder {index:0;}">
            <Coords points="32,234 32,3160 894,3160 894,234"/>
            <TextLine id="r2l2" custom="readingOrder {index:0;}">
                <Coords points="96,344 878,339 877,287 353,307 254,286 199,314 96,287"/>
                <Baseline points="102,336 140,334 179,333 217,332 256,332 294,330 333,330 371,329 410,329 448,329 487,329 525,329 564,329 602,329 641,329 679,329 718,329 756,329 795,329 833,329 872,329"/>
                <TextEquiv>
                    <Unicode>1 quia proximus parens non potest suam iustitiam in</Unicode>
                </TextEquiv>
            </TextLine>
            <TextLine id="r2l3" custom="readingOrder {index:1;}">
                <Coords points="87,387 871,380 884,345 87,352"/>
                <Baseline points="92,375 131,374 170,372 209,371 249,370 288,369 327,369 367,368 406,368 445,368 485,368 524,368 563,368 602,368 642,368 681,368 720,368 760,368 799,366 838,366 878,366"/>
                <TextEquiv>
                    <Unicode>prolem transsundere: ergo nec suam culpam. Antecedens</Unicode>
                </TextEquiv>
            </TextLine>
            <TextLine id="r2l4" custom="readingOrder {index:2;}">
                <Coords points="82,435 823,427 878,414 878,388 167,375 82,397"/>
                <Baseline points="87,414 126,412 165,411 204,410 244,408 283,407 322,407 361,407 401,407 440,407 479,407 518,407 558,407 597,407 636,407 675,407 715,407 754,407 793,407 832,407 872,407"/>
                <TextEquiv>
                    <Unicode>patet Probatur consequentia per Anselm. qui dicit, quod</Unicode>
                </TextEquiv>
            </TextLine>
            <TextLine id="r2l5" custom="readingOrder {index:3;}">
                <Coords points="75,473 861,458 874,421 75,434"/>
                <Baseline points="80,455 119,452 158,450 198,449 237,447 277,446 316,446 356,444 395,444 435,444 474,444 513,444 553,444 592,446 632,446 671,446 711,446 750,446 790,446 829,446 869,444"/>
                <TextEquiv>
                    <Unicode>protanto primus parens potuit originalem culpam in ci</Unicode>
                </TextEquiv>
            </TextLine>
            <TextLine id="r2l6" custom="readingOrder {index:4;}">
                <Coords points="74,501 879,504 886,457 74,474"/>
                <Baseline points="80,491 120,489 160,488 200,486 240,485 280,485 320,485 360,485 400,485 440,485 480,485 520,485 560,485 600,486 640,486 680,486 720,486 760,486 800,486 840,485 881,485"/>
                <TextEquiv>
                    <Unicode>teros homines trasfundere, quia originalem iustitiam tras¬</Unicode>
                </TextEquiv>
            </TextLine>
            <TextLine id="r2l7" custom="readingOrder {index:5;}">
                <Coords points="87,539 505,538 505,499 87,505"/>
                <Baseline points="93,525 118,525 143,525 169,525 194,525 220,525 245,525 271,524 296,524 321,524 347,524 372,524 398,524 423,524 449,525 474,525 500,527"/>
                <TextEquiv>
                    <Unicode>udisset, si ipsam non perdidisset</Unicode>
                </TextEquiv>
            </TextLine>
            <TextLine id="r2l8" custom="readingOrder {index:6;}">
                <Coords points="100,576 846,581 883,571 883,533 100,541"/>
                <Baseline points="105,567 143,566 182,564 220,564 259,563 298,563 336,563 375,563 414,563 452,563 491,563 530,563 568,563 607,564 646,564 684,564 723,564 762,564 800,564 839,564 878,563"/>
                <TextEquiv>
                    <Unicode>2 Praeterea, generans genito communicat naturam, &amp;</Unicode>
                </TextEquiv>
            </TextLine>
            <TextLine id="r2l9" custom="readingOrder {index:7;}">
                <Coords points="72,620 814,620 883,611 883,580 72,589"/>
                <Baseline points="78,609 118,606 158,605 198,603 238,602 278,602 318,601 358,600 398,600 438,601 478,602 518,602 558,602 598,603 638,603 678,603 718,603 758,603 798,603 838,602 878,602"/>
                <TextEquiv>
                    <Unicode>non personam, ergo conmunicat ei defectus naturales, cu</Unicode>
                </TextEquiv>
            </TextLine>
            <TextLine id="r2l10" custom="readingOrder {index:8;}">
                <Coords points="68,661 855,657 880,650 880,610 68,622"/>
                <Baseline points="74,648 114,647 154,645 194,643 234,642 274,642 314,641 354,641 394,641 434,641 474,642 514,642 554,642 594,642 634,642 674,642 714,642 754,642 794,642 834,641 875,641"/>
                <TextEquiv>
                    <Unicode>iusmodi sunt peccatum originale; &amp; ea, quae secundum lo</Unicode>
                </TextEquiv>
            </TextLine>
            <TextLine id="r2l11" custom="readingOrder {index:9;}">
                <Coords points="70,706 881,696 873,649 70,661"/>
                <Baseline points="75,686 115,684 155,683 195,683 235,681 275,681 315,681 355,680 395,680 435,680 475,680 515,680 555,680 595,680 635,680 675,680 715,681 755,681 795,680 835,680 875,680"/>
                <TextEquiv>
                    <Unicode>gem communem huiusmodi peccatum consequuntur, &amp; </Unicode>
                </TextEquiv>
            </TextLine>
            <TextLine id="r2l12" custom="readingOrder {index:10;}">
                <Coords points="78,741 830,737 881,725 881,699 78,707"/>
                <Baseline points="83,725 122,723 162,722 201,720 241,720 281,719 320,719 360,719 399,719 439,719 479,719 518,719 558,719 597,720 637,720 677,720 716,720 756,720 795,720 835,719 875,719"/>
                <TextEquiv>
                    <Unicode>non communicat ei defectus personales, cuiusmodi sunt</Unicode>
                </TextEquiv>
            </TextLine>
            <TextLine id="r2l13" custom="readingOrder {index:11;}">
                <Coords points="66,783 846,776 868,727 66,740"/>
                <Baseline points="71,764 110,762 150,761 189,760 229,759 269,759 308,758 348,758 387,758 427,758 467,758 506,758 546,759 585,759 625,759 665,759 704,759 744,759 783,759 823,758 863,758"/>
                <TextEquiv>
                    <Unicode>peccata propria, seu actualia. Consequentia patet. Ante</Unicode>
                </TextEquiv>
            </TextLine>
            <TextLine id="r2l14" custom="readingOrder {index:12;}">
                <Coords points="63,816 846,814 865,772 62,784"/>
                <Baseline points="68,803 107,802 147,800 186,800 226,798 266,798 305,797 345,797 384,797 424,797 464,797 503,797 543,797 582,798 622,798 662,798 701,798 741,798 780,797 820,797 860,797"/>
                <TextEquiv>
                    <Unicode>cedens probatur: nam quoe non communicetur persona ge</Unicode>
                </TextEquiv>
            </TextLine>
            <TextLine id="r2l15" custom="readingOrder {index:13;}">
                <Coords points="70,853 883,852 883,816 823,805 70,815"/>
                <Baseline points="75,842 115,840 155,839 195,839 235,837 275,837 315,837 356,836 396,836 436,836 476,836 516,836 556,836 596,836 637,837 677,837 717,837 757,837 797,837 837,836 878,836"/>
                <TextEquiv>
                    <Unicode>nerantis, patet: quia persona est quid incommunicabile,</Unicode>
                </TextEquiv>
            </TextLine>
            <TextLine id="r2l16" custom="readingOrder {index:14;}">
                <Coords points="64,900 872,892 872,856 64,857"/>
                <Baseline points="69,881 108,879 148,878 188,877 228,876 268,876 308,875 348,875 388,875 428,875 468,875 507,875 547,875 587,875 627,875 667,875 707,875 747,875 787,875 827,875 867,875"/>
                <TextEquiv>
                    <Unicode>nprobatum est in primo libro. Quod autem communi</Unicode>
                </TextEquiv>
            </TextLine>
            <TextLine id="r2l17" custom="readingOrder {index:15;}">
                <Coords points="63,936 881,928 858,885 63,900"/>
                <Baseline points="69,918 109,918 149,917 189,917 230,917 270,915 310,915 351,915 391,915 431,915 472,914 512,914 552,914 592,914 633,914 673,914 713,914 754,914 794,914 834,914 875,912"/>
                <TextEquiv>
                    <Unicode>tetur natura generantis, patet: quia in omni generatione</Unicode>
                </TextEquiv>
            </TextLine>
            <TextLine id="r2l18" custom="readingOrder {index:16;}">
                <Coords points="63,972 750,973 852,959 852,931 63,937"/>
                <Baseline points="68,959 106,957 145,957 184,956 223,956 262,954 301,954 340,954 379,954 418,953 457,953 495,953 534,953 573,953 612,953 651,953 690,953 729,953 768,953 807,953 846,951"/>
                <TextEquiv>
                    <Unicode>imiuoca natura generantis communicatur ipsi genito.</Unicode>
                </TextEquiv>
            </TextLine>
            <TextLine id="r2l19" custom="readingOrder {index:17;}">
                <Coords points="94,1005 880,1007 886,956 94,966"/>
                <Baseline points="99,996 138,995 177,995 216,994 255,993 294,993 333,993 372,993 411,993 450,992 490,992 529,992 568,992 607,992 646,992 685,992 724,992 763,992 802,992 841,992 881,992"/>
                <TextEquiv>
                    <Unicode>Forte dicetur, quod secundum philosophum in secundo de</Unicode>
                </TextEquiv>
            </TextLine>
            <TextLine id="r2l20" custom="readingOrder {index:18;}">
                <Coords points="64,1057 860,1047 882,1004 63,1014"/>
                <Baseline points="69,1034 109,1034 149,1033 190,1032 230,1032 270,1032 311,1032 351,1031 391,1031 432,1031 472,1031 512,1031 553,1031 593,1031 633,1031 674,1031 714,1031 754,1031 795,1031 835,1031 876,1031"/>
                <TextEquiv>
                    <Unicode>generatione, in habentibus svmbolum facilior est transi¬</Unicode>
                </TextEquiv>
            </TextLine>
            <TextLine id="r2l21" custom="readingOrder {index:19;}">
                <Coords points="60,1090 817,1088 874,1079 874,1040 60,1053"/>
                <Baseline points="65,1074 105,1074 145,1073 185,1071 225,1071 266,1070 306,1070 346,1070 386,1070 426,1070 467,1070 507,1068 547,1068 587,1068 627,1068 668,1068 708,1070 748,1070 788,1070 828,1070 869,1070"/>
                <TextEquiv>
                    <Unicode>tus, sed proles magis assimilatur proximo parenti, quan</Unicode>
                </TextEquiv>
            </TextLine>
            <TextLine id="r2l22" custom="readingOrder {index:20;}">
                <Coords points="64,1133 884,1123 883,1082 858,1078 64,1095"/>
                <Baseline points="69,1113 109,1113 149,1112 190,1112 230,1110 271,1110 311,1110 352,1110 392,1110 433,1109 473,1109 513,1109 554,1109 594,1109 635,1109 675,1109 716,1110 756,1110 797,1110 837,1110 878,1109"/>
                <TextEquiv>
                    <Unicode>primo parenti: ergo magis videtur, quod proximus parens</Unicode>
                </TextEquiv>
            </TextLine>
            <TextLine id="r2l23" custom="readingOrder {index:21;}">
                <Coords points="70,1166 837,1169 877,1163 877,1120 70,1133"/>
                <Baseline points="75,1152 114,1152 154,1151 194,1151 234,1151 274,1151 314,1151 353,1149 393,1149 433,1149 473,1149 513,1149 553,1149 593,1149 632,1149 672,1149 712,1149 752,1149 792,1149 832,1148 872,1148"/>
                <TextEquiv>
                    <Unicode>ossit peccatum suum transfundere in prolem, quam pri¬</Unicode>
                </TextEquiv>
            </TextLine>
            <TextLine id="r2l24" custom="readingOrder {index:22;}">
                <Coords points="58,1204 67,1207 100,1199 123,1210 141,1201 152,1205 191,1198 213,1203 224,1199 225,1170 194,1173 180,1163 165,1170 152,1165 143,1173 101,1168 91,1174 76,1168 58,1173"/>
                <Baseline points="63,1190 89,1188 115,1187 141,1188 167,1190 193,1191 219,1190"/>
                <TextEquiv>
                    <Unicode>mus parens</Unicode>
                </TextEquiv>
            </TextLine>
            <TextLine id="r2l25" custom="readingOrder {index:23;}">
                <Coords points="93,1243 881,1242 881,1206 783,1193 93,1202"/>
                <Baseline points="99,1229 137,1229 176,1230 215,1230 254,1230 293,1230 332,1230 370,1230 409,1230 448,1229 487,1229 526,1229 565,1229 604,1229 642,1229 681,1227 720,1227 759,1227 798,1227 837,1227 876,1227"/>
                <TextEquiv>
                    <Unicode>hespondeo, quod proprie loquendo, tunc svmbolum,</Unicode>
                </TextEquiv>
            </TextLine>
            <TextLine id="r2l26" custom="readingOrder {index:24;}">
                <Coords points="63,1283 846,1284 871,1244 62,1240"/>
                <Baseline points="68,1271 107,1269 147,1269 187,1269 227,1269 267,1268 307,1268 347,1268 387,1268 427,1268 467,1268 506,1268 546,1266 586,1266 626,1266 666,1266 706,1266 746,1266 786,1266 826,1265 866,1265"/>
                <TextEquiv>
                    <Unicode>sen similitudo inter parentes attenditur quantum ad na</Unicode>
                </TextEquiv>
            </TextLine>
            <TextLine id="r2l27" custom="readingOrder {index:25;}">
                <Coords points="57,1321 811,1321 875,1316 875,1273 57,1279"/>
                <Baseline points="62,1307 102,1307 142,1307 183,1307 223,1307 264,1307 304,1307 344,1307 385,1307 425,1307 466,1307 506,1307 546,1305 587,1305 627,1305 668,1305 708,1305 748,1304 789,1304 829,1304 870,1304"/>
                <TextEquiv>
                    <Unicode>turalia quia secundum illa habent ad inuicem conuenii</Unicode>
                </TextEquiv>
            </TextLine>
            <TextLine id="r2l28" custom="readingOrder {index:26;}">
                <Coords points="51,1359 854,1358 882,1350 882,1315 51,1325"/>
                <Baseline points="56,1346 97,1346 138,1346 179,1346 220,1346 261,1346 302,1346 343,1346 384,1344 425,1344 466,1344 507,1344 548,1344 589,1344 630,1343 671,1343 712,1343 753,1343 794,1343 835,1344 876,1344"/>
                <TextEquiv>
                    <Unicode>tiam, &amp; non quantum ad personalia: quia secundum illa</Unicode>
                </TextEquiv>
            </TextLine>
            <TextLine id="r2l29" custom="readingOrder {index:27;}">
                <Coords points="51,1397 879,1390 879,1363 833,1349 51,1359"/>
                <Baseline points="56,1385 96,1385 137,1386 178,1386 219,1386 260,1386 301,1385 341,1385 382,1385 423,1385 464,1385 505,1383 546,1383 587,1383 627,1383 668,1383 709,1382 750,1382 791,1382 832,1383 873,1383"/>
                <TextEquiv>
                    <Unicode>habent ad inuicem suppositalem differentiam, &amp; ideo ex</Unicode>
                </TextEquiv>
            </TextLine>
            <TextLine id="r2l30" custom="readingOrder {index:28;}">
                <Coords points="45,1437 830,1444 872,1429 872,1397 45,1407"/>
                <Baseline points="51,1424 91,1424 132,1424 173,1424 214,1424 255,1424 295,1424 336,1424 377,1424 418,1424 459,1422 499,1422 540,1422 581,1422 622,1421 663,1421 703,1421 744,1421 785,1421 826,1421 867,1422"/>
                <TextEquiv>
                    <Unicode>si argumenti non sequitur, quod aliquod peccatum per</Unicode>
                </TextEquiv>
            </TextLine>
            <TextLine id="r2l31" custom="readingOrder {index:29;}">
                <Coords points="47,1472 885,1472 884,1431 858,1428 47,1436"/>
                <Baseline points="53,1463 94,1463 135,1464 176,1464 218,1464 259,1464 300,1464 342,1464 383,1464 424,1463 466,1463 507,1463 548,1463 589,1461 631,1461 672,1461 713,1461 755,1461 796,1460 837,1460 879,1460"/>
                <TextEquiv>
                    <Unicode>sonale parentis transfundatur in prolem: sed solum origi</Unicode>
                </TextEquiv>
            </TextLine>
            <TextLine id="r2l32" custom="readingOrder {index:30;}">
                <Coords points="58,1521 888,1513 887,1472 820,1466 57,1479"/>
                <Baseline points="63,1503 106,1503 149,1503 192,1503 235,1503 278,1502 321,1502 364,1502 407,1502 450,1500 494,1500 537,1500 580,1500 623,1500 666,1499 709,1499 752,1499 795,1499 838,1500 882,1500"/>
                <TextEquiv>
                    <Unicode>lale, quod dicitur peccatum naturale: quia prius inficit na</Unicode>
                </TextEquiv>
            </TextLine>
            <TextLine id="r2l33" custom="readingOrder {index:31;}">
                <Coords points="55,1565 861,1557 869,1515 55,1519"/>
                <Baseline points="60,1539 100,1541 140,1541 180,1541 220,1542 261,1542 301,1542 341,1542 381,1541 421,1541 462,1541 502,1541 542,1539 582,1539 622,1539 663,1539 703,1538 743,1538 783,1538 823,1538 864,1538"/>
                <TextEquiv>
                    <Unicode>turam, &amp; mediante infectione naturae inficit personam.</Unicode>
                </TextEquiv>
            </TextLine>
            <TextLine id="r2l34" custom="readingOrder {index:32;}">
                <Coords points="79,1603 824,1596 880,1586 880,1551 79,1554"/>
                <Baseline points="84,1581 123,1581 163,1581 202,1581 242,1581 281,1581 321,1580 360,1580 400,1580 439,1580 479,1580 519,1580 558,1580 598,1580 637,1580 677,1578 716,1578 756,1578 795,1578 835,1577 875,1577"/>
                <TextEquiv>
                    <Unicode>Sed si petitur secundo modo, scilicet vtrum transeant</Unicode>
                </TextEquiv>
            </TextLine>
            <TextLine id="r2l35" custom="readingOrder {index:33;}">
                <Coords points="57,1642 794,1630 794,1588 57,1604"/>
                <Baseline points="62,1617 98,1617 134,1619 170,1619 207,1620 243,1620 279,1620 316,1620 352,1620 388,1620 425,1619 461,1619 497,1619 533,1618 570,1617 606,1617 642,1617 679,1616 715,1616 751,1616 788,1617"/>
                <TextEquiv>
                    <Unicode>pantum ad poenam: tunc pono duas conclusiones</Unicode>
                </TextEquiv>
            </TextLine>
            <TextLine id="r2l36" custom="readingOrder {index:34;}">
                <Coords points="69,1676 850,1668 872,1665 872,1623 69,1637"/>
                <Baseline points="74,1658 113,1659 153,1659 192,1659 232,1658 272,1658 311,1658 351,1658 391,1658 430,1657 470,1656 510,1656 549,1656 589,1656 629,1656 668,1655 708,1655 748,1655 787,1655 827,1656 867,1656"/>
                <TextEquiv>
                    <Unicode>Prima est, quod peccata proximorum parentum non</Unicode>
                </TextEquiv>
            </TextLine>
            <TextLine id="r2l37" custom="readingOrder {index:35;}">
                <Coords points="55,1709 833,1713 878,1702 878,1671 54,1683"/>
                <Baseline points="60,1701 100,1701 141,1700 181,1700 222,1698 263,1698 303,1697 344,1697 385,1697 425,1697 466,1695 507,1695 547,1695 588,1695 629,1695 669,1695 710,1694 751,1694 791,1694 832,1694 873,1694"/>
                <TextEquiv>
                    <Unicode>ranscunt in prolem quantum ad poenam aeternam: quia</Unicode>
                </TextEquiv>
            </TextLine>
            <TextLine id="r2l38" custom="readingOrder {index:36;}">
                <Coords points="46,1756 869,1752 869,1703 45,1711"/>
                <Baseline points="51,1737 91,1737 132,1737 172,1737 213,1737 254,1737 294,1736 335,1736 376,1736 416,1736 457,1734 498,1734 538,1734 579,1734 620,1734 660,1733 701,1733 742,1733 782,1733 823,1734 864,1734"/>
                <TextEquiv>
                    <Unicode>feundum Deatum Augustinum quicumque obligatur vis</Unicode>
                </TextEquiv>
            </TextLine>
            <TextLine id="r2l39" custom="readingOrder {index:37;}">
                <Coords points="48,1787 849,1791 878,1749 48,1757"/>
                <Baseline points="53,1775 94,1776 135,1776 176,1776 217,1778 258,1776 299,1776 340,1776 381,1776 422,1775 463,1775 504,1773 545,1773 586,1772 627,1772 668,1772 709,1772 750,1772 791,1772 832,1772 873,1773"/>
                <TextEquiv>
                    <Unicode>nilo ponae, scilicet aeternae, non est expers delicti: sed pro</Unicode>
                </TextEquiv>
            </TextLine>
            <TextLine id="r2l40" custom="readingOrder {index:38;}">
                <Coords points="47,1839 831,1832 874,1821 874,1782 47,1787"/>
                <Baseline points="53,1817 93,1817 134,1817 175,1815 216,1815 257,1815 297,1815 338,1814 379,1814 420,1814 461,1814 501,1813 542,1812 583,1812 624,1812 665,1812 705,1811 746,1811 787,1811 828,1811 869,1812"/>
                <TextEquiv>
                    <Unicode>leest expers a delicto parentis proximi, vt patuit in pri¬</Unicode>
                </TextEquiv>
            </TextLine>
            <TextLine id="r2l41" custom="readingOrder {index:39;}">
                <Coords points="54,1876 779,1872 878,1863 878,1823 54,1838"/>
                <Baseline points="60,1854 100,1854 141,1854 181,1854 222,1854 263,1854 303,1853 344,1853 385,1853 425,1853 466,1853 507,1852 547,1851 588,1851 629,1851 669,1851 710,1850 751,1850 791,1850 832,1850 873,1850"/>
                <TextEquiv>
                    <Unicode>parte istius articuli, ergo pro delicto proximi parentis</Unicode>
                </TextEquiv>
            </TextLine>
            <TextLine id="r2l42" custom="readingOrder {index:40;}">
                <Coords points="45,1906 879,1900 878,1864 842,1857 45,1873"/>
                <Baseline points="51,1893 92,1895 133,1895 174,1895 215,1895 256,1895 297,1895 338,1895 379,1893 420,1893 462,1892 503,1892 544,1890 585,1890 626,1890 667,1889 708,1889 749,1889 790,1889 831,1890 873,1890"/>
                <TextEquiv>
                    <Unicode>rn obligatur ad poenam perpetuam. Etiam quantum ac</Unicode>
                </TextEquiv>
            </TextLine>
            <TextLine id="r2l43" custom="readingOrder {index:41;}">
                <Coords points="55,1953 784,1949 875,1939 875,1900 54,1905"/>
                <Baseline points="60,1931 100,1931 141,1932 181,1932 222,1932 262,1932 303,1932 343,1932 384,1932 424,1931 465,1931 505,1931 546,1929 586,1929 627,1929 667,1929 708,1928 748,1928 789,1928 829,1928 870,1928"/>
                <TextEquiv>
                    <Unicode>hm intellectum ait dominus. Filius non portabit ini¬</Unicode>
                </TextEquiv>
            </TextLine>
            <TextLine id="r2l44" custom="readingOrder {index:42;}">
                <Coords points="48,1994 843,1985 880,1980 880,1938 48,1952"/>
                <Baseline points="53,1971 94,1971 135,1971 176,1973 217,1973 258,1973 299,1971 340,1971 381,1971 422,1971 464,1971 505,1970 546,1970 587,1970 628,1970 669,1968 710,1968 751,1968 792,1968 833,1968 875,1968"/>
                <TextEquiv>
                    <Unicode>btatem patris. Et ibidem Anima, quae paccauerit, ipsa</Unicode>
                </TextEquiv>
            </TextLine>
            <TextLine id="r2l45" custom="readingOrder {index:43;}">
                <Coords points="69,2024 774,2028 879,2020 879,1981 69,1993"/>
                <Baseline points="74,2010 116,2010 158,2011 200,2012 242,2012 284,2012 326,2012 368,2010 410,2010 452,2010 494,2009 536,2009 578,2007 620,2007 662,2007 704,2007 746,2007 788,2007 830,2009 873,2009"/>
                <TextEquiv>
                    <Unicode>rietur. Et ait Adostolus, vnusquisque onus suum portabit</Unicode>
                </TextEquiv>
            </TextLine>
            <TextLine id="r2l46" custom="readingOrder {index:44;}">
                <Coords points="69,2059 846,2063 877,2056 877,2020 68,2025"/>
                <Baseline points="74,2049 113,2049 153,2051 193,2051 233,2051 273,2051 313,2051 353,2050 393,2049 433,2049 473,2048 512,2048 552,2048 592,2046 632,2046 672,2046 712,2045 752,2045 792,2045 832,2046 872,2046"/>
                <TextEquiv>
                    <Unicode>Secunda conclusio est, quod peccata proximorum pa¬</Unicode>
                </TextEquiv>
            </TextLine>
            <TextLine id="r2l47" custom="readingOrder {index:45;}">
                <Coords points="34,2101 783,2105 877,2097 877,2057 34,2073"/>
                <Baseline points="39,2090 80,2090 122,2090 163,2090 205,2090 247,2090 288,2090 330,2090 372,2088 413,2088 455,2088 497,2087 538,2087 580,2086 622,2085 663,2085 705,2085 747,2085 788,2084 830,2084 872,2084"/>
                <TextEquiv>
                    <Unicode>rentum transeunt in prolem quantum ad penam teporalem</Unicode>
                </TextEquiv>
            </TextLine>
            <TextLine id="r2l48" custom="readingOrder {index:46;}">
                <Coords points="70,2150 882,2140 881,2102 841,2093 69,2109"/>
                <Baseline points="75,2130 115,2130 155,2130 195,2129 235,2129 275,2129 315,2129 355,2127 395,2127 435,2127 475,2126 515,2126 555,2126 595,2124 635,2124 675,2124 715,2123 755,2123 795,2123 835,2123 876,2123"/>
                <TextEquiv>
                    <Unicode>1 Nam sicut patet in iure ciuili, crimen laesae maiesta¬</Unicode>
                </TextEquiv>
            </TextLine>
            <TextLine id="r2l49" custom="readingOrder {index:47;}">
                <Coords points="33,2178 805,2183 877,2170 877,2139 33,2148"/>
                <Baseline points="38,2166 79,2167 121,2168 163,2168 204,2168 246,2168 288,2168 329,2168 371,2167 413,2166 455,2166 496,2165 538,2165 580,2163 621,2163 663,2163 705,2163 746,2162 788,2162 830,2163 872,2163"/>
                <TextEquiv>
                    <Unicode>r non solum punitur in parente, verum etiam in prole</Unicode>
                </TextEquiv>
            </TextLine>
            <TextLine id="r2l50" custom="readingOrder {index:48;}">
                <Coords points="34,2228 882,2217 881,2174 829,2171 34,2190"/>
                <Baseline points="39,2205 80,2207 122,2207 164,2207 206,2207 248,2207 290,2207 331,2207 373,2207 415,2205 457,2205 499,2205 541,2204 583,2204 624,2204 666,2203 708,2202 750,2202 792,2202 834,2202 876,2202"/>
                <TextEquiv>
                    <Unicode>rm prout proles est quaedam res patris, sic pater potest</Unicode>
                </TextEquiv>
            </TextLine>
            <TextLine id="r2l51" custom="readingOrder {index:49;}">
                <Coords points="58,2264 673,2263 761,2249 761,2211 58,2228"/>
                <Baseline points="63,2244 97,2246 132,2246 166,2246 201,2247 236,2246 270,2246 305,2246 340,2246 374,2244 409,2244 444,2244 478,2243 513,2243 548,2241 582,2241 617,2241 652,2241 686,2240 721,2241 756,2241"/>
                <TextEquiv>
                    <Unicode>iniri in filio, tamquam in sua re, seu possessione</Unicode>
                </TextEquiv>
            </TextLine>
            <TextLine id="r2l52" custom="readingOrder {index:50;}">
                <Coords points="64,2304 859,2298 883,2292 883,2249 64,2265"/>
                <Baseline points="69,2286 109,2286 149,2286 190,2286 230,2286 271,2286 311,2285 352,2285 392,2284 433,2283 473,2282 513,2282 554,2280 594,2280 635,2280 675,2280 716,2279 756,2280 797,2280 837,2280 878,2282"/>
                <TextEquiv>
                    <Unicode>2 Praeterea, princeps quandoque iuste punitur in suo</Unicode>
                </TextEquiv>
            </TextLine>
            <TextLine id="r2l53" custom="readingOrder {index:51;}">
                <Coords points="28,2345 830,2340 868,2329 868,2296 27,2306"/>
                <Baseline points="33,2327 74,2327 116,2327 157,2327 199,2326 240,2325 282,2325 323,2324 365,2324 406,2322 448,2322 489,2322 531,2321 572,2321 614,2319 655,2319 697,2319 738,2319 780,2319 821,2319 863,2319"/>
                <TextEquiv>
                    <Unicode>Tralo propter coniunctionem populi ad ipsum: ergo </Unicode>
                </TextEquiv>
            </TextLine>
            <TextLine id="r2l54" custom="readingOrder {index:52;}">
                <Coords points="58,2375 879,2371 855,2322 58,2342"/>
                <Baseline points="63,2361 103,2363 144,2363 184,2364 225,2364 265,2364 306,2363 346,2363 387,2363 427,2361 468,2361 508,2360 549,2360 589,2358 630,2358 670,2357 711,2357 751,2357 792,2357 832,2358 873,2358"/>
                <TextEquiv>
                    <Unicode>ner in prole, maxime quando proles non est sui iuris: seo</Unicode>
                </TextEquiv>
            </TextLine>
            <TextLine id="r2l55" custom="readingOrder {index:53;}">
                <Coords points="36,2411 884,2418 883,2371 850,2367 35,2383"/>
                <Baseline points="41,2400 82,2402 124,2402 166,2403 208,2403 250,2403 292,2403 333,2402 375,2402 417,2400 459,2400 501,2399 543,2399 585,2397 626,2397 668,2397 710,2397 752,2397 794,2397 836,2397 878,2397"/>
                <TextEquiv>
                    <Unicode>sab dominio patris, tamquam possessio eius. Antece¬</Unicode>
                </TextEquiv>
            </TextLine>
            <TextLine id="r2l56" custom="readingOrder {index:54;}">
                <Coords points="33,2452 830,2456 887,2446 887,2419 32,2413"/>
                <Baseline points="38,2438 80,2440 122,2442 164,2442 206,2444 249,2444 291,2442 333,2442 375,2441 417,2441 460,2439 502,2438 544,2438 586,2436 628,2436 671,2435 713,2435 755,2435 797,2435 839,2436 882,2438"/>
                <TextEquiv>
                    <Unicode>dens patet. 2. Reg. c. vlt. vbi multi legutur ab angelo Dei</Unicode>
                </TextEquiv>
            </TextLine>
            <TextLine id="r2l57" custom="readingOrder {index:55;}">
                <Coords points="27,2490 862,2489 884,2448 26,2454"/>
                <Baseline points="32,2478 74,2480 116,2481 159,2481 201,2482 243,2483 286,2481 328,2481 370,2481 413,2480 455,2478 497,2478 540,2477 582,2477 624,2475 667,2475 709,2475 751,2474 794,2474 836,2475 879,2475"/>
                <TextEquiv>
                    <Unicode>interfecti propter peccatum regis Dauid. Patet etiam con</Unicode>
                </TextEquiv>
            </TextLine>
            <TextLine id="r2l58" custom="readingOrder {index:56;}">
                <Coords points="30,2537 878,2531 851,2483 30,2491"/>
                <Baseline points="36,2517 77,2519 119,2520 161,2520 203,2520 245,2520 287,2520 328,2519 370,2519 412,2518 454,2517 496,2517 538,2516 580,2515 621,2514 663,2514 705,2513 747,2513 789,2513 831,2513 873,2514"/>
                <TextEquiv>
                    <Unicode>souentia, quia non minor est coniunctio prolis ad paret</Unicode>
                </TextEquiv>
            </TextLine>
            <TextLine id="r2l59" custom="readingOrder {index:57;}">
                <Coords points="31,2576 888,2574 887,2532 859,2525 31,2537"/>
                <Baseline points="36,2559 78,2559 120,2559 162,2559 205,2559 247,2559 289,2559 332,2558 374,2558 416,2558 459,2556 501,2555 543,2555 585,2554 628,2553 670,2553 712,2553 755,2552 797,2552 839,2552 882,2553"/>
                <TextEquiv>
                    <Unicode>tem, quam populi ad secularem principem. Et de hac poe</Unicode>
                </TextEquiv>
            </TextLine>
            <TextLine id="r2l60" custom="readingOrder {index:58;}">
                <Coords points="30,2612 876,2601 850,2560 30,2575"/>
                <Baseline points="35,2597 76,2598 118,2600 160,2600 202,2600 243,2600 285,2599 327,2598 369,2598 410,2597 452,2595 494,2595 536,2594 577,2594 619,2592 661,2592 703,2591 744,2591 786,2591 828,2591 870,2592"/>
                <TextEquiv>
                    <Unicode>notest intelligi verbum domini, quando ait. Ego do</Unicode>
                </TextEquiv>
            </TextLine>
            <TextLine id="r2l61" custom="readingOrder {index:59;}">
                <Coords points="51,2654 839,2651 899,2641 899,2603 51,2610"/>
                <Baseline points="56,2637 97,2639 139,2639 181,2639 223,2639 265,2639 307,2639 349,2637 391,2637 433,2636 475,2636 516,2634 558,2633 600,2633 642,2633 684,2631 726,2631 768,2631 810,2633 852,2633 894,2634"/>
                <TextEquiv>
                    <Unicode>mus vifitans peccata patrum in filios vsque in tertiam, </Unicode>
                </TextEquiv>
            </TextLine>
            <TextLine id="r2l63" custom="readingOrder {index:60;}">
                <Coords points="33,2692 440,2692 440,2655 426,2652 336,2646 315,2659 194,2664 145,2651 90,2662 33,2653"/>
                <Baseline points="38,2675 64,2676 90,2677 117,2678 143,2678 170,2678 196,2678 222,2678 249,2678 275,2677 302,2676 328,2676 354,2676 381,2676 407,2675 434,2675"/>
                <TextEquiv>
                    <Unicode>quartam generationem.</Unicode>
                </TextEquiv>
            </TextLine>
            <TextLine id="r2l64" custom="readingOrder {index:61;}">
                <Coords points="55,2729 890,2717 860,2676 772,2669 671,2691 483,2668 363,2698 55,2689"/>
                <Baseline points="60,2715 101,2715 142,2717 183,2717 225,2717 266,2717 307,2715 348,2715 390,2714 431,2714 472,2712 513,2711 555,2711 596,2709 637,2709 678,2709 720,2708 761,2708 802,2708 843,2709 885,2711"/>
                <TextEquiv>
                    <Unicode>Remplum habemus quo ad hoc in Sen vbi dominus</Unicode>
                </TextEquiv>
            </TextLine>
            <TextLine id="r2l65" custom="readingOrder {index:62;}">
                <Coords points="39,2766 888,2754 878,2716 38,2731"/>
                <Baseline points="44,2756 85,2757 127,2757 169,2757 211,2757 253,2756 295,2756 337,2755 379,2754 421,2753 463,2753 504,2751 546,2751 588,2750 630,2750 672,2748 714,2748 756,2747 798,2747 840,2747 882,2747"/>
                <TextEquiv>
                    <Unicode>ropter peccata parentum interfecit paruulos cum pare¬</Unicode>
                </TextEquiv>
            </TextLine>
            <TextLine id="r2l66" custom="readingOrder {index:63;}">
                <Coords points="34,2814 871,2804 887,2760 33,2764"/>
                <Baseline points="39,2795 81,2795 123,2795 165,2795 207,2795 249,2795 291,2795 334,2793 376,2793 418,2792 460,2792 502,2791 544,2790 586,2790 629,2789 671,2789 713,2787 755,2787 797,2787 839,2787 882,2787"/>
                <TextEquiv>
                    <Unicode>pbus in Sodoma, &amp; Comora. Et in Nu interfecit domi-</Unicode>
                </TextEquiv>
            </TextLine>
            <TextLine id="r2l67" custom="readingOrder {index:64;}">
                <Coords points="34,2846 784,2845 890,2834 890,2801 33,2814"/>
                <Baseline points="39,2831 81,2832 123,2834 165,2834 208,2834 250,2834 292,2834 335,2834 377,2834 419,2832 462,2832 504,2831 546,2830 588,2829 631,2828 673,2828 715,2828 758,2826 800,2826 842,2826 885,2826"/>
                <TextEquiv>
                    <Unicode> Chore, &amp; Datham, &amp; Abiton cum paruulis corum.</Unicode>
                </TextEquiv>
            </TextLine>
            <TextLine id="r2l68" custom="readingOrder {index:65;}">
                <Coords points="33,2890 882,2880 890,2839 32,2846"/>
                <Baseline points="38,2873 80,2873 122,2873 165,2873 207,2873 249,2873 292,2873 334,2871 376,2871 419,2871 461,2870 503,2870 546,2868 588,2868 630,2867 673,2867 715,2867 757,2867 800,2867 842,2867 885,2867"/>
                <TextEquiv>
                    <Unicode>nem praecepit dominus, vt in regnis Chananaeorum in¬</Unicode>
                </TextEquiv>
            </TextLine>
            <TextLine id="r2l69" custom="readingOrder {index:66;}">
                <Coords points="28,2921 264,2935 722,2914 721,2877 668,2874 27,2888"/>
                <Baseline points="33,2910 67,2910 101,2912 135,2912 169,2912 203,2912 237,2912 272,2912 306,2912 340,2912 374,2910 408,2910 442,2909 476,2909 511,2907 545,2907 579,2907 613,2906 647,2905 681,2904 716,2904"/>
                <TextEquiv>
                    <Unicode>frfcerentur omnes, tam paruuli, quam senes</Unicode>
                </TextEquiv>
            </TextLine>
            <TextLine id="r2l70" custom="readingOrder {index:67;}">
                <Coords points="46,2967 857,2959 881,2922 46,2927"/>
                <Baseline points="51,2952 92,2952 133,2952 174,2952 216,2952 257,2952 298,2952 339,2951 381,2951 422,2949 463,2949 504,2949 546,2948 587,2947 628,2946 669,2946 711,2945 752,2945 793,2945 834,2945 876,2946"/>
                <TextEquiv>
                    <Unicode>Forte dicetur, quod omues patuuli hic notati, non so</Unicode>
                </TextEquiv>
            </TextLine>
            <TextLine id="r2l71" custom="readingOrder {index:68;}">
                <Coords points="54,3006 888,2998 880,2952 54,2967"/>
                <Baseline points="59,2990 100,2991 141,2991 182,2991 223,2991 264,2991 305,2990 347,2990 388,2989 429,2988 470,2987 511,2987 552,2985 593,2985 635,2985 676,2984 717,2984 758,2984 799,2984 840,2984 882,2985"/>
                <TextEquiv>
                    <Unicode>neena temporali, verum etiam pena aeterna punientur</Unicode>
                </TextEquiv>
            </TextLine>
            <TextLine id="r2l72" custom="readingOrder {index:69;}">
                <Coords points="70,3049 850,3047 889,3031 889,3002 69,3009"/>
                <Baseline points="75,3032 115,3032 155,3031 196,3030 236,3030 277,3030 317,3029 358,3029 398,3027 439,3027 479,3026 519,3026 560,3025 600,3024 641,3024 681,3023 722,3023 762,3023 803,3023 843,3023 884,3023"/>
                <TextEquiv>
                    <Unicode>areena damni, quae est carentia diuinae visionis: &amp; hoc</Unicode>
                </TextEquiv>
            </TextLine>
            <TextLine id="r2l73" custom="readingOrder {index:70;}">
                <Coords points="70,3082 606,3081 668,3074 667,3037 69,3050"/>
                <Baseline points="75,3068 104,3069 133,3069 163,3071 192,3071 221,3071 251,3071 280,3071 309,3069 339,3069 368,3069 397,3068 427,3068 456,3066 485,3065 515,3065 544,3065 573,3063 603,3063 632,3063 662,3062"/>
                <TextEquiv>
                    <Unicode>rtur contradicere primae conclusioni.</Unicode>
                </TextEquiv>
            </TextLine>
            <TextLine id="r2l74" custom="readingOrder {index:71;}">
                <Coords points="58,3125 842,3119 893,3111 893,3077 58,3083"/>
                <Baseline points="63,3107 104,3108 145,3108 186,3110 228,3110 269,3110 310,3108 351,3108 393,3108 434,3107 475,3106 516,3105 558,3104 599,3102 640,3102 681,3101 723,3101 764,3099 805,3099 846,3099 888,3099"/>
                <TextEquiv>
                    <Unicode>nespondeo, quod licet tales parnuli passi fuerunt mor</Unicode>
                </TextEquiv>
            </TextLine>
            <TextLine id="r2l75" custom="readingOrder {index:72;}">
                <Coords points="76,3163 886,3162 885,3110 76,3125"/>
                <Baseline points="81,3150 121,3150 161,3150 201,3150 241,3150 281,3150 321,3149 361,3149 401,3149 441,3147 481,3147 521,3146 561,3146 601,3144 641,3144 681,3143 721,3143 761,3141 801,3141 841,3141 881,3140"/>
                <TextEquiv>
                    <Unicode>tempo :aleni propter peccata proximorum parentum</Unicode>
                </TextEquiv>
            </TextLine>
            <TextEquiv>
                <Unicode>1 quia proximus parens non potest suam iustitiam in
prolem transsundere: ergo nec suam culpam. Antecedens
patet Probatur consequentia per Anselm. qui dicit, quod
protanto primus parens potuit originalem culpam in ci
teros homines trasfundere, quia originalem iustitiam tras¬
udisset, si ipsam non perdidisset
2 Praeterea, generans genito communicat naturam, &amp;
non personam, ergo conmunicat ei defectus naturales, cu
iusmodi sunt peccatum originale; &amp; ea, quae secundum lo
gem communem huiusmodi peccatum consequuntur, &amp; 
non communicat ei defectus personales, cuiusmodi sunt
peccata propria, seu actualia. Consequentia patet. Ante
cedens probatur: nam quoe non communicetur persona ge
nerantis, patet: quia persona est quid incommunicabile,
nprobatum est in primo libro. Quod autem communi
tetur natura generantis, patet: quia in omni generatione
imiuoca natura generantis communicatur ipsi genito.
Forte dicetur, quod secundum philosophum in secundo de
generatione, in habentibus svmbolum facilior est transi¬
tus, sed proles magis assimilatur proximo parenti, quan
primo parenti: ergo magis videtur, quod proximus parens
ossit peccatum suum transfundere in prolem, quam pri¬
mus parens
hespondeo, quod proprie loquendo, tunc svmbolum,
sen similitudo inter parentes attenditur quantum ad na
turalia quia secundum illa habent ad inuicem conuenii
tiam, &amp; non quantum ad personalia: quia secundum illa
habent ad inuicem suppositalem differentiam, &amp; ideo ex
si argumenti non sequitur, quod aliquod peccatum per
sonale parentis transfundatur in prolem: sed solum origi
lale, quod dicitur peccatum naturale: quia prius inficit na
turam, &amp; mediante infectione naturae inficit personam.
Sed si petitur secundo modo, scilicet vtrum transeant
pantum ad poenam: tunc pono duas conclusiones
Prima est, quod peccata proximorum parentum non
ranscunt in prolem quantum ad poenam aeternam: quia
feundum Deatum Augustinum quicumque obligatur vis
nilo ponae, scilicet aeternae, non est expers delicti: sed pro
leest expers a delicto parentis proximi, vt patuit in pri¬
parte istius articuli, ergo pro delicto proximi parentis
rn obligatur ad poenam perpetuam. Etiam quantum ac
hm intellectum ait dominus. Filius non portabit ini¬
btatem patris. Et ibidem Anima, quae paccauerit, ipsa
rietur. Et ait Adostolus, vnusquisque onus suum portabit
Secunda conclusio est, quod peccata proximorum pa¬
rentum transeunt in prolem quantum ad penam teporalem
1 Nam sicut patet in iure ciuili, crimen laesae maiesta¬
r non solum punitur in parente, verum etiam in prole
rm prout proles est quaedam res patris, sic pater potest
iniri in filio, tamquam in sua re, seu possessione
2 Praeterea, princeps quandoque iuste punitur in suo
Tralo propter coniunctionem populi ad ipsum: ergo 
ner in prole, maxime quando proles non est sui iuris: seo
sab dominio patris, tamquam possessio eius. Antece¬
dens patet. 2. Reg. c. vlt. vbi multi legutur ab angelo Dei
interfecti propter peccatum regis Dauid. Patet etiam con
souentia, quia non minor est coniunctio prolis ad paret
tem, quam populi ad secularem principem. Et de hac poe
notest intelligi verbum domini, quando ait. Ego do
mus vifitans peccata patrum in filios vsque in tertiam, 
quartam generationem.
Remplum habemus quo ad hoc in Sen vbi dominus
ropter peccata parentum interfecit paruulos cum pare¬
pbus in Sodoma, &amp; Comora. Et in Nu interfecit domi-
 Chore, &amp; Datham, &amp; Abiton cum paruulis corum.
nem praecepit dominus, vt in regnis Chananaeorum in¬
frfcerentur omnes, tam paruuli, quam senes
Forte dicetur, quod omues patuuli hic notati, non so
neena temporali, verum etiam pena aeterna punientur
areena damni, quae est carentia diuinae visionis: &amp; hoc
rtur contradicere primae conclusioni.
nespondeo, quod licet tales parnuli passi fuerunt mor
tempo :aleni propter peccata proximorum parentum</Unicode>
            </TextEquiv>
        </TextRegion>
        <TextRegion orientation="0.0" id="r3" custom="readingOrder {index:1;}">
            <Coords points="930,236 930,3196 1790,3196 1790,236"/>
            <TextLine id="r3l3" custom="readingOrder {index:0;}">
                <Coords points="932,343 1790,354 1779,294 1270,285 1187,311 1062,273 933,301"/>
                <Baseline points="938,333 980,333 1022,333 1065,333 1107,333 1149,333 1192,334 1234,335 1276,335 1319,335 1361,335 1403,335 1446,335 1488,335 1530,335 1573,335 1615,335 1657,336 1700,336 1742,336 1785,336"/>
                <TextEquiv>
                    <Unicode>tamen aeternam poenam patientur propter peccatum ori</Unicode>
                </TextEquiv>
            </TextLine>
            <TextLine id="r3l4" custom="readingOrder {index:1;}">
                <Coords points="938,395 1739,380 1739,353 1685,343 938,344"/>
                <Baseline points="944,374 983,373 1022,372 1062,372 1101,372 1141,372 1180,372 1220,372 1259,372 1299,372 1338,372 1377,372 1417,372 1456,372 1496,372 1535,372 1575,372 1614,372 1654,372 1693,372 1733,372"/>
                <TextEquiv>
                    <Unicode>ginale, &amp; non propter peccata proximotum parentum.</Unicode>
                </TextEquiv>
            </TextLine>
            <TextLine id="r3l5" custom="readingOrder {index:2;}">
                <Coords points="963,423 1778,433 1778,380 963,391"/>
                <Baseline points="968,408 1008,410 1048,410 1088,411 1129,411 1169,411 1209,411 1249,411 1290,411 1330,411 1370,411 1410,411 1451,411 1491,411 1531,411 1571,411 1612,411 1652,411 1692,411 1732,411 1773,411"/>
                <TextEquiv>
                    <Unicode>Ad argumentum principale dicendum, quod quamuis</Unicode>
                </TextEquiv>
            </TextLine>
            <TextLine id="r3l6" custom="readingOrder {index:3;}">
                <Coords points="940,464 1763,483 1764,428 940,424"/>
                <Baseline points="945,449 985,449 1026,450 1066,450 1107,450 1148,450 1188,450 1229,450 1270,450 1310,450 1351,450 1392,450 1432,450 1473,452 1514,452 1554,452 1595,452 1636,452 1676,453 1717,453 1758,455"/>
                <TextEquiv>
                    <Unicode>maior sit vera de poena per se, non ta men de pena per ac</Unicode>
                </TextEquiv>
            </TextLine>
            <TextLine id="r3l7" custom="readingOrder {index:4;}">
                <Coords points="930,516 954,518 996,495 1004,498 1016,492 1025,500 1036,493 1044,494 1044,478 1035,478 1021,465 994,472 984,470 975,460 960,464 954,458 946,464 931,460"/>
                <Baseline points="936,488 961,489 987,488 1012,488 1038,491"/>
                <TextEquiv>
                    <Unicode>cidens,</Unicode>
                </TextEquiv>
            </TextLine>
            <TextLine id="r3l8" custom="readingOrder {index:5;}">
                <Coords points="973,538 1736,546 1772,542 1772,495 1248,477 973,502"/>
                <Baseline points="978,527 1017,527 1056,528 1096,528 1135,528 1175,528 1214,528 1254,528 1293,527 1333,527 1372,527 1411,527 1451,527 1490,527 1530,527 1569,527 1609,528 1648,528 1688,528 1727,528 1767,530"/>
                <TextEquiv>
                    <Unicode>Alias sic inuenitur. Dicendum, quod quamuis maior</Unicode>
                </TextEquiv>
            </TextLine>
            <TextLine id="r3l9" custom="readingOrder {index:6;}">
                <Coords points="927,582 1771,577 1749,537 1196,551 928,525"/>
                <Baseline points="933,564 974,566 1016,566 1057,566 1099,566 1141,566 1182,566 1224,566 1266,566 1307,566 1349,567 1391,567 1432,567 1474,567 1516,567 1557,567 1599,567 1641,567 1682,569 1724,569 1766,570"/>
                <TextEquiv>
                    <Unicode>sit vera de effectu per se: non tamen est vera de effectu per</Unicode>
                </TextEquiv>
            </TextLine>
            <TextLine id="r3l10" custom="readingOrder {index:7;}">
                <Coords points="927,617 1765,625 1765,576 927,582"/>
                <Baseline points="932,605 973,605 1014,605 1056,605 1097,606 1139,606 1180,606 1221,606 1263,606 1304,606 1346,606 1387,606 1428,606 1470,606 1511,606 1553,606 1594,606 1635,608 1677,608 1718,608 1760,609"/>
                <TextEquiv>
                    <Unicode>accidens, sed sicut patuit in 1 art, non quaelibet poena es</Unicode>
                </TextEquiv>
            </TextLine>
            <TextLine id="r3l11" custom="readingOrder {index:8;}">
                <Coords points="936,654 1055,664 1122,650 1236,671 1263,653 1312,670 1334,655 1414,653 1415,617 1256,615 1210,629 1145,613 1090,628 937,615"/>
                <Baseline points="942,644 967,644 993,644 1019,644 1045,645 1071,645 1097,645 1123,645 1149,645 1175,645 1201,645 1227,645 1253,645 1279,647 1305,647 1331,647 1357,647 1383,647 1409,648"/>
                <TextEquiv>
                    <Unicode>effectus per se originalis peccati.</Unicode>
                </TextEquiv>
            </TextLine>
            <TextLine id="line_1603288630829_1233" custom="readingOrder {index:9;}">
                <Coords points="975,696 1082,683 1205,677 1607,691 1670,696 1717,701 1717,753 1564,760 1242,767 1172,766 974,751"/>
                <Baseline points="980,737 1006,736 1032,735 1058,735 1085,734 1111,734 1137,734 1164,734 1190,735 1216,735 1242,735 1269,735 1295,736 1321,737 1348,737 1374,737 1400,737 1427,738 1502,738 1528,740 1554,740 1580,739 1607,738 1633,737 1659,737 1685,737 1712,741"/>
                <TextEquiv>
                    <Unicode>DISTINCTIO xxxIII1</Unicode>
                </TextEquiv>
            </TextLine>
            <TextLine id="line_1603288577766_1202" custom="readingOrder {index:10;}">
                <Coords points="933,795 987,780 1011,777 1131,769 1191,768 1750,771 1766,776 1766,844 1123,855 1065,855 989,852 956,845 933,835"/>
                <Baseline points="938,827 963,826 989,825 1015,824 1041,824 1066,824 1092,824 1118,825 1144,826 1170,828 1196,827 1224,827 1252,827 1280,828 1308,828 1337,828 1365,828 1393,828 1421,828 1449,828 1478,828 1506,828 1534,828 1562,828 1590,828 1619,828 1647,828 1675,827 1703,827 1731,828 1760,828"/>
                <TextEquiv>
                    <Unicode>Absoluta huiu¬ distinctionis duisio in qua de actua¬</Unicode>
                </TextEquiv>
            </TextLine>
            <TextLine id="r3l16" custom="readingOrder {index:11;}">
                <Coords points="1196,884 1221,893 1242,884 1282,901 1313,888 1333,905 1383,890 1414,908 1457,887 1482,894 1507,886 1507,857 1422,838 1380,849 1275,837 1245,854 1197,838"/>
                <Baseline points="1202,878 1227,878 1252,876 1277,876 1302,876 1327,875 1352,875 1377,875 1402,875 1427,876 1452,876 1477,878 1502,879"/>
                <TextEquiv>
                    <Unicode>li culpa peragitir.</Unicode>
                </TextEquiv>
            </TextLine>
            <TextLine id="r3l17" custom="readingOrder {index:12;}">
                <Coords points="1264,977 1299,961 1776,971 1775,918 1739,910 1623,934 1554,918 1521,935 1263,923"/>
                <Baseline points="1269,957 1294,959 1319,959 1344,959 1369,960 1394,960 1419,960 1444,960 1469,960 1494,959 1519,959 1544,959 1569,959 1594,958 1619,957 1644,957 1669,957 1694,956 1719,956 1744,956 1770,956"/>
                <TextEquiv>
                    <Unicode>OST PRADICTA &amp;c. Pof¬</Unicode>
                </TextEquiv>
            </TextLine>
            <TextLine id="r3l18" custom="readingOrder {index:13;}">
                <Coords points="1275,1011 1694,1009 1766,1001 1766,967 1330,975 1299,961 1275,973"/>
                <Baseline points="1280,996 1305,996 1330,996 1355,996 1381,996 1406,996 1431,996 1457,996 1482,996 1507,996 1533,996 1558,996 1583,996 1609,996 1634,996 1659,996 1685,996 1710,996 1735,995 1761,995"/>
                <TextEquiv>
                    <Unicode>quam Magister determinauit di</Unicode>
                </TextEquiv>
            </TextLine>
            <TextLine id="r3l19" custom="readingOrder {index:14;}">
                <Coords points="1281,1056 1317,1043 1766,1046 1766,1002 1601,1005 1581,1019 1513,1003 1441,1018 1281,1014"/>
                <Baseline points="1287,1038 1313,1037 1339,1037 1366,1037 1392,1035 1418,1035 1445,1035 1471,1035 1497,1035 1524,1034 1550,1034 1576,1034 1603,1034 1629,1034 1655,1034 1682,1034 1708,1035 1734,1035 1761,1035"/>
                <TextEquiv>
                    <Unicode>peccato paruulorum, quod dicitui</Unicode>
                </TextEquiv>
            </TextLine>
            <TextLine id="r3l21" custom="readingOrder {index:15;}">
                <Coords points="1283,1086 1579,1094 1659,1080 1712,1093 1764,1080 1763,1043 1662,1055 1318,1043 1283,1056"/>
                <Baseline points="1289,1076 1315,1076 1341,1076 1367,1076 1393,1076 1419,1074 1445,1074 1471,1074 1497,1074 1523,1074 1549,1074 1575,1074 1601,1074 1627,1073 1653,1073 1679,1073 1705,1073 1731,1073 1758,1073"/>
                <TextEquiv>
                    <Unicode>originale, hic prosequitur de pec¬</Unicode>
                </TextEquiv>
            </TextLine>
            <TextLine id="r3l22" custom="readingOrder {index:16;}">
                <Coords points="1276,1124 1505,1120 1557,1133 1606,1120 1671,1133 1769,1120 1769,1079 1572,1095 1440,1081 1276,1089"/>
                <Baseline points="1281,1113 1306,1113 1331,1113 1357,1113 1382,1113 1408,1113 1433,1113 1458,1113 1484,1113 1509,1113 1535,1113 1560,1113 1586,1113 1611,1112 1636,1112 1662,1112 1687,1112 1713,1112 1738,1112 1764,1112"/>
                <TextEquiv>
                    <Unicode>cato adultorum, quod dicitur a¬</Unicode>
                </TextEquiv>
            </TextLine>
            <TextLine id="r3l24" custom="readingOrder {index:17;}">
                <Coords points="1273,1158 1766,1167 1766,1127 1747,1120 1544,1134 1505,1120 1458,1132 1345,1120 1331,1134 1273,1123"/>
                <Baseline points="1278,1152 1303,1152 1328,1152 1354,1152 1379,1152 1405,1152 1430,1152 1455,1152 1481,1152 1506,1152 1532,1152 1557,1152 1583,1152 1608,1152 1633,1152 1659,1152 1684,1152 1710,1152 1735,1152 1761,1152"/>
                <TextEquiv>
                    <Unicode>ctuale. Et diuiditur in duas partes</Unicode>
                </TextEquiv>
            </TextLine>
            <TextLine id="r3l26" custom="readingOrder {index:18;}">
                <Coords points="1264,1199 1775,1209 1775,1163 1621,1174 1536,1159 1474,1174 1264,1160"/>
                <Baseline points="1269,1191 1294,1191 1319,1191 1344,1191 1369,1191 1394,1191 1419,1191 1444,1191 1469,1191 1494,1191 1519,1191 1544,1190 1569,1190 1594,1190 1619,1190 1644,1190 1669,1190 1694,1190 1719,1188 1744,1188 1770,1188"/>
                <TextEquiv>
                    <Unicode>secundum, quod primo praemittit or¬</Unicode>
                </TextEquiv>
            </TextLine>
            <TextLine id="line_1603288600596_1221" custom="readingOrder {index:19;}">
                <Coords points="1243,1209 1770,1208 1769,1241 1732,1249 1243,1246"/>
                <Baseline points="1243,1223 1251,1224 1288,1226 1324,1227 1361,1227 1398,1229 1434,1229 1471,1230 1507,1230 1544,1230 1581,1230 1617,1230 1654,1230 1690,1230 1727,1229 1764,1229"/>
                <TextEquiv>
                    <Unicode>dinem de dicendis. Secundo pro</Unicode>
                </TextEquiv>
            </TextLine>
            <TextLine id="r3l29" custom="readingOrder {index:20;}">
                <Coords points="930,1277 1773,1287 1751,1237 930,1244"/>
                <Baseline points="935,1269 976,1269 1018,1269 1059,1269 1101,1269 1143,1269 1184,1269 1226,1269 1267,1269 1309,1269 1351,1269 1392,1268 1434,1268 1475,1268 1517,1268 1559,1268 1600,1268 1642,1268 1683,1268 1725,1268 1767,1268"/>
                <TextEquiv>
                    <Unicode>sequitur de eis ibi, Causa &amp; origo. Et haec in duas: quia</Unicode>
                </TextEquiv>
            </TextLine>
            <TextLine id="r3l30" custom="readingOrder {index:21;}">
                <Coords points="946,1317 1770,1317 1770,1287 1691,1277 946,1284"/>
                <Baseline points="951,1308 991,1308 1032,1308 1072,1308 1113,1308 1154,1308 1194,1307 1235,1307 1276,1307 1316,1307 1357,1307 1398,1307 1438,1307 1479,1307 1520,1307 1560,1307 1601,1307 1642,1307 1682,1307 1723,1307 1764,1308"/>
                <TextEquiv>
                    <Unicode>rimo tractat succincte de iam dicti peccati radice. Secun</Unicode>
                </TextEquiv>
            </TextLine>
            <TextLine id="r3l31" custom="readingOrder {index:22;}">
                <Coords points="931,1354 1662,1365 1763,1354 1763,1315 931,1327"/>
                <Baseline points="936,1346 977,1346 1018,1347 1059,1347 1100,1347 1141,1347 1182,1347 1223,1347 1264,1346 1305,1346 1347,1346 1388,1346 1429,1346 1470,1346 1511,1346 1552,1346 1593,1346 1634,1346 1675,1346 1716,1346 1758,1347"/>
                <TextEquiv>
                    <Unicode>do de huiusmodi radice prosequitur Magister extense i¬</Unicode>
                </TextEquiv>
            </TextLine>
            <TextLine id="r3l32" custom="readingOrder {index:23;}">
                <Coords points="940,1401 1767,1390 1754,1354 940,1356"/>
                <Baseline points="945,1386 985,1386 1026,1386 1067,1386 1108,1385 1149,1385 1189,1385 1230,1385 1271,1385 1312,1385 1353,1386 1393,1386 1434,1386 1475,1386 1516,1386 1557,1386 1597,1385 1638,1385 1679,1385 1720,1385 1761,1385"/>
                <TextEquiv>
                    <Unicode>bi, Post praedicta de voluntate. Prima in duas: quia pri¬</Unicode>
                </TextEquiv>
            </TextLine>
            <TextLine id="r3l33" custom="readingOrder {index:24;}">
                <Coords points="937,1433 1606,1446 1766,1433 1766,1394 937,1401"/>
                <Baseline points="942,1424 985,1424 1028,1424 1071,1424 1114,1424 1157,1424 1200,1424 1243,1424 1286,1424 1329,1424 1373,1424 1416,1424 1459,1424 1502,1424 1545,1424 1588,1424 1631,1424 1674,1424 1717,1424 1761,1424"/>
                <TextEquiv>
                    <Unicode>mo Magister tractat de peccato habendo respectum ad</Unicode>
                </TextEquiv>
            </TextLine>
            <TextLine id="r3l34" custom="readingOrder {index:25;}">
                <Coords points="945,1480 1769,1481 1769,1444 1728,1426 945,1433"/>
                <Baseline points="950,1464 990,1464 1031,1463 1071,1463 1112,1463 1153,1463 1193,1463 1234,1463 1275,1463 1315,1463 1356,1463 1397,1463 1437,1463 1478,1463 1519,1463 1559,1463 1600,1463 1641,1463 1681,1464 1722,1464 1763,1464"/>
                <TextEquiv>
                    <Unicode>eccati defectum. Secundo habendo respectum ad ipsius</Unicode>
                </TextEquiv>
            </TextLine>
            <TextLine id="r3l35" custom="readingOrder {index:26;}">
                <Coords points="938,1508 1763,1515 1763,1484 1725,1472 938,1481"/>
                <Baseline points="944,1503 984,1503 1025,1503 1066,1503 1106,1503 1147,1502 1188,1502 1228,1502 1269,1502 1310,1502 1351,1502 1391,1502 1432,1502 1473,1503 1513,1503 1554,1503 1595,1503 1635,1503 1676,1503 1717,1502 1758,1502"/>
                <TextEquiv>
                    <Unicode>peccati actum, ibi, Post haec videndum est &amp;c. Prima in</Unicode>
                </TextEquiv>
            </TextLine>
            <TextLine id="r3l36" custom="readingOrder {index:27;}">
                <Coords points="936,1553 1717,1560 1765,1553 1765,1512 936,1518"/>
                <Baseline points="941,1541 984,1541 1027,1541 1070,1541 1113,1541 1156,1541 1199,1541 1242,1541 1285,1541 1328,1541 1372,1541 1415,1541 1458,1541 1501,1541 1544,1541 1587,1541 1630,1541 1673,1541 1716,1541 1760,1541"/>
                <TextEquiv>
                    <Unicode>duas, quia primo osteci radicem &amp; causam peccati, a qua</Unicode>
                </TextEquiv>
            </TextLine>
            <TextLine id="r3l37" custom="readingOrder {index:28;}">
                <Coords points="924,1592 1756,1596 1756,1552 924,1548"/>
                <Baseline points="930,1581 971,1580 1012,1580 1053,1580 1094,1580 1135,1580 1176,1580 1217,1580 1258,1580 1299,1580 1340,1580 1381,1580 1422,1580 1463,1581 1504,1581 1545,1580 1586,1580 1627,1580 1668,1580 1709,1580 1751,1580"/>
                <TextEquiv>
                    <Unicode>habet esse. Secundo ostendit causam, in qua habet esse</Unicode>
                </TextEquiv>
            </TextLine>
            <TextLine id="r3l38" custom="readingOrder {index:29;}">
                <Coords points="928,1636 1759,1632 1759,1601 1674,1590 928,1594"/>
                <Baseline points="933,1620 974,1619 1015,1619 1056,1619 1097,1619 1138,1619 1179,1619 1220,1619 1261,1619 1302,1619 1343,1619 1384,1619 1425,1620 1466,1620 1507,1620 1548,1620 1589,1620 1630,1620 1671,1620 1712,1619 1754,1619"/>
                <TextEquiv>
                    <Unicode>ibi, Ostensa igitur origine. Et haec in tres: quia primo mo</Unicode>
                </TextEquiv>
            </TextLine>
            <TextLine id="r3l39" custom="readingOrder {index:30;}">
                <Coords points="931,1673 1772,1676 1772,1638 1697,1628 931,1639"/>
                <Baseline points="936,1658 977,1658 1019,1658 1060,1658 1102,1658 1143,1658 1185,1658 1226,1658 1268,1658 1309,1658 1351,1658 1393,1658 1434,1658 1476,1658 1517,1658 1559,1658 1600,1658 1642,1658 1683,1658 1725,1658 1767,1658"/>
                <TextEquiv>
                    <Unicode>uet quaestionem, &amp; subdit eius determinationem. Secun</Unicode>
                </TextEquiv>
            </TextLine>
            <TextLine id="r3l40" custom="readingOrder {index:31;}">
                <Coords points="936,1706 1766,1709 1766,1677 1714,1666 936,1670"/>
                <Baseline points="941,1698 982,1698 1023,1697 1064,1697 1105,1697 1146,1697 1187,1697 1228,1698 1269,1698 1310,1698 1351,1698 1392,1698 1433,1698 1474,1698 1515,1698 1556,1698 1597,1698 1638,1698 1679,1698 1720,1697 1761,1697"/>
                <TextEquiv>
                    <Unicode>do adducit contrariam obiectionem. Et tertio secudum</Unicode>
                </TextEquiv>
            </TextLine>
            <TextLine id="r3l41" custom="readingOrder {index:32;}">
                <Coords points="930,1748 1675,1755 1769,1747 1769,1707 930,1714"/>
                <Baseline points="936,1737 977,1736 1018,1736 1060,1736 1101,1736 1142,1736 1184,1736 1225,1737 1266,1737 1308,1737 1349,1737 1390,1737 1432,1737 1473,1737 1514,1737 1556,1737 1597,1737 1638,1737 1680,1737 1721,1736 1763,1736"/>
                <TextEquiv>
                    <Unicode>Augustinum illius obiectionis ponit solutionem. Secunda</Unicode>
                </TextEquiv>
            </TextLine>
            <TextLine id="r3l42" custom="readingOrder {index:33;}">
                <Coords points="927,1786 1772,1792 1772,1745 927,1746"/>
                <Baseline points="932,1775 973,1775 1015,1775 1057,1776 1098,1776 1140,1776 1182,1776 1223,1776 1265,1776 1307,1776 1349,1776 1390,1776 1432,1776 1474,1776 1515,1776 1557,1776 1599,1776 1640,1776 1682,1776 1724,1775 1766,1775"/>
                <TextEquiv>
                    <Unicode>ibi, Ad hoc autem Teri ia ibi, Hoc autem Augustinus in li</Unicode>
                </TextEquiv>
            </TextLine>
            <TextLine id="r3l43" custom="readingOrder {index:34;}">
                <Coords points="936,1823 1770,1823 1743,1785 936,1788"/>
                <Baseline points="941,1814 982,1814 1023,1814 1064,1814 1105,1814 1146,1814 1187,1814 1229,1814 1270,1815 1311,1815 1352,1815 1393,1815 1434,1815 1475,1815 1517,1814 1558,1814 1599,1814 1640,1814 1681,1814 1722,1812 1764,1812"/>
                <TextEquiv>
                    <Unicode>bro eodem. Prima in tres: quia primo ostendit, quod in</Unicode>
                </TextEquiv>
            </TextLine>
            <TextLine id="r3l44" custom="readingOrder {index:35;}">
                <Coords points="936,1867 1754,1871 1769,1824 936,1829"/>
                <Baseline points="941,1853 982,1853 1023,1853 1064,1853 1105,1853 1146,1853 1187,1853 1229,1853 1270,1853 1311,1853 1352,1853 1393,1853 1434,1853 1475,1853 1517,1853 1558,1853 1599,1853 1640,1853 1681,1853 1722,1853 1764,1854"/>
                <TextEquiv>
                    <Unicode>bono fundatur malum, vecundo, quod idem potest dici</Unicode>
                </TextEquiv>
            </TextLine>
            <TextLine id="r3l45" custom="readingOrder {index:36;}">
                <Coords points="930,1905 1770,1901 1770,1867 1655,1858 930,1861"/>
                <Baseline points="935,1892 976,1892 1017,1892 1059,1892 1100,1892 1142,1892 1183,1893 1225,1893 1266,1893 1308,1893 1349,1893 1390,1893 1432,1893 1473,1893 1515,1893 1556,1893 1598,1893 1639,1892 1681,1892 1722,1891 1764,1890"/>
                <TextEquiv>
                    <Unicode>bonum, &amp; malum. Tertio asserit, quod in his fallit quae¬</Unicode>
                </TextEquiv>
            </TextLine>
            <TextLine id="r3l46" custom="readingOrder {index:37;}">
                <Coords points="933,1939 1767,1939 1767,1901 1729,1899 934,1903"/>
                <Baseline points="939,1931 980,1931 1021,1931 1062,1931 1103,1931 1144,1931 1185,1931 1226,1931 1267,1931 1308,1931 1350,1931 1391,1932 1432,1932 1473,1932 1514,1932 1555,1932 1596,1932 1637,1932 1678,1932 1719,1931 1761,1931"/>
                <TextEquiv>
                    <Unicode>dam regula contrariorum. Secunda ibi, Ex quo sensu. Ter</Unicode>
                </TextEquiv>
            </TextLine>
            <TextLine id="r3l47" custom="readingOrder {index:38;}">
                <Coords points="930,1984 1769,1995 1762,1942 930,1944"/>
                <Baseline points="935,1970 976,1970 1017,1970 1059,1970 1100,1971 1142,1971 1183,1971 1224,1971 1266,1971 1307,1973 1349,1973 1390,1973 1431,1973 1473,1973 1514,1973 1556,1973 1597,1973 1638,1973 1680,1973 1721,1973 1763,1973"/>
                <TextEquiv>
                    <Unicode>tia ibi, ldeoque in his contrarijs. Circa istam. 34. dist. quae</Unicode>
                </TextEquiv>
            </TextLine>
            <TextLine id="r3l48" custom="readingOrder {index:39;}">
                <Coords points="931,2021 987,2030 1031,2018 1065,2037 1136,2017 1156,2027 1236,2024 1235,1983 1226,1979 1179,1989 1147,1977 1113,1990 1073,1980 1058,1989 979,1978 963,1989 930,1985"/>
                <Baseline points="936,2013 962,2012 989,2012 1016,2010 1042,2010 1069,2009 1096,2009 1123,2009 1149,2009 1176,2010 1203,2010 1230,2010"/>
                <TextEquiv>
                    <Unicode>ro hanc quaestionem</Unicode>
                </TextEquiv>
            </TextLine>
            <TextLine id="line_1603288659998_1263" custom="readingOrder {index:40;}">
                <Coords points="1223,2059 1252,2052 1492,2052 1501,2053 1506,2130 1484,2134 1469,2135 1450,2135 1244,2134 1225,2129"/>
                <Baseline points="1230,2109 1258,2108 1287,2106 1315,2106 1344,2106 1454,2108 1499,2105"/>
                <TextEquiv>
                    <Unicode>Quastio 1.</Unicode>
                </TextEquiv>
            </TextLine>
            <TextLine id="r3l51" custom="readingOrder {index:41;}">
                <Coords points="1110,2214 1566,2217 1583,2213 1583,2172 1110,2175"/>
                <Baseline points="1115,2202 1140,2202 1166,2201 1192,2201 1217,2201 1243,2201 1269,2202 1295,2202 1320,2202 1346,2203 1372,2204 1397,2204 1423,2204 1449,2204 1475,2204 1500,2204 1526,2202 1552,2202 1578,2201"/>
                <TextEquiv>
                    <Unicode>An malum causetur a bono</Unicode>
                </TextEquiv>
            </TextLine>
            <TextLine id="r3l59" custom="readingOrder {index:42;}">
                <Coords points="942,2561 1766,2571 1766,2522 942,2527"/>
                <Baseline points="947,2547 987,2550 1028,2552 1068,2553 1109,2554 1150,2555 1190,2555 1231,2556 1272,2556 1312,2556 1353,2556 1394,2556 1434,2556 1475,2555 1516,2555 1556,2555 1597,2555 1638,2555 1678,2555 1719,2556 1760,2556"/>
                <TextEquiv>
                    <Unicode>VVTRVM malum causetur a bono. Et videtur, quod</Unicode>
                </TextEquiv>
            </TextLine>
            <TextLine id="r3l61" custom="readingOrder {index:43;}">
                <Coords points="1023,2602 1747,2608 1764,2567 1024,2567"/>
                <Baseline points="1029,2591 1065,2591 1101,2592 1138,2592 1174,2592 1211,2592 1247,2592 1284,2592 1320,2594 1357,2594 1393,2594 1429,2594 1466,2594 1502,2594 1539,2594 1575,2595 1612,2595 1648,2595 1685,2595 1721,2594 1758,2594"/>
                <TextEquiv>
                    <Unicode>non : quia omnis effectus aliquo modo assimilatu</Unicode>
                </TextEquiv>
            </TextLine>
            <TextLine id="r3l62" custom="readingOrder {index:44;}">
                <Coords points="927,2639 1769,2641 1769,2609 1712,2602 927,2600"/>
                <Baseline points="932,2631 973,2631 1015,2631 1056,2631 1098,2631 1140,2632 1181,2633 1223,2633 1264,2633 1306,2633 1348,2633 1389,2634 1431,2634 1472,2634 1514,2634 1556,2634 1597,2634 1639,2634 1680,2634 1722,2633 1764,2633"/>
                <TextEquiv>
                    <Unicode>suae causae: sed malum in nullo assimilatur bono: &amp;c. Ma¬</Unicode>
                </TextEquiv>
            </TextLine>
            <TextLine id="r3l63" custom="readingOrder {index:45;}">
                <Coords points="928,2687 1775,2690 1760,2643 928,2640"/>
                <Baseline points="933,2669 974,2669 1016,2670 1058,2670 1100,2670 1142,2670 1183,2670 1225,2671 1267,2672 1309,2672 1351,2672 1392,2672 1434,2672 1476,2673 1518,2673 1560,2673 1601,2673 1643,2673 1685,2673 1727,2673 1769,2673"/>
                <TextEquiv>
                    <Unicode>ior patet: quia quae sunt causatorum preinsunt suis causis, </Unicode>
                </TextEquiv>
            </TextLine>
            <TextLine id="r3l64" custom="readingOrder {index:46;}">
                <Coords points="928,2715 1766,2722 1766,2688 1708,2681 928,2687"/>
                <Baseline points="933,2708 974,2709 1015,2709 1057,2709 1098,2709 1140,2709 1181,2709 1222,2711 1264,2711 1305,2711 1347,2711 1388,2711 1429,2711 1471,2711 1512,2711 1554,2712 1595,2712 1636,2712 1678,2712 1719,2711 1761,2711"/>
                <TextEquiv>
                    <Unicode>vt patet in libello de causis, &amp; per consequens assimilan¬</Unicode>
                </TextEquiv>
            </TextLine>
            <TextLine id="r3l65" custom="readingOrder {index:47;}">
                <Coords points="944,2757 1772,2764 1772,2725 1715,2718 944,2732"/>
                <Baseline points="950,2748 990,2748 1031,2747 1072,2747 1113,2747 1154,2747 1195,2748 1235,2748 1276,2748 1317,2749 1358,2750 1399,2750 1440,2751 1481,2751 1521,2751 1562,2751 1603,2751 1644,2751 1685,2751 1726,2750 1767,2750"/>
                <TextEquiv>
                    <Unicode>tur eis. Minor autem videtur esse nota: quia vnum contra</Unicode>
                </TextEquiv>
            </TextLine>
            <TextLine id="r3l66" custom="readingOrder {index:48;}">
                <Coords points="927,2800 1766,2803 1744,2759 928,2756"/>
                <Baseline points="933,2786 974,2786 1015,2787 1057,2787 1098,2787 1140,2787 1181,2787 1222,2789 1264,2789 1305,2789 1347,2789 1388,2789 1429,2790 1471,2790 1512,2790 1554,2790 1595,2790 1636,2790 1678,2790 1719,2789 1761,2789"/>
                <TextEquiv>
                    <Unicode>riorum non assimilatur alteri, cum maxime a se inuicen</Unicode>
                </TextEquiv>
            </TextLine>
            <TextLine id="r3l67" custom="readingOrder {index:49;}">
                <Coords points="943,2838 1778,2854 1778,2804 1729,2798 943,2797"/>
                <Baseline points="948,2825 989,2825 1030,2826 1071,2826 1113,2826 1154,2826 1195,2828 1236,2828 1278,2829 1319,2829 1360,2829 1401,2829 1443,2830 1484,2831 1525,2831 1566,2831 1608,2829 1649,2829 1690,2829 1731,2828 1773,2828"/>
                <TextEquiv>
                    <Unicode>distent, vt patet in praedicam entis: sed bonum, &amp; malum</Unicode>
                </TextEquiv>
            </TextLine>
            <TextLine id="r3l68" custom="readingOrder {index:50;}">
                <Coords points="938,2883 1007,2872 1207,2885 1272,2871 1391,2882 1391,2844 1320,2836 1250,2847 939,2836"/>
                <Baseline points="944,2865 970,2864 996,2864 1022,2864 1048,2864 1074,2864 1100,2864 1126,2865 1152,2865 1178,2865 1204,2865 1230,2867 1256,2867 1282,2867 1308,2868 1334,2868 1360,2868 1386,2868"/>
                <TextEquiv>
                    <Unicode>sunt contraria, vt patet ibidem</Unicode>
                </TextEquiv>
            </TextLine>
            <TextLine id="r3l69" custom="readingOrder {index:51;}">
                <Coords points="982,2915 1654,2926 1763,2916 1763,2874 982,2878"/>
                <Baseline points="987,2903 1025,2903 1064,2904 1102,2904 1141,2906 1179,2906 1218,2906 1256,2906 1295,2907 1333,2907 1372,2907 1411,2907 1449,2907 1488,2907 1526,2907 1565,2907 1603,2906 1642,2906 1680,2906 1719,2906 1758,2906"/>
                <TextEquiv>
                    <Unicode>Contra illud, quod praecise originatur ex aliquo, ho</Unicode>
                </TextEquiv>
            </TextLine>
            <TextLine id="r3l70" custom="readingOrder {index:52;}">
                <Coords points="941,2956 1719,2964 1778,2956 1778,2915 941,2925"/>
                <Baseline points="947,2945 988,2943 1029,2943 1070,2943 1112,2944 1153,2945 1194,2945 1235,2945 1277,2945 1318,2945 1359,2945 1400,2945 1442,2946 1483,2946 1524,2946 1565,2946 1607,2946 1648,2946 1689,2946 1730,2945 1772,2945"/>
                <TextEquiv>
                    <Unicode>causatur ex illo: sed Augustinus dicit in Enchirid. quod</Unicode>
                </TextEquiv>
            </TextLine>
            <TextLine id="r3l71" custom="readingOrder {index:53;}">
                <Coords points="939,2998 1717,3002 1785,2995 1785,2953 939,2962"/>
                <Baseline points="944,2984 985,2982 1027,2982 1069,2982 1111,2982 1152,2982 1194,2982 1236,2982 1278,2984 1319,2984 1361,2984 1403,2985 1445,2985 1486,2985 1528,2985 1570,2985 1612,2985 1653,2985 1695,2984 1737,2984 1779,2982"/>
                <TextEquiv>
                    <Unicode>malum non potest oriri nisi ex bono. Hic quattuor sunt</Unicode>
                </TextEquiv>
            </TextLine>
            <TextLine id="r3l72" custom="readingOrder {index:54;}">
                <Coords points="935,3040 1772,3042 1772,2998 1684,2992 936,3001"/>
                <Baseline points="941,3021 982,3021 1023,3021 1064,3021 1106,3021 1147,3021 1188,3021 1230,3021 1271,3022 1312,3023 1354,3023 1395,3023 1436,3024 1477,3024 1519,3024 1560,3024 1601,3024 1643,3024 1684,3024 1725,3024 1767,3023"/>
                <TextEquiv>
                    <Unicode>videnda. Primo, vtrum malum dicat aliquam naturan</Unicode>
                </TextEquiv>
            </TextLine>
            <TextLine id="r3l73" custom="readingOrder {index:55;}">
                <Coords points="939,3082 1774,3074 1774,3038 1739,3033 939,3037"/>
                <Baseline points="944,3062 985,3061 1026,3060 1067,3060 1109,3060 1150,3060 1191,3060 1232,3060 1274,3060 1315,3062 1356,3062 1397,3063 1439,3063 1480,3063 1521,3063 1562,3065 1604,3065 1645,3063 1686,3063 1727,3062 1769,3062"/>
                <TextEquiv>
                    <Unicode>posituam. Secundo de eo, quod quaeritur. Tertio, vtrum</Unicode>
                </TextEquiv>
            </TextLine>
            <TextLine id="r3l74" custom="readingOrder {index:56;}">
                <Coords points="943,3111 1714,3122 1781,3115 1781,3074 943,3083"/>
                <Baseline points="948,3101 989,3099 1030,3099 1072,3099 1113,3099 1155,3099 1196,3099 1237,3101 1279,3101 1320,3101 1362,3102 1403,3102 1444,3104 1486,3104 1527,3104 1569,3104 1610,3104 1651,3104 1693,3102 1734,3102 1776,3101"/>
                <TextEquiv>
                    <Unicode>malum culpae possit corrumpere totum bonum. Et quar¬</Unicode>
                </TextEquiv>
            </TextLine>
            <TextLine id="r3l75" custom="readingOrder {index:57;}">
                <Coords points="939,3165 1301,3151 1439,3169 1552,3150 1628,3169 1657,3153 1657,3112 939,3119"/>
                <Baseline points="945,3143 980,3143 1015,3141 1051,3141 1086,3141 1121,3141 1157,3141 1192,3141 1227,3141 1263,3143 1298,3143 1333,3143 1369,3143 1404,3143 1439,3143 1475,3144 1510,3144 1545,3144 1581,3144 1616,3144 1652,3144"/>
                <TextEquiv>
                    <Unicode>to, vtrum possibile sit esse aliquod purum malum</Unicode>
                </TextEquiv>
            </TextLine>
            <TextEquiv>
                <Unicode>tamen aeternam poenam patientur propter peccatum ori
ginale, &amp; non propter peccata proximotum parentum.
Ad argumentum principale dicendum, quod quamuis
maior sit vera de poena per se, non ta men de pena per ac
cidens,
Alias sic inuenitur. Dicendum, quod quamuis maior
sit vera de effectu per se: non tamen est vera de effectu per
accidens, sed sicut patuit in 1 art, non quaelibet poena es
effectus per se originalis peccati.
DISTINCTIO xxxIII1
Absoluta huiu¬ distinctionis duisio in qua de actua¬
li culpa peragitir.
OST PRADICTA &amp;c. Pof¬
quam Magister determinauit di
peccato paruulorum, quod dicitui
originale, hic prosequitur de pec¬
cato adultorum, quod dicitur a¬
ctuale. Et diuiditur in duas partes
secundum, quod primo praemittit or¬
dinem de dicendis. Secundo pro
sequitur de eis ibi, Causa &amp; origo. Et haec in duas: quia
rimo tractat succincte de iam dicti peccati radice. Secun
do de huiusmodi radice prosequitur Magister extense i¬
bi, Post praedicta de voluntate. Prima in duas: quia pri¬
mo Magister tractat de peccato habendo respectum ad
eccati defectum. Secundo habendo respectum ad ipsius
peccati actum, ibi, Post haec videndum est &amp;c. Prima in
duas, quia primo osteci radicem &amp; causam peccati, a qua
habet esse. Secundo ostendit causam, in qua habet esse
ibi, Ostensa igitur origine. Et haec in tres: quia primo mo
uet quaestionem, &amp; subdit eius determinationem. Secun
do adducit contrariam obiectionem. Et tertio secudum
Augustinum illius obiectionis ponit solutionem. Secunda
ibi, Ad hoc autem Teri ia ibi, Hoc autem Augustinus in li
bro eodem. Prima in tres: quia primo ostendit, quod in
bono fundatur malum, vecundo, quod idem potest dici
bonum, &amp; malum. Tertio asserit, quod in his fallit quae¬
dam regula contrariorum. Secunda ibi, Ex quo sensu. Ter
tia ibi, ldeoque in his contrarijs. Circa istam. 34. dist. quae
ro hanc quaestionem
Quastio 1.
An malum causetur a bono
VVTRVM malum causetur a bono. Et videtur, quod
non : quia omnis effectus aliquo modo assimilatu
suae causae: sed malum in nullo assimilatur bono: &amp;c. Ma¬
ior patet: quia quae sunt causatorum preinsunt suis causis, 
vt patet in libello de causis, &amp; per consequens assimilan¬
tur eis. Minor autem videtur esse nota: quia vnum contra
riorum non assimilatur alteri, cum maxime a se inuicen
distent, vt patet in praedicam entis: sed bonum, &amp; malum
sunt contraria, vt patet ibidem
Contra illud, quod praecise originatur ex aliquo, ho
causatur ex illo: sed Augustinus dicit in Enchirid. quod
malum non potest oriri nisi ex bono. Hic quattuor sunt
videnda. Primo, vtrum malum dicat aliquam naturan
posituam. Secundo de eo, quod quaeritur. Tertio, vtrum
malum culpae possit corrumpere totum bonum. Et quar¬
to, vtrum possibile sit esse aliquod purum malum</Unicode>
            </TextEquiv>
        </TextRegion>
    </Page>
</PcGts>
