2393 3555
265 274 1067 345 Et confirmatur. Quia secundum formale repugnantiam
223 335 1076 387 odium tollit caritate, de speratio spe, & infidelitas fidem; ergo
225 371 1071 425 non Seper maius malum tollit maius bonum Antecdens pate
220 420 1070 470 consequentia probatur ex hoc: quia odium est minus mo
224 450 1076 512 lum, quam desperatio, vel infidelitas: & caritas est maius
223 486 617 545 bonum, quam spes, & fides
254 527 663 583 Sed ista non concludunt
251 548 1073 627 1 Quia vel per peccatum aliquid deperditur de bono
219 615 1076 657 potentiae animae formaliter sibi conueniens, aut nihil. Si
219 655 1069 704 aliquid, tunc habetur propositum: quia totum composi¬
225 694 1069 737 tum, vel aggregatum dicitur corrumpi: quia corrumpitu
219 727 1076 773 sua formalis perfectio: nam albus homo corrumpitur, quam
213 773 1069 811 do albedo in eo corrumpitur. Si nihil, tunc aeque bonus
223 810 1076 860 esset homo post peccatum, sicut exstrit antequam peccauit.
252 850 1076 899 2 Praeterea, sicut se habet vitia corporis ad corpus, sic
220 881 1075 939 vitia animae ad animam: sed vitia corporis corrumput bo¬
216 928 1060 971 num perfectiuum corporis: ergo vitia animae, scilicet pec
212 969 1075 1009 cata corrumpunt potentias, & perfectiones animae. Et
218 1002 1067 1048 haec videtur esse intentio Augustini in Enchiridion, vb
213 1047 1077 1096 ait. Non est malum, nisi quia nocet, nec nocet, nisi quia
215 1083 509 1135 admittit: ergo &c.
257 1127 1073 1177 Ad primum igitur dicendum, quod natura, seu essentia
207 1155 1073 1210 animae, ac etiam potentiae, quae naturaliter fundatur in ea
209 1202 1073 1251 dupliciter possunt considerari. Vno modo, secundum se¬
219 1240 1064 1288 & sic intelligendum est, quod dictum est de eis in praece¬
211 1279 1064 1326 denti quaestione: sic enim nec tolluntur, nec diminuuntur
202 1323 1065 1364 Alio modo, ratione qua, perfectae sunt gratia & virtutibu
201 1364 1064 1412 & sic tam natura animae, quam etiam suae potentiae in pri
214 1401 1067 1443 senti quaestione dicuntur corrumpi per peccatum, inquan
202 1440 1077 1491 tum totum aggregatum dicitur corrumpi ad corruptionem
213 1480 1076 1528 partis, puta quando per peccatum perduntur gratia, & vir
202 1519 1070 1566 tutes. Sicut etiam homo dicitur spiritualiter renouaris
210 1559 1074 1600 vel regenerari, quando per Dei misericordiam, gratia, &
207 1598 1073 1647 virtutes restituuntur homini penitenti. Secundum hunc
208 1638 1067 1686 etiam modum loquendi communiter dicitur, quod hu¬
211 1686 1070 1722 mana natura corrupta fuit per peccatum Adae: & eadem
204 1715 1013 1762 natura dicitur recreata, seu reformata merito Christi
252 1752 1070 1802 Et his bene intellectis, patet, quod nulla est contradi¬
208 1792 1061 1841 ctio in praemissis; quia peccatum non corrumpit naturan
211 1837 1077 1887 animae, quantum ad esse primarium, & naturale: sed quan
215 1873 1071 1921 tum ad esse secundarium, & perfectionale. Et eodem mo
217 1912 737 1964 do dico de potentijs i psius animae.
264 1949 1071 2008 Ad secundum dicendum, quod licet illud, quod corruptum
210 1995 1068 2037 est in se, & quantum ad esse primarium non manet idem
212 2029 1066 2077 specie: tamen illud, quod corrumpitur solum quantum ac
207 2078 1070 2122 esse secundarium, potest idem specie remanere; sicut pa¬
201 2111 815 2160 ret de homine al bo corrupta albedine.
253 2143 1064 2189 Ad tertium dicendum, quod corrumpitur ex aduenti
201 2197 1064 2239 contrarij, loquendo de contrarijs, prout de ipsis loquitu
206 2226 1067 2284 philosophus. 2. physico. vbi formam & priuationem dici
216 2265 417 2324 esse contraria
240 2301 1062 2358 Ad probationem dicendum, quod licet subiectum se
220 2345 1076 2398 cundum se consideratum, nec contrarietur formae, nec pri
206 2385 1064 2437 uationi opposite: tamen subiectum forma perfectum, se
219 2427 1076 2471 cundum quod perfectum est, contrariatur priuationi, vt. 1.
214 2465 1064 2519 Ohysico. loquitur philosophus de contrarijs. Et ideo cti
215 2500 1070 2554 lubiectum, vt sic acceptum dicitur corrumpi, quando cor¬
219 2545 1073 2594 rumpitur ipsa forma per aduentum priuationis oppositae.
222 2581 1066 2634 & per consequens anima perfecta gratia, & virtutibus di
219 2621 893 2676 citur corrumpi per aduentum ipsius peccati.
264 2660 1079 2715 Ad quartum dicendum, quod licet agens sua actione non
219 2697 1080 2746 corrumpat seipsum per se: tamen sepe cortumpit seipsum
213 2747 1076 2793 per accidens: sicut enim homo intemperatus corrumpit
221 2776 1074 2828 leipsum per accidens, iuxta illud Apostoli, qui autem for¬
217 2824 1068 2871 nicatur in corpus suum peccat, intendit enim per se dele¬
222 2854 1067 2912 ctationem, quam immoderate perquirens quandoque in
215 2896 1076 2951 currit mortem, & perdit vitam corporalem: sic etiam ani¬
219 2944 1078 2988 ma sua actione venenum peccati mortalis contrahens per¬
219 2977 553 3027 dit vitam spiritualem.
261 3008 1064 3059 Ad probationem maioris dicendum, quod licet subie
222 3051 1072 3099 ctum actu peccati aliquo modo perficiatur secundum bo
221 3103 1069 3143 num naturae, seu secundum genus entis: tamen secundum genus mo
229 3129 1073 3188 ris non perficitur eo: sed magis inficitur, & destruitur ipso
1155 278 2001 357 Forte dicetur, quod vtrumque contrariorum est aptum
1129 344 1977 384 natum inesse vicissim subiecto, & perficere ipsum maxi¬
1134 386 1975 432 me si ambo sunt entia positua: sed actus vitiosus, & actus
1135 424 1977 469 virtuosus sunt contrarij, & ambo dicunt ens positiuum: er
1127 462 1970 512 go vter que est aptus natus perficere animam, quae est sub¬
1122 497 1376 550 iectum vtriusque
1166 536 1983 589 Respondeo, quod maior istius instantiae, quamuis sit ve
1120 581 1968 625 ra de talibus contrarijs, quorum vtrumque conuenit sub
1122 615 1969 659 iecto secundum naturam, sicut eadem res perficitur cali¬
1120 654 1979 704 ditate, & frigiditate vicissim: tamen non est vera, quando
1121 692 1967 741 vnum inest subiecto secundum naturam: alterum autem
1112 732 1963 776 magis contra naturam, quam secundum naturam, quia tund
1120 772 1962 819 illud alterum non perficit, sed inficit: sic autem est in pro¬
1123 814 1974 859 posito, quia licet virtus insit homini secundum naturam,
1124 857 1973 900 vitium tamen inest ei magis contra naturam, quam secun
1113 888 1964 937 dum naturam, & ideo est corruptiuum naturae, & natura¬
1126 930 1754 980 lis potentiae, modo quo superius dictum est
1142 960 1966 1025 Ad quintum dicendum, quod actus peccati corrumpit non
1125 1005 1976 1046 praecise, vt est actus, nec praecise, vt est vitiosus, seu defe¬
1120 1046 1940 1088 ctuosus, sed simul coniunctum, vt. s est actus defectuosus
1153 1091 1964 1135 Ad sextum dicendum, quod per se loquendo maius pecca
1125 1123 1957 1175 tum maius bonum corrumpit, per accidens tamen quan¬
1123 1163 1970 1223 doque corrumpit minus, & ideo per se loquendo conse¬
1121 1203 1438 1257 quens non est falsum.
1127 1240 1961 1288 Ad primam probationem dicendum, quod secundum, vel
1123 1284 1971 1328 tertium peccatum non corrumpit bonum gratuitum, hoc
1122 1331 1964 1373 est per accidens, puta: quia non inuenit ipsum quantum
1119 1362 1963 1412 enim de se est, tunc peccatum sequens huiusmodi bonum
1112 1402 1968 1438 corrumperet, si seipsum inueniret, & quia ipsum non in¬
1126 1447 1962 1487 uenit, ideo habilitatem ad ipsum destruit secundum pro¬
1127 1485 1964 1524 portionem vitiosae suae qualitatis, puta maius peccatum
1122 1516 1968 1559 magis tollit de habilitate ad gratiam, & virtutes, quam¬
1122 1559 1966 1604 uis huiusmodi habilitas numquam totaliter tollatur vt
1112 1600 1718 1640 in praecedenti quaestione est declaratum.
1162 1624 1996 1685 Forte dicetur, quod istud non videtur esse verum, quia l
1113 1671 1954 1732 sicut se habet gratia ad habilitatem malam, sic se habe
1122 1721 1961 1761 culpa ad habilitatem bonam, sed tanta potest alicui con¬
1112 1752 1963 1799 ferri gratia, etiam existenti in via, quod tollitur ab eo om
1116 1791 1951 1841 nis habilitas ad malum, sicut apparuit in virgine glorio
1120 1833 1958 1884 sa. Igitur ex opposito tantum potest in aliquo peccatori
1120 1869 1955 1921 crescere culpa, quod tollat totam habilitatem ad bonun
1144 1916 1995 1961 Respondeo, quod non est simile: quia habilitas ad ma¬
1123 1951 1964 1997 lum, puta fomes peccati fundatur in natura sensibili, & non
1124 1996 1964 2039 n natura perpetua, nec fuit a principo institutionis natu¬
1115 2033 1970 2079 rae: sed solum incepit esse a tempore destitutionis nature:
1116 2067 1967 2118 & ideo minorem habet stabilitatem, quamuis habilitas
1117 2112 1971 2159 ad bonum, quae radicata est in natura perpetua, & ab ipso
1120 2157 1880 2203 creatore cepit esse a principio institutionis naturae
1155 2184 1974 2233 Vnde etiam est aduertendum, quod ista habilitas ani¬
1122 2224 1982 2268 mae rationalis ad bonum potest dupliciter comparari.
1125 2266 1994 2317 Vno modo, ad naturam, in qua radicatur, & a qua oritur.
1128 2306 1969 2350 immediate. Et sic, vt dicunt aliqui sollemnes doctores hu
1119 2351 1964 2390 iusmodi habilitas non corrumpitur, nec minuitur: eo quod
1112 2388 1969 2433 illa natura, de qua immediate oritur, sit incorruptibilis, &
1116 2419 1964 2469 isto modo habilitas accipitur secundum suam essentiam
1114 2460 1964 2504 in ordine ad subiectum. Alio modo potest accipi secun¬
1119 2501 1957 2544 dum aptitudinalem essluentiam per comparationem ac
1125 2539 1964 2584 ctum, & sic minuitur & augetur: quia per bonum actum
1120 2583 1971 2630 voluntatis augetur, & disponitur ad gratiam : per malum
1123 2618 1967 2670 autem actum indisponitur, & elongatur ab ea: licet enim
1114 2658 1974 2707 illa habilitas secundum illud, quod est, non dependeat a
1123 2690 1971 2743 voluntate, eo quoe non oritur a subiecto mediante volunta¬
1122 2736 1960 2788 te, tamen in ordine ad actum a voluntate dependet: qui
1118 2778 1965 2818 reducitur ad actum, & complementum mediante volun¬
1123 2817 1965 2862 tate. Nam per opera voluntatis, siue sint opera elicita, si¬
1122 2853 1970 2908 ue imparata, tamquam mediantibus dispositonibus ad
1116 2892 1951 2943 huc actum, qui est gratia, huiusmodi habilitas reducitur
1114 2935 1967 2984 si tales operationes bonae fuerint, ac virtuosae vel a gratia
1123 2972 1970 3022 abducitur, & elogatur, si tales operationes fuerint vitiose¬
1122 3009 1968 3053 Ad confirmatione supradictae probationis, qua dicitur, quia
1119 3048 1963 3096 secundum formale repugnantiam &c. dicendum, quod
1129 3095 1965 3139 cum dicitur in antecedente, quod desperatio tollit
1124 3131 1964 3185 spem, hoc dupliciter potest intelligi. Vno modo, quod
