2352 3546
441 245 1312 308 est bonum du num, & est dare bonum excessum ab ani¬
429 303 1287 348 ma rationali, sicut bonum rerum sensibilium: ergo prae¬
435 344 1285 393 ter bonitatem Dei erit dare bouum aequale animae ratio¬
427 384 910 431 nali, quod ipsam poterit satiare.
477 411 1286 467 2 Praeterea, omnis virtus, seu potentia finitae capacita
434 459 1284 509 tis aliquo finito poterit satiari: sed capacitas animae ratio
442 494 1004 553 nalis est finita, cum sit creata, ergo &c.
474 529 1288 593 3 Praeterea, Inter obiectum, & potentiam debet esse
447 577 1227 626 proportio: sed infiniti ad finitum nulla est proportio.
461 618 1274 668 4 Praeterea, actus specificantur ex obiectis, vt patet:
437 648 1289 697 de anima, si ergo actus fruitionis haberet obiectum infini
428 695 1283 762 tum, tunc secundum suam speciem esset infinitus, quod
438 735 985 780 est impossibile, cum sit quid creatum.
469 771 1274 818 Item auctoritate sic. 1. Apostolus ad Philomcnem ait
444 813 884 865 Ego te frater fruar in domino,
466 839 1266 906 2 Item Augustinus. 9. de trini. ait. Inferiori vten¬
435 872 1277 944 dum est ad Deum: pari autem fruendum, sed in Deo.
428 933 1271 983 Et subdit. Nobis ergo & fratribus fruamur in domino¬
513 974 1271 1024 Item: ait ille sapiens. Hoc mihi bonum visum ess
431 1013 1064 1060 vt homo fruatur cum laetitia de labore suo
455 1048 1271 1104 4 Item Augustinus 83. quaest. ait. Frui dicimur ea
423 1092 1274 1144 re, de qua capimus voluptatem: sed de creaturis homi¬
435 1132 918 1175 nes capiunt voluptates, ergo &c
461 1151 1273 1214 ced ista non concludunt: quia perfecta fruitio, de qua
419 1195 1274 1253 ad praesens lequar, est actus beatificus. Sed secundum
427 1245 1280 1291 Hugo. de 8. Vict. in commento coeles. Hierar. Nihil nos
423 1287 1270 1336 pent beatos facere, nisi Deus scitso, qui nos ex nihilo fecit
421 1336 1273 1380 ergo nulla creatura poterit esse obiectum talis fruitionis.
432 1370 1278 1420 Ad primum dicendum, quod maior est vera in his, quae
426 1403 1280 1451 sunt eiusdem rationis, in alijs autem non: licet enim sit
419 1447 1277 1492 dare maiorem Angulum rectilineum Angulo contigen¬
423 1487 1278 1528 tiae intercepto inter diametrum, & semicirculum, puta
421 1521 1281 1567 Angulum obtusum, vel Angulum rectum, qui ambo sunt
417 1562 1272 1609 maiores eo: & minorem eo, puta Angulum acutum, num
425 1598 1275 1647 quam tamen poteris dare Angulum rectilineum aequa¬
427 1643 1271 1681 lem Angulo contingentiae, pro tanto, quia sunt diuersarum
423 1673 1265 1721 rationum; sic eodem modo in proposito. Posset etiam dici ad
426 1720 1269 1763 minorem, quod quamuis bonitas diuina entitatiue excedat non
428 1757 1275 1802 stram voiuntatem, non tamen oblectiue: est enim obiectiue
419 1796 1247 1844 capax bonitatis infinitae, licet non sub ratione infinita.
463 1834 947 1875 Et per idem patet ad secundum.
450 1876 1269 1924 Sed sorte dices, quod eadem ratione potest sua capaci¬
423 1914 1264 1957 tas quietari in bono finito, qua ratione quietatur in bo¬
414 1953 1265 1999 no infinito sub ratione finita: quia ratio, sub qua fit talis
422 1993 1051 2039 quietatio, illa principaliter est attendenda
449 2030 1268 2083 Respondeo, quod non est simile: quia quodcunque bo¬
408 2070 1275 2126 num finitum, quantumcunque sit excelleus cognitum,
418 2112 1266 2153 vel amatum ab anima rationali, hoc potest ipsa anima re¬
411 2144 1269 2194 ferre in maius bonum, & per consequens in ipso quiesce
415 2186 1262 2231 re non potest. Sed cum apprehendit bonum infinitum
409 2229 1272 2274 quamuis sub ratione finita, hoc in maius bonum; vel in
415 2265 1263 2308 aliud bonum reserre non potest, & ideo finaliter quiescet
413 2306 1257 2350 in eo. Quod autem anima rationalis omne bonum fini
418 2342 1265 2388 tum possit vlterius referre, probo: quia vel apprehendit
410 2383 1267 2428 illud bonum vt creatum, vel increatum, vel indifferenter se ha¬
408 2420 1253 2466 bens, dubitans an sit creatu, vel increatum. Si primo modo.
415 2466 1260 2507 tunc planum est, quod refert ipsum in suam causam, &
415 2502 1260 2549 non quiescet in eo: quia videns effectum, naturaliter de
421 2536 1265 2595 iderat videre suam causam. Si secundo modo, tunc ni¬
416 2578 1253 2629 hil intelligeret: quia falsum non contingit scire: quia non
421 2619 1259 2659 est, vt patet primo posteriorum. Si tertio modo, tunc nec
420 2655 1265 2715 sic quiescere posset, donec ad alteram partem suae dubita
407 2698 1261 2735 tionis determinate veniret.
435 2736 1260 2778 Ad tertium dicendum, quod obiectum sumptum sub
409 2772 1262 2825 ratione obiectali, det habere proportionem ad potentiam, sed
408 2818 1264 2860 quamuis infinitum sub ratione infinita non habeat pro¬
414 2856 1262 2908 portionem ad potentiam finitam, tamen sumptum sub
408 2896 1255 2937 ratione finita ci potorit proportionari.
462 2929 1260 2984 Ad quartum dicendum ad maiorem, quod actus speci¬
405 2960 1258 3017 ficantur ab obiectis, non absolute, sed ab obiectis sumptis
416 3009 1254 3055 sub rationibus obiectalibus, seu actus specificatur ab obio
415 3049 1263 3089 cto non absolute, aut quocunque, sed proprie & determi-
396 3089 1263 3151 nate accepto: puta ab obiecto sumpto sub ratione obie¬
1330 247 2177 310 ctali, qua finita existente, actus poterit esse finitus, non ob
1332 302 1802 357 stante infinita entitate obiecti.
1368 334 2191 390 Ad primas duas auctoritates patet per hoc, quod in vna¬
1326 384 2191 433 quaque subiungitur in domino: quia sicut ait Augusti¬
1328 428 2173 476 nus, in lib. 1. de doct. Christiana, cum homine in Deo
1327 459 1952 510 frueris, Deo potius, quam homine frueris.
1373 502 2171 551 Ad tertiam dicendum, quod ibi sapiens accipit frui aequi¬
1339 537 1726 591 oce scilicet pro delectari.
1365 576 2183 631 Ad quartam dicendum, quod proprie fruimur illa re, de
1330 619 2175 664 qua accipimus voluptatem, non quamcunque, sed perfe¬
1334 664 2170 711 ctam & beatificam. De alia autem loquendo voluptate, fruitio
1329 698 2180 746 sumctur, vel improprie, vel imperfecte, vel inordinate.
1367 739 2165 783 bed est quaedam adhuc opinio, quae praedictae videtui
1325 775 2170 820 obuiare veritati. Ponit enim praedicta opinio, quod Deo
1317 813 2168 866 fruemur in patria tanquam obiecto remoro, sed ipsa visio
1320 853 2172 900 ne Dei fruemur tanquam obiecto immediato ipsius bea¬
1329 898 2171 946 tae fruitionis. Ad cuius declarationem praemittit hanc di
1326 934 2184 979 uisionem, quod duplex est amor, scilicet amor beneuolentiae,
1336 979 2181 1024 uo amore amamus id, cui volumus aliquod bonum, vel
1318 1017 2172 1066 aliquam perfectionem, & est amor concupiscentiae, quo
1322 1055 2179 1094 amamus id, quod nobis, vel amicis nostris volumus. His
1327 1091 1634 1141 praemissis arguunt sic
1346 1132 2176 1179 1 Immediatum obiectum amoris concupiscentiae non
1334 1171 2177 1214 otest esse res distincta a concupiscente ista patet: quia ni¬
1317 1210 2171 1262 hil est nobis bonum nisi inquantum nobis est coniunctum.
1322 1249 2164 1298 Obiectum autem amoris concupiscentiae est bonum, quod
1314 1294 2174 1340 concupiscens appetit sibi: sed fruitio est quidam amor con
1314 1328 2177 1369 cupiscentiae, ergo Deus non potest esse immediatum ob¬
1332 1369 2162 1411 ectu fruitionis, secundum quoe subiecto est distinctus a nobis.
1321 1404 2171 1449 lmmediatum ergo obiectum fruitionis erit actus visionis
1323 1445 2168 1500 diuinae: secundum quem Deus est coniunctus nobis. Quod
1320 1484 2175 1529 autem fruitio sit amor concupiscentiae, probant dupliciter.
1361 1523 2162 1575 Primo, quia delectatio de Deo habita correspondet
1322 1564 2170 1609 desiderio de Deo habendo: sed per actum desiderij non
1316 1603 2171 1648 desideramus aliquid Deo, sed nobis, & per consequens
1324 1640 2169 1692 desideramus amore concupiscentiae, ergo & delectatio si¬
1324 1680 1862 1725 se fruitio erit amor concupiscentiae.
1349 1716 2174 1765 Secundo quia amor, cuius obiectum est bonum dele¬
1308 1758 2168 1807 ctabile, & vtile, est amor concupiscentiae: sed fruitio est hu
1314 1799 1595 1848 iusmodi, ergo &c
1324 1842 2190 1879 2 Praeterea, idem est obiectum immediatum delecta¬
1317 1880 2172 1925 tionis sequentis, & desiderij praecedentis: sed obiectum
1309 1915 2158 1961 desiderij praecedentis non est Deus immediate, sed aliquis
1320 1958 2176 2000 ctus, quo attingitur Deus quod patet, quia obiectum de
1310 1997 2162 2055 sideri; est aliquid futurum, Deus autem secundum se non
1309 2037 2001 2083 est futurus, sed eius visio est nobis futura, ergo.
1324 2086 2181 2133 3 Praeterea, omnis amor habet aliquid complexum,
1313 2112 2171 2158 pro obiecto: sed Deus non est aliquid complexum, er-
1313 2151 2165 2204 go &c. Maior patet ex praecedentibus, quia amore conse¬
1309 2199 2171 2243 qui volumus aliquod bonum nobis, vel aliquod malum
1305 2231 2165 2276 elongari a nobis, ergo actus amoris sequitur actum intel¬
1313 2268 2158 2310 lectus componentis, & diuidentis, qui facit mentionem de pro
1314 2309 2139 2365 sequendo, vel fugiendo. Sed ista non credo esse vera
1339 2349 2156 2396 1 Quia actus perfectissimae caritatis transit directe, &
1308 2385 2171 2433 immediate super obiectum summe diligibile, sed actus
1302 2426 2159 2468 fruitionis est actus perfectissimae caritatis: & solus Deus
1305 2470 2164 2519 est obiectum summe diligibile, ergo actus fruitionis bea¬
1306 2507 2159 2551 tae non habebit visionem Dei: sed ipsum Deum pro im¬
1301 2546 2158 2597 mediato obiecto. Et confirmatur: quia quanto aliquid
1303 2587 2150 2637 est magis honum, tanto magis, & immediatius est diligibili
1303 2628 2162 2668 quia immediatius, & fortius poterit appetitum mouere:
1312 2663 2166 2725 ed Deus est summe bonus, ergo ipse est immediate, &
1308 2697 1582 2753 summne diligibilis.
1324 2717 2159 2785 2 Praeterea, actus perfectissimus voluntatis non est in ea,
1314 2776 2161 2832 quae sunt ad fine, sed immediate in vltimum fine: sed actus
1305 2815 2162 2861 fruitionis est perfectissimus actus voluntatis, vt infra pate
1307 2854 2165 2904 bit: ergo non tendet immediate in visionem: sed in Dei
1299 2894 2169 2935 bonitate. Visio enim illa cum sit creatura, non est vltimus
1302 2936 2156 2979 finis simpliciter: sed solus Deus est vltimus finis simplici¬
1299 2976 1887 3019 ter, omnis autem creatura est ad illum.
1345 2984 2159 3068 Et confirmatur: quia voluntas secundum se est ipsius finis
1301 3054 2159 3103 electio est eorum, quae sunt ad finem. Modo planum est,
1311 3102 2160 3155 ue actus fruitionis non est electio, ergo &c. lsta est etiam
