2354 3554
698 354 998 428 Quaestio.  s.
440 439 1216 515 An voluntas sua libertate possit simul plures
666 509 956 568 fines intendere.
687 901 1276 982 RVMi voluntas ex sua libertate possit si
678 962 1263 1023 mul plures fines intendere. Et videtur, quod
668 1014 1259 1054 non. Quia si plures fines simul intende¬
678 1043 1259 1092 ret, vel ambos intenderet aeque vltima
672 1080 1270 1134 te, & hoc est impossibile: quia vltimus fi
621 1121 1264 1169 ci nis secundum naturalem rationem iudi
426 1162 1264 1207 catur solum esse vnus, vt patet 12 metaphysic, vel neutrum
438 1202 1267 1254 intenderet vltimate, & tunc neutrum intenderet, vt fine
425 1244 1268 1298 quia hoc intenditur, vt finis, ad quod omnia cetera redu
427 1286 1271 1326 cuntur: vel vnum eorum intendit vltimate, & non alterum;
431 1319 1268 1377 & tunc solum vnum intendit per modum eius, quod est
432 1359 575 1410 ad finem.
468 1380 1267 1447 Contra, voluntas ratione suae libertatis potest aliqua
432 1432 1265 1491 plura bona intendere, antequam intellectus iudicet, vtrum
440 1474 1268 1526 vnum istorum sit eligendum propter alterum, vel ambo
437 1509 1271 1564 propter tertium: igitur potest in talia tedere, sicut in plu
426 1551 1268 1603 res fines. Antecedens satis notum esse videtur ex his, quae
438 1591 1258 1636 superius dicta sunt. Consequentia patet: quia illa inten
429 1631 1269 1685 duntur, vt fines, quorum neutrum intenditur propter al¬
443 1676 1274 1717 terum, nec ambo propter tertium Hic quattuor sunt vi¬
440 1713 1273 1756 denda. Primo vtrum libertas totius regni animae rationa
431 1747 1270 1801 lis principaliter habeat esse in ipsa voluntate. Secundo
436 1785 1235 1833 vtrum voluntas vnico suo actu libere tendat in finem
436 1831 1268 1878 & in ea, quae sunt ad finem. Tertio, vtrum bonitas talis
430 1864 1261 1914 actus sumatur principaliter a fine. Et quarto de princi¬
434 1905 611 1966 pali quesito.
603 1976 1100 2054 RESOLVTI O.
437 2117 1271 2179 Quoniam libertas per se voluntati congruit, vnico actu numero
479 2170 1272 2212 ertur in finem &x in ta quae sunt ad finem, a quo quide actus
468 2215 1171 2270 quilibet nancistitur, quit quid in se continet bonitatis.
564 2274 1154 2364 ARTICVLVS 1
462 2391 1220 2452 Vtrum libertas totius regni animae vationalis
596 2441 1098 2515 principaliter habeat esse in ip¬
734 2487 950 2561 sa voluntate
525 2587 1274 2630 VANTVM ad primum primo ponam conclu
442 2626 1269 2670 em sionem, quam credo esse veram. Secundo recita¬
426 2666 1265 2710 bo opiniones ei contrarias cum suis motiuis. Et tertio ad
419 2706 684 2761 ipsa respondebo.
460 2742 1269 2794 Dico igitur primo, quod libertas formaliter, seu per
425 2783 1062 2836 se, & principaliter conuenit ipsi voluntati.
455 2833 1270 2868 1 Quia potentia, cui ex propria potestate conuenit de
432 2864 1259 2910 terminare electionem, principaliter, & formaliter est li¬
435 2901 1264 2949 bera: sed voluntati ex sua propria potestate, seu auctorita
432 2942 1256 2991 te conuenit determinatio omnis nostrae electionis, vt pro
428 2980 1262 3032 tet per Ans in lib de concordia praescientiae Dei cum li¬
429 3017 640 3069 bero arbitrio
465 3055 1274 3102 2 Praeterea, illa potentia est principaliter libera, cui
429 3098 1264 3137 omnes potentiae, tam cognitiuae, quam appetitiuae de iu¬
435 3138 1261 3197 te naturali tenentur obedire, voluntas est huiusmodi, quia
1298 287 2159 353 sicut ait gern. libro de libero arbitrio. Quicquid non ha¬
1311 348 2150 394 bet voluntarii assensus libertatem, proculdubio, & meri¬
1302 382 2168 442 to caret, & iudicio; proinde vniuersa, quae sunt hontinis
1317 427 2154 479 preter solam voluntatem, ab vtroque, scilicet merito, &
1307 478 2143 515 iudicio libera sunt, id est, absoluta sunt, &carent vtroque
1320 503 2157 558 quia libera non sunt. Et subdit ibidem, quod vita, sensus
1313 541 2147 606 appetitus, memoria, ingenium, & si qua talia sunt, eo ips
1307 582 2156 626 so subfistunt necessitati: quia non plene subdita sunt vo¬
1318 619 2150 671 luntati, quasi dicat, Si aliquid debent habere de liberta¬
1319 662 1850 722 te, oportet, quod obediant voluntati
1370 689 2156 758 Praeterea, illa potentia est principaliter libera, quae
1308 738 2148 788 nullo modo potest cogi, seu libertate priuari: sed sola vo
1319 781 2155 828 luntas sic est libera, quod necessitari nullatenus potest ne
1311 814 2158 862 cessitate coactionis: quia secundum bern in de libero ar
1311 860 2158 908 bitrio, Voluntati datus est intellectus, vt illam instruat,
1308 900 2150 945 non vt destruat: destrueret autem, si ei vllam necessitaten
1317 936 2147 984 mponeret. Item Damas lib. 2. Liberi sumus arbitrio face
1320 979 2150 1022 te, & non facere: & haec omnia per nostram voluntatem
1318 1015 2152 1065 aguntur. Item Ans. de libero arbitrio ait, Nihil in homi¬
1320 1055 1683 1103 ne est liberius voluntate
1316 1095 2139 1144 Sed contra istud sunt primo quidam doctores dicen¬
1323 1133 2150 1184 tes, libertatem formalius, & principalius competere intel
1317 1172 1661 1225 lectui, quam voluntati.
1328 1205 2160 1251 1 Quia illud, quod in regno animae se habet respectu
1318 1255 2147 1299 ceterarum potentiarum, sicut rex ad plebem, illi princi¬
1322 1292 2086 1340 paliter conuenit libertas: intellectus est huiusmodi.
1346 1322 2149 1378 2 Praet erea, quod subiicitur alteri, & iudicatur, & regi
1318 1366 2153 1415 tur per ipsum, est minus liberum, & econuerso subiiciens
1323 1406 2159 1457 & iudicans, regens est magis liberum: sed voluntas subii¬
1326 1451 2159 1496 titur intellectui, & regitur, & iudicatur per ipsum. Mino¬
1321 1491 2177 1533 res istarum duarum rationum probant per Commentato.
1323 1529 2155 1575 em, qui super 2. ethicorum sic ait, Reges, quae eligebant,
1321 1564 2159 1613 innunciabant plebi: isti enim in sic inceptis duces sunt,
1324 1600 2153 1656 uemadmodum & noster intellectus, qui est eorum, quae
1320 1643 2159 1697 in nobis sunt, honorabilior, vt enim plebs subiicitur, iudi
1317 1683 2160 1730 catur, & regitur: ita & hic appetitus subiicitur, iudicatur,
1327 1717 2169 1767 xregitur ab intellectu, & commonetur ad operationem.
1344 1761 2159 1815 3 Preterea, potentia, cui primo competit dominium;
1326 1795 2151 1853 uper actum, illa est primo, & principaliter libera, sed in¬
1314 1840 2163 1892 tellectui conuenit primo dominium huiusmodi: quia Con
1315 1880 2177 1925 mentator S ethic. dicit, quod sensus non habet dominiu
1299 1920 2163 1968 super actum humanum: quia bestiae sensum habent, sed
1311 1960 2151 2004 dominium super actum non habent: quia dominium om
1318 2005 1928 2049 ne ipsius actus; intellectus habet: ergo &c.
1355 2042 2175 2082 4 Praeterea, illud, quod in electione se habet ad ratio.
1324 2074 2148 2124 nem, sicut seruus ad dominum, & discipulus ad Magistrum,
1311 2121 2159 2163 minus habet de ipsa libertate, quam ipsa ratio, voluntas)
1323 2149 2166 2204 est huiusmodi: quia e ethic ait Commentator, quod ap¬t
1332 2195 2177 2242 etitus se habet ad rationem, sicut seruus ad dominatorem
1314 2238 2154 2286 & sicut discipulus ad doctorem expectans, quid praecipiet
1320 2277 2163 2333 vel quid docebit mens, vt vtique vel eligat bonum, vel¬
1312 2311 1526 2363 fugiat malum.
1343 2353 2159 2402 Et rursus ait, quod electio apud seipsam habet appeti¬
1320 2390 2164 2442 tum, vt genus, & rationem, vt differentiam, cum igitur dif
1308 2434 1954 2475 ferentia sit determinatiua generis: ergo &c.
1347 2467 2159 2517 3 Praeterea, ille, qui cognoscit finem, & rationem finis
1315 2508 2166 2551 & ea, quae sunt ad finem, & proportionem eorum ad iptum
1316 2544 2153 2592 finem, est maioris libertatis, quam ille, qui haec ignoret:
1314 2584 2163 2636 sed intellectus cognoscit omnia praedicta: & appetitus in
1314 2623 2160 2667 tellectiuus ignorat ea, nisi inquantum sibi per intellectum
1319 2666 1505 2716 ostenduntur.
1338 2695 2155 2746 e Praeterea, illa potentia est magis libera, quae minus
1308 2742 2156 2787 dependet ab aliis in exercitio actus sui : sed intellectus
1308 2783 2157 2831 minus dependet, quam voluntas, cum actus voluntatis sem
1325 2823 2148 2871 er praesupponat actum intellectus, & non econuerso; eo
1321 2867 2031 2911 quod bonum cognitum sit subiectum voluntatis.
1332 2899 2178 2946 Sed istam opinionem reputo minus veram. Quia illa
1320 2940 2153 2987 potentia, quae sic est ad opposita, quod non habet de se li
1320 2980 2155 3033 ertatem, qua possit se determinare ad vnum opposito¬
1314 3013 2161 3064 tum, illa non est principaliter libera: intellectus est huius
1311 3056 2140 3111 modi. Maior patet per Damasilib. 2. Minor etiam patet. 5
1319 3093 2163 3148 neta. vbi dicitur, quod potentia rationalis, cum sit ad opposita,
1302 3132 2178 3192 si ageret non determinata ab altero, tunc simul ageret.
