2410 3537
245 278 1096 339 oppofita. Istud autem principium determinans rationem
248 334 1105 380 secundum Commentatorem est appetitus, seu voluntas
244 375 1098 425 quia cum appetitus fuerit alterius contrariorum, tuns
236 413 839 463 actio agentis pendet ex illo contrario,
254 448 961 494 Sed nec motiua istius opinionis concludunt
283 487 1096 546 lgitur ad primum nego minorem. Ad probationem dico, quod
246 528 1102 574 licet intellectus, quo ad noc, quod suum iudicium proponit
248 568 1097 621 voluntati, aliqualem habeat similitudinem cum rege, tame
248 606 1106 662 quia in actu iudicii, inuestigationis, & consilii dependet
242 646 1097 695 ab imperio voluntatis: idem enim actus, qui est ipsius in¬
248 692 1099 738 tellectus elicitiue, est ipsius voluntatis imperatiue: ideo
237 725 1097 788 principalis libertas semper refidet apud ipsam voluntatem,
279 768 1093 816 Ad secundum nego minorem. Ad probationem posset
248 806 1094 852 dici, quod Commentator ibi loquitur de sensitiuo appetitus
248 847 1094 893 videtur enim Commentator distinguere totam partem
248 891 1084 938 intellectiuam, qua comprehendit intellectum & volun
249 921 1097 969 tatem contra partem sensitiuam. Vel dicendum, quod talis
245 969 1100 1008 subiectio est quaedam conformitas voluntatis ad rectam ra
246 1007 1097 1050 tionem, quae tamen non est per vim ipsius intellectus exa
237 1043 1099 1090 cta ab ipsa voluntate, quia ipsa per suam libertatem posset
237 1090 1100 1131 declinare a quocuque iudicio rationis: & si regitur aliquo
237 1118 1101 1170 modo, & subiicitur, hoc fit sua sponte, quia ipsa libere, &
244 1168 943 1208 ex se subiicit dictamini rectae rationis: ergo &c
275 1207 1085 1246 Ad tertium nego minorem. Ad probationem dico, qui
231 1244 1087 1289 dictum Commentatoris non recitatur complete, quia sic
231 1284 1103 1335 ait Commentator, Dominium omne ipsius actus intelle¬
234 1321 690 1373 ctus habet, & appetitus.
241 1368 1085 1407 Ad quartum dicendum, quamuis illa exempla Com¬
234 1391 1097 1448 mentatoris in hoc praetendant aliqualem similitudinem,
241 1436 1089 1491 quod sicut seruus respicit dominum quantum ad ea, qua
238 1471 1086 1527 agenda sunt, & discipulus Magistrum quantum ad ea, qua
244 1513 1095 1573 tenenda sunt: sic voluntas hominis virtuosi respicit dicta¬
234 1557 1094 1600 men rectae rationis: in hoc tamen semper est dissimile, quia vo
233 1590 1092 1645 luntas contra huiusmodi dictamen venire potest quocum.
246 1629 1090 1691 que iudicio, vel consilio rationis non obstante, vt ait ber
236 1669 1087 1730 in de libero arbitrio, Voluntas non semper ex roe, sed ni
244 1716 1095 1771 qua absque roe mouctur: vt multa faciat per ipsam contra
243 1752 1093 1804 ipsam, puta per eius ministerium facit contra eius iudicium,
239 1790 1095 1836 & consilium. Et infra ait, Vvluntarius consensus nec negat
251 1830 1094 1887 se, nec praebet se cuiqua nisi ex voluntate. Alioquin si com
243 1876 1097 1936 pelli valeret inuitus, violentus esset, & non voluntarius.
292 1912 1085 1956 Ad illud, quod additur de electione dicendum, quod
236 1951 1097 1996 ratio non est differentia intrinseca ipsius electionis, quam¬
250 1987 1094 2033 uis aliquo modo possit dici eius differentia extrinseca¬
237 2022 1086 2078 Dato etiam, quod ratio sit determinatiua ostensiue, qui¬
238 2061 1088 2123 determinate ostendit, voluntas tamen est determinatius
233 2106 551 2162 imperatiue: ergo &c
289 2129 1088 2200 Ad quintum dicedum, quod quia libertas & cognitio
242 2179 1096 2233 sunt conditiones multum desperatae: ideo ex maiori &
239 2221 1082 2282 perfectiori cognitione non potest argui maior libertas
245 2271 1084 2314 nisi talis comparatio sit tantumodo inter potentias cogn
248 2307 1093 2353 tiuas Vnde per illam maiorem bene probaretur, quod in
245 2340 1088 2390 tellectus sit liberior sensu: non autemn, quod sit liberior vo¬
243 2377 1001 2432 luntate, quia voluntas non est potentia cognitiua
284 2419 1091 2472 Ad sextum nego maiorem, quia si esset vera, tunc sensus,
243 2459 1093 2511 & phantasia essent potentiae magis liberae, quam intelle¬
246 2494 1091 2548 ctus, cum actus eorum non praesupponat actum intellectus,
246 2535 1085 2596 sed econuerso. Minor etiam deficit, quia actus intelligend
237 2575 1090 2640 competens intellectui, antequam voluntas sit in actu, ess
237 2611 1097 2666 actus necessarius, & naturalis, & per consequens proprie
247 2662 1091 2705 non habens libertatem. Vnde quasi nullam videtur habe
251 2698 1090 2745 re intellectus libertatem circa actum suum, nisi postquam
237 2744 1090 2784 voluntas adhibet intentionem, ita quod proprie loquen
249 2777 1088 2824 do actus ipsius intellectus intantum dicetur esse liber, in
243 2818 1093 2881 quantum ab ipsa voluntate fuerit imperatus, vel intentus
291 2854 1086 2905 Sed contra praedictam conclusionem sunt alii, qui di
248 2892 1094 2948 cunt, quod libertas aequaliter reperitur in intellectu, &
246 2938 411 2993 voluntate,
262 2971 1100 3028 1 Quia potentiae, quae aequaliter abstrahunt a materia,
248 3008 1103 3063 aequaliter sunt liberae, sed intellectus & voluntas aequaliter
242 3050 1100 3109 abstrahunt a materia, cum ambae fundentur in esse imma
242 3092 698 3151 teriali ipsius animae rationalis.
254 3139 1098 3193 2 Praeterea, sicut actus liber est, qui egreditur a poten
1143 292 1992 346 tia libera, sic potentia libera est, quae egreditur ab essen¬
1144 335 1995 374 tia libera: sed tam intellectus, quam voluntas pariter egre
1150 371 1991 425 diuntur ab essentia libera, puta ab essentia animae intelle
1144 407 1712 455 ctiuae, quae est essentia libera: ergo &c.
1161 430 2003 500 3 Praeterea, ex hoc est aliqua potentia formaliter libe
1140 492 2001 540 ra, quia est super seipsam reflexiua, & super suum actu: sed
1143 529 1985 567 hoc aequaliter conuenit intellectui, & voluntati: ergo &c
1145 578 1988 620 4 Praeterea, tota anima rationalis secundum quod ad
1144 607 1995 653 imaginem Dei est, libera esse censetur: sed anima intelle
1137 644 1994 697 ctuaiis secundum intellectum, & voluntatem aequaliter
1141 687 1600 742 est ad imaginem Dei: ergo &c
1154 701 1998 776 3 Praeterea, secundum philosophum 9 meta, poten¬
1148 762 1988 805 tiae rationales sunt ad opposita, & per consequens liberae:;
1136 804 1994 846 sed intellectus non minus est rationalis potentia, quam
1145 844 1415 896 voluntas: ergo &c.
1148 858 1984 941 e Praeterea, ex dictis cuiusdam alterius doctoris potesi
1134 918 1272 974 argui sic¬
1179 934 1980 1009 Quando aliqua sunt idem omnino re absoluta, & dif¬
1143 1003 1994 1048 ferunt solum respectibus, illa sunt aequalis libertatis: in¬
1139 1037 1993 1087 tellectus, & voluntas sunt idem re absoluta, & solum diffe
1141 1076 1994 1129 runt respectibus. Maior patet. Minorem autem ipsi pro¬
1134 1115 2003 1171 bant per ea, quae adduxi in primo sententiarum distin 3.
1136 1157 1655 1211 cum de potentiis animae tractaui.
1173 1195 1987 1245 Sed nec istud teneo. Quia illa potentia non est aeque
1134 1234 1991 1278 formaliter libera, sicut voluntas, cuius principium assen¬
1134 1273 1980 1318 sus non est in potestate sua: intellectus est huiusmodi. Ma
1130 1311 1994 1362 ior patet, quia deficiente primo deficiunt & cetera conse
1136 1357 1995 1404 quenter se habentia, vt patet 2. meta. Patet etiam minor,
1146 1402 1994 1450 quia primo principio intellectus necessario consentit, nec
1142 1437 1510 1486 potest ei non consentire.
1163 1476 1984 1519 Alias inuenitur talis additio. Sed per hanc rationem
1134 1511 1404 1562 nihil concluditur.
1161 1549 1979 1602 2 Quia sicut intellectus non potest non consentire ve¬
1131 1581 1987 1642 ritati primi principij, sic voluntas non potest non velle vl
1138 1625 1982 1671 timum finem actualiter apprehensum. Et ideo ex isto ar¬
1136 1672 1997 1720 gumento non probatur quod libertas magis conueniat
1136 1714 1983 1762 voluntati, quam intellectui, quamuis aliis rationibus hoc
1156 1750 1299 1799 robetur.
1157 1758 1981 1835 2 Praeterea, Aug. 3 de libero arbitrio ait, Voluntatem
1143 1822 1983 1869 non allicit ad faciendum quodlibet, nisi aliquod visum:
1136 1869 1971 1911 quid autem vnusquisque, vel sumat, vel respuat est in po
1136 1910 1970 1954 testate, sed quo visu tangatur, nulla potestas. Et idem Aug
1139 1942 1973 1994 S3. super Cen ait, Non solum natura rationalis, sicut in hoi
1142 1980 1982 2033 nibus, verum etiam irrationalis, sicuit in pecoribus, moue
1144 2027 1975 2070 tur visis: sed natura rationalis voluntatis arbitrio vel con
1136 2059 1995 2113 sentit visis, vel non consentit: irrationalis autem non ha¬
1143 2100 1984 2146 bet &c. Item, Dam as. lib. 2. ait, quod sumus liberi arbitrio
1137 2136 1981 2189 facere, & non facere, & haec omnia per nostram voluntaten
1135 2175 2011 2229 aguntur. Item bern. in de libero arbitrio ait, quod nihil
1138 2223 1630 2262 in homine est liberius voluntate
1179 2247 1988 2307 Ad primum dicendum, quod maior non est vniuersali
1137 2293 2011 2342 ter vera, quia intellectus agens non minus abstrabit a ma.
1139 2335 1981 2383 teria, quam intellectus possibilis, & voluntas; & tamen non
1137 2374 1992 2432 est potentia libera, immo est potentia naturalis & neces¬
1147 2412 1838 2461 aria, cum in se non habeat dominium sui actus;
1143 2424 1978 2502 Ad secundum dicendum, quod quamuis actus sint libe
1137 2492 1982 2541 ri, qui egrediuntur a potentia libera: non tamen oportet, quod
1148 2540 1984 2581 omnes huiusmodi actus aequaliter sint liberi: sic dato, quod
1142 2577 1981 2619 potentiae aliquo modo sint libere, quae egrediuntur ab es
1142 2612 1985 2658 seutia libera, non tamen sunt aequaliter liberae. Maior est
1146 2661 1994 2698 non est vera, quia si essentiam animae intellectiuae appel¬
1145 2681 1990 2740 las essentiam liberam: tunc intellectus agens cgreditur ab
1145 2737 1859 2777 essentia libera, & tamen non est potentia libera
1178 2775 1985 2814 Ad tertium dicendum, quod conuerti supra se non est prae
1139 2802 1985 2851 cise a libertate potentiae, sed ab immaterialitate, vel ab
1140 2855 1982 2892 obiecti sui vniuersalitate, puta, quotam ipsa potentia, quam
1148 2881 1976 2942 ctus suus comprehenduntur sub obiecto non adaequato
1178 2919 1994 2970 Ad quartum dicendum, quod quamuis tota anima intelle
1146 2961 1985 3020 ctiua sit ad imaginem Dei: tamen ex hoc sibi causaliter non
1144 3009 1972 3056 cenuenit libertas: sed propter hoc voluntas dicitur libe¬
1139 3039 2011 3096 ra, quia est in potestate nostra, vt ait August. 3. de libero,
1142 3086 2011 3132 arbitrio. In omnibus igitur istis rationibus vt plurimum;
1148 3117 1796 3190 peccatur, quia accipitur non causa pro causa
