2403 3530
234 266 1095 330 ctus praesupponit rectam intentionem: sed fides dirigit in
238 327 1103 368 tentionem, vt ait hic Magister dist. 20. &41. ergo nullus
236 368 1088 424 actus rectus, nec per consequens bonus potest procedero
246 408 822 451 ab infideli, seu ab eo, qui caret fide.
276 440 1092 505 3 Praeterea, dicitur, Sine fide impossibile est actu pla¬
240 481 404 544 cere Deo.
280 519 1088 575 Ad primum dicendum, quod actus infidelium potest
243 552 1089 601 dupliciter considerari. Vno modo, vt ab infidelitate pro¬
252 601 1088 651 cedit causaliter, puta si infidelis vestit nudum, vt idolo suo
237 651 1085 693 placeat, vel vt talem pauperem, cui opus misericordiae im
242 682 1084 734 partitur, ad errorem suae infidelitatis alliciat. Alio modo
253 722 1065 771 vt non ab infidelitate procedit, sed ex naturali pietates
243 754 1073 802 Primo modo intelligendum est dictum Augustini, & eni
248 793 478 840 secundo modo
289 823 1082 889 Ad secundum dicendum, quod quamuis humana pru¬
242 866 1078 925 dentia non possit sufficienter dirigere intentionem re
246 916 1082 966 spectu finis supernaturalis & vltimi: potest tamen ratio p
246 956 1087 994 fecta per humanam prudentiam dirigere intentionem re¬
237 995 1082 1053 spectu finis naturalis, & proximi, vt actus transeat sine de
243 1045 1080 1082 merito, seu peccato, quamuis etiam non sit meritorium
242 1072 959 1115 eo, quod eficiens actum sit peccator, & infidelis.
298 1109 1095 1166 Ad tertium dicendum, quod quamuis ex hoc, quod in
243 1150 1083 1204 fidelis non placet Deo, vt msidelis est, benc concludatur,
250 1200 1077 1240 quod opus suum non sit meritorium, nec Deo gratum: t
240 1230 1088 1279 men ex hoc non habetur, quod omne opus suum di¬
249 1266 1097 1317 spliceat Deo intantum, quod sic peccatum & demeri¬
240 1309 368 1359 torium.
377 1380 953 1471 ARTICVLVS III
405 1470 922 1550 Vtrum omne pecccatum sit vo¬
584 1538 842 1594 luntarium.
266 1605 1103 1684 SVANTVM ad quartum arriculum primo videndum
286 1662 1088 1711 en est, vtrum omne peccatum sit voluntarium. Secun
255 1700 896 1749 do, vtrum omne peccatum sit in voluntate.
284 1733 1118 1786 Quo ad primum teneo conclusionem affirmatiuam.
291 1780 1112 1821 1 Quia secundum philosophum. 3. ethic. inuolunta¬
259 1814 1105 1875 rium non meretur poenam: sed omne peccatum meretur
261 1854 1101 1913 poenam: ergo nullum peccatum est inuoluntarium omni
260 1911 992 1942 no, & per consequens aliquo modo voluntarium
306 1940 1097 1990 2 Praeterea, Augustinus in libro de vera religione ait
254 1982 1106 2021 quod omne peccatum adeo est voluntarium, quod nullo
263 2010 1103 2062 modo est peccatum, si non sit voluntarium. Et subdit Au
254 2048 1101 2116 gustinus, quod hoc adeo manifestum est, quod nulla hiho
264 2089 1065 2140 doctorum paucitas, nulla indoctorum turba dissentiat.
297 2132 927 2193 Sed contra istud ab aliquibus instatur sic.
322 2174 1107 2226 Peccatum originale non est voluntarium: ergo non
268 2211 1100 2256 omne peccatum est voluntarium. Consequentia patet
258 2247 1105 2296 Probatur antecedens: quia illud peccatum contrahitui
266 2293 769 2341 ante omnem vsum liberi arbitrii.
306 2333 1118 2383 2 Praeterea, quod est voluntarium semper praesuppo¬
263 2358 1110 2417 nit actum voluntatis: sed peccatum omissionis non consi
264 2407 1114 2467 stit in actu, sed potius in negligentia actus: ergo non om-
272 2449 737 2507 ne peccatum est voluntarium.
318 2480 1105 2540 3 Praeterea, quod homine nolente contingit, hoc no
264 2517 1109 2565 est voluntarium: sed Apostolus ait, Non quod volo bonum
270 2568 1002 2614 hoc facio, sed quod nolo malum, hoc ago.
294 2597 1118 2643 4 Praeterea, omne voluntarium praesupponit cognitio
267 2639 1122 2688 nem, sed multa peccata contingunt ex ignorantia : ergo
276 2688 979 2736 saltem talia non erunt voluntaria.
285 2727 1121 2781 3 Praeterea, multi sunt, qui ex habitu peccant, sed ha¬
281 2759 805 2818 bitus non sunt in potestate nostra
317 2785 1134 2847 & Praeterea, illud, quod est praeter voluntatem, hoc non
281 2836 1130 2891 est voluntarium,; sed malum est praeter voluntatem, vt di
279 2883 535 2937 citur. 4. de di no¬
309 2919 1117 2967 7 Praeterea, omne voluntarium est in potestate volut
283 2965 1118 3006 tatis, sed aliqua peccata non sunt in potestate nostra, vt pro
273 3005 1129 3059 tet in glosa super illud, Septies in dic cadit iustus. Dicit
282 3031 1122 3086 enim glosa sic, Singulis diebus per necessitatem, vel fra¬
291 3084 982 3135 gilitatem carnis nolentes, vel inuiti peccamus)
321 3116 1136 3166 S Praeterea, omne voluntarium vitari potest, sed venia
1126 272 1995 326 le peccatum non possumus vitare. Dicitur enim, Si dixe¬
1131 327 1976 382 rimus, quoniam peccatum non habemus, nosipsos sedu¬
1137 375 1620 415 cimus, & veritas in nobis non est.
1173 398 1975 455 Sed ista non concludunt. Quia omne, quod fit, aut fit
1125 451 1972 497 naturaliter, aut violenter, aut voluntarie, sed peccatum
1136 486 1964 535 non fit naturaliter, quia ex naturalibus nec laudamur
1128 534 1970 575 nec vituperamur, vt patet 3. ethicorum: sed propter pecta¬
1129 568 1999 610 ta vituperandi sumus, vt patet ibidem. Nec violenter;
1128 609 1979 653 quia peccatum oritur ab intrinseco principio, omne
1129 637 1991 695 autem violentum oritur a principio extrinseco: ergo fit
1137 684 1295 727 voluntarie
1149 713 1973 771 Ad primum patet ex dictis superius, quod licet origina
1127 755 1976 811 le peccatum non sit voluntarium voluntate huius homi
1131 801 1925 848 nis, est tamen voluntarium voluntate primi parentis.
1168 837 1979 888 Ad secundum dicendum, quod posito, quod peccatum
1129 875 1967 924 omissionis non constet in actu: tamen est voluntarium;
1137 915 1961 957 eo quod voluntarie homo omittit actum illum, quem
1128 957 1968 1004 elicere tenebatur, ratione cuius voluntariae omissionis ip
1132 996 1469 1039 se incidit in peccatum.
1169 1033 1976 1087 Ad tertium dicendum, quod in dictis Apostoli ago non
1126 1071 1976 1118 stat pro actu simpliciter elicito, sed pro tentatione, seu
1140 1114 1976 1159 pronitate ad agendum: in qua tentatione, si nihil penitus
1126 1153 1979 1203 fuit de voluntario, tunc etiam nihil penitus erat de pec¬
1140 1187 2007 1236 tato. Sicut patet per Augustinum. 3. de libero arbi. vbi eu
1139 1226 2008 1276 sic ait. Satis compertum est nulla re fieri mentem seruam t
1139 1264 2007 1317 libidinis, nisi propria voluntate. Et subdit infra, quod ille l
1130 1304 2007 1354 motus voluntatis est similis motui, quo lapis fertur deor d
1128 1334 2009 1390 sum: quia sicut iste est proprius lapidi, sic ille animo. Sed c
1137 1380 2009 1435 in hoc dissimilis, quod in potestate sua non habet lapis t
1130 1432 2010 1473 cohibere motum, quo fertur deorsum: animus vero non 3
1137 1470 2009 1510 ita: & ideo ille motus est naturalis lapidi, animo uero iste c
1136 1501 2010 1551 motus est uoluntarius. Et parum infra sequuntur verba t
1137 1549 1984 1595 discipuli approbata ibidem per Augustinum, quibus ait
1140 1583 1983 1628 discipulus, Motus, quo voluntas conuertitur, nisi esset vo
1139 1616 1979 1667 luntarius, & in nostra positus potestate, neque laudandus
1142 1660 1982 1711 neque culpandus, neque monendus homo esset: monen¬
1137 1692 1997 1749 dum autem non esse hominem quisquis existimat, de ho
1144 1740 1982 1787 minum numero exterminandus est. Et eandem senten¬
1146 1775 1993 1832 tiam adhuc magis expressam ponit Augustinus in libro.
1148 1815 1785 1866 de vera religione, vt superius est expressum.
1182 1843 1977 1912 Ad quartum patet per ea, quae dixi superius: quia sicut
1151 1897 1982 1959 ignorantia affectata, & crassa numquam sunt sine peccato
1145 1937 1983 1984 sic numquam sunt penitus sine voluntario, eo quod tales
1152 1974 1983 2029 ignorantias homo posset praeuenire, si vellet. Sed ignoram
1153 2004 1970 2056 tia inuincibilis, sicut nihil habet de voluntario, sic nihi
1141 2054 1418 2106 habet de peccato.
1200 2074 1979 2141 Ad quintum dicendum, quod dato, quod habitus non
1156 2126 1996 2182 sit immediate in potestate nostra: actus tamen elicitus
1161 2161 2001 2215 mediante habitu est in potestate nostra: propter quod il
1149 2205 1991 2254 li, qui peccant, ex habitu, dicuntur peccare ex electione:
1163 2248 1986 2294 & ideo multum in talibus actibus est de voluntario, &
1166 2296 1997 2339 per consequens multum de peccato. Et dato, quod ali¬
1149 2331 1991 2371 quis esset intantum vitiosus, quod nullo modo posset re
1157 2370 1999 2414 sistere actui vitioso propter impetum habitus inclinantis:
1163 2402 2000 2454 tamen adhuc peccatum suum dicetur voluntarium, & im
1166 2439 1999 2488 putabitur ei ad poenam, eo quod in sua potestate fuerint
1149 2479 2000 2534 illi actus, quibus acquisiuit huiusmodi habitum vitiosum
1153 2525 2013 2565 1 Sicut enim voluntarie proiiciens lapidem ad laedendum
1160 2556 1998 2605 hominem, quamuis non possit retrahere lapidem, post¬
1161 2604 2011 2646 quam ipsum emisit de manu, tamen de laesione hominis
1155 2635 2003 2683 iuste corrigitur secundum leges, eo quod emittere la¬
1169 2673 2013 2724 pidem de manu plene fuit in sua potestate: sic in propo¬
1160 2716 1358 2765 sito &cetera.
1197 2746 2006 2803 Ad sextum dicendum quod licet malum, vt malum, sit
1180 2785 2014 2839 praeter intentionem voluntatis, tamen, vt habet aliquod
1165 2827 2019 2879 bonum apparens annexum, sic est de intentione pecca¬
1167 2873 1412 2925 tricis voluntatis.
1209 2909 2020 2954 Ad septimum dicendum, quod glosa illa loquituri de
1179 2941 2021 2992 peccatis venialibus, quae, vt communiter dicitur, licet non
1184 2983 2011 3038 possimus cauere in vniuersali, tamen quodlibet in parti¬
1178 3031 2020 3072 culari possumus cauere. Sicut enim multis existentibus
1176 3061 2015 3120 foraminibus in aliqua naui, licet homo simul in omnibus
1174 3098 2024 3155 non possit introitum aquae prohibere, tamen in quoli¬
