2411 3534
429 296 1279 354 tesiue. Extenssiue quidem, ed quod huiusmodi poccatum
444 340 1282 391 fit contra Deum, & contra proximum, vel contra plures
441 375 1274 433 proximos: vel quia intulit plura damna & maiora. Ex hi
445 416 1283 473 & consimilibus peccatum dicitur: maius extensiue, eo quod
439 461 1274 514 ad plura & maiora damna se extendat: Intensiue vero, si
442 493 1272 548 ex praesentia operis voluntas magis intenditur, & magi¬
433 539 1281 582 effrenate in ipsa delectatione resoluitur, & cum maiori
432 578 1217 622 contemptu prorumpit in prohibitam operationem.
443 610 1286 672 Etiam isto modo debet intelligi illud, quod circa istam
438 652 1084 710 materiam dixi superius conclusione prima.
459 696 1285 745 Ad nonum dicendum, quod quamuis caritas dicatur
437 734 1285 782 gemina obiectiue, eo quod obiectum eius sit geminum,
448 776 1273 822 cilicet principale & secudarium, puta Deus & proximus
438 818 1274 859 tamen caritas formaliter est vnus habitus. Sic licet duo¬
438 847 1278 901 bus, vel pluribus actibus simul iunctis contingat aliquem
437 894 1282 947 peccare: tamen est vnum peccatum, quamuis actus sint
435 938 1295 976 distincti.IR
437 1051 1292 1106 ARTLCVLV. S I1.
561 1126 1151 1209 Vtrum concessio & accessio sint du
789 1202 996 1256 peccata.
453 1256 1284 1350 SVANTVM ad secundum articulum duo sunt vi¬
443 1322 1295 1367 A denda. Primo vtrum in veniali peccato sit auer¬
440 1359 1279 1404 sio a Deo. Secundo de quaesito. Et secundum hoc pono
441 1401 1298 1449 duas conclusiones.
462 1441 1279 1488 Prima est, quod per veniale peccatum non auertitur
442 1478 1282 1525 homo ab vltimo fine, seu ab ipso Deo; quia gratia manen
442 1516 1285 1563 te in homine non auertitur homo ab ipso gratiae largito
436 1563 1280 1608 rae: sed peccante aliquo veniali peccato, tantum manet in
448 1591 1283 1645 eo gratia Dei, vt patet sanctorum auctoritatibus. Patet
445 1628 1286 1685 etiam ratione, quia solum per mortem mortalis peccati
447 1668 1283 1715 excluditur gratia, quae est vita spiritualis animae: gratia n¬
445 1713 1285 1754 dat esse spirituale, vt patet ex dictis superius, sed viuere vi
444 1755 1277 1795 uentibus est esse, vt dicitur. 2. de anima.
451 1790 1284 1835 1 Forte dicetur contra istud sic. Sine illo, quod est for
446 1830 1286 1877 male in peccato, non potest esse aliquod peccatum, sed
435 1868 1280 1910 auersio ab incommutabili bono est formale in omni pec
444 1909 1279 1955 cato, & peccatum veniale est peccatum: ergo peccatum
443 1945 1289 1991 veniale non poterit esse sine auersione a Deo, qui solus
449 1984 1013 2031 est incommutabile bonum.
447 2021 1286 2074 2 Praeterea, omne, quod polluit animam, hoc auertit
439 2066 1276 2110 ab co, quod est omnino purum, & immaculatum bonum
434 2104 1277 2151 sed veniale peccatum polluit animam: ergo &c Maior pro
444 2138 1286 2186 tet Minor probatur auctoritate Aug. qui 8. li, musicae suae
447 2183 1274 2228 ait, Amor inferioris pulchritudinis polluit animam, set
448 2223 1289 2265 veniali peccato aliquis amor exhibetur rei creatae, quam
438 2262 1253 2305 Augustinus appellat inferiorem pulchritudinem.
444 2303 1280 2343 3 Praeterea in omni motu quantum mobile conuer¬
448 2337 1289 2385 titur ad terminum ad quem, tantum auertitur a termino
437 2378 1281 2420 a quo: sed per peccatum veniale voluntas hominis aliquo
441 2421 1283 2466 modo conuertitur ad bonum commutabile: ergo aliquo
438 2457 1283 2502 modo auertitur a bono incommutabili, & per consequens
438 2500 1286 2538 videtur quod totaliter se auertat, quia simplex a quocum
441 2536 1282 2585 que se auertit, totaliter se auertit, & ad quodcumque se
432 2577 1277 2622 conuertit, totaliter se conuertit, cum non habeat partem,
438 2618 1271 2664 & partem, sed anima humana est simplex: ergo &c.
444 2654 1276 2702 Ad primum dicendum, quod minor non est vera, quia
438 2691 1283 2737 auersio licet sit formale in peccato mortali, tamen non
436 2731 1287 2782 in veniali: quamuis enim veniale peccatum aliquo modo,
429 2774 1283 2820 disponat ad auersionem ab incommutabili bono: tamen
442 2810 1275 2859 formaliter & perfecte non implicat huiusmodi auersionem,
474 2849 1283 2895 Ad secundum dicendum, quod animam pollui potest
439 2888 1277 2933 dupliciter intelligi. Vno modo per exclusionem mundi¬
443 2929 1276 2970 tiae cum inclusione deformitatis, & immunditiae, & talis
432 2967 1280 3016 pollutio auertit ab incommutabili bono, quod est omni
440 3012 1277 3054 no purum: & hoc solum fit per mortale peccatum. Alio
437 3043 1271 3087 modo per aliqualem diminutionem munditiae & dispo¬
437 3082 1281 3128 sitionem ad immunditien, & talis pollutio fit veniali pec¬
435 3124 1271 3183 cato, nec auertit ab incommutabili bono. Primo modo
1332 277 2174 339 accipiendo pollutionem maior est vera, sed minor est fal
1339 339 2179 388 la. Secundo modo accipiendo pollutionem, tunc econuer¬
1329 377 2168 424 so minor est vera; sed maior est falsa.
1365 410 2180 458 Ad tertium dicendum, quod sicut videmus in motu
1328 454 2167 496 corporali animalium, quod animal quandoque mouetur
1326 489 2171 540 motu processiuo, & tunc quantum capit de termino ad
1327 529 2172 582 quem, tantum dimittit de termino a quo. Sed aliquando
1331 578 2171 621 mouetur motu extensiuo, & tunc sic capiet nouum ter¬
1333 607 2174 659 minum, quod tamen non dimittit locum, in quo prius
1332 653 2180 699 quieuit, quauis maiorem locum occupet, quam prius oc
1330 692 2171 737 cupauerit. Similiter in proposito quantum ad primum
1336 728 2164 773 motum mouetur anima, vel peccatum mortale commit
1326 768 2186 816 tendo, quia tunc quasi motu processiuo derelinquit incom
1332 802 2174 851 mutabile bonum, & coniungit se commutabili bono: vel
1337 837 2181 897 per veram poenitentiam peccatum mortale diluendo.
1338 883 2181 932 tunc enim procedit a commutabili bono & coniungitur;
1332 918 2174 976 incommutabili bono. Sed secundo modo scilicet montu
1329 973 2183 1009 extensiuo mouetur anima, venialiter peccando: & ideo
1330 1004 2177 1053 non oportet, quod auertatur a termino, in quo per veram
1335 1038 2189 1089 caritatem prius quieuit: licet suo desiderio aliquo modo:
1335 1082 2183 1132 extendat se ad aliqua, quae sunt citra illum terminum, pus
1322 1125 1742 1171 ta citra Deum.
1366 1157 2184 1201 Secunda conclusio est, quod auersio a bono incommu¬
1323 1201 2183 1243 tabili, qua anima auertitur a Deo, tamquam ab vltimo fi-
1336 1235 2193 1281 ne, & conuersio ad bonum commutabile, qua homo fina¬
1327 1275 2178 1322 liter adhaeret creaturae, est vnum peccatum, & non plura,
1329 1316 2191 1370 quia sicut in motu locali recessus a termino a quo, & ac¬
1334 1354 2177 1403 cessus ad terminum ad quem non sunt duo motus, sed
1339 1397 2183 1444 vnus tantum: sic in proposito auersio ab incommutabili
1335 1432 2177 1478 bono, & conuersio ad commutabile bonum; non sunt
1331 1478 1790 1524 duo peccata, sed vnum tantum
1341 1525 2187 1565 1 Forte contra istud dicetur sic. Duae auersiones a Deo¬
1330 1552 2195 1597 non possunt esse vnum peccatum: ergo nec auersio a Deo,
1326 1592 2177 1636 & conuersio ad creaturam, poterunt esse vnum peccatum.
1332 1631 2181 1679 Antecedens patet: Probatur consequentia, quia minor
1335 1670 2173 1713 conuenientia est inter auersionem, & conuersionem, quam
1332 1708 2180 1768 inter auersionem, & auersionem : ergo minus facient vnum
1339 1750 2157 1797 uersio & conuersio, quam auersio & auersio.
1353 1795 2192 1843 2 Praeterea, Auersio a bono morali, & conuersio ad
1329 1828 2177 1878 malum morale sunt duo peccata: ergo auersio a Deo, &
1329 1870 2181 1911 conuersio ad creaturam sunt duo peccata: Consequentia
1341 1911 2183 1956 patet, quia plus distat Deus & creatura, quam bonum mo
1339 1948 2190 1994 rale, & malum morale. llla enim differunt plus quam ge¬
1342 1988 2196 2031 nere, vt patet. 10 met. ista vero sunt eiusdem generis, vt
1343 2028 2179 2076 atet in ethicis. Antecedens probatur, quia omittere
1337 2063 2173 2115 honorem parentum, quod est auersio a bono morali, &
1338 2104 2190 2152 committere adulterium, quod est conuersio ad malum
1330 2149 2174 2194 morale, sunt duo distincta peccata. Nam primum est pec¬
1329 2183 2187 2227 catum omissionis, secundum vero peccatum conmissionis.
1369 2227 2195 2273 Ad primum dicendum, quod sicut non obstante, quod
1328 2262 2164 2305 magis conueniant conuementia formali animae duorun
1332 2302 2177 2350 hominum, quam anima & corpus humanum: tamen mi-
1331 2343 2174 2395 nus conueniunt conuenientia ordinis constituendi quod¬
1336 2382 2181 2435 dam totum tertium, quia anima cum anima nuquam consti
1330 2425 2171 2463 tuit essentialiter vnum tertium, sicut faciunt anima &
1326 2461 2174 2504 corpus: sic non obstante, quod magis conueniant conue¬
1335 2494 2174 2547 nientia formali duae auersiones, quam auersio & conuer¬
1329 2536 2187 2584 sio: tamen conuenientia ordinis constituendi vnum pec¬
1332 2581 2175 2632 catum magis conueniunt auersio & conuersio, quorum
1329 2616 2173 2665 vnum, scilicet auersio in huiusmodi constitutione se ha¬
1332 2653 2174 2715 bet, vt formale; alterum vero videlicet conuersio se habet
1335 2695 1523 2741 vt materiale¬
1345 2731 2173 2781 Ad secundum dicedum, quod bonum morale& malum mo¬
1324 2777 2175 2819 rale possunt dupliciter accipi: Vno modo, vt specialiter, &
1325 2819 2171 2864 pprie opponitur, puta continentia & luxuria, seu mechia¬
1339 2858 2169 2906 Alio modo, sit se habet desperate, nec opponuntur nisi op
1326 2894 2165 2939 positone generali, puta honor parentum & adulterium, &
1333 2938 2172 2984 accipiuntur primo modo, tunc antecedens est falsum, quia
1332 2976 2168 3016 vno & eodem peccato auertitur homo a virtute conti¬
1326 3012 2167 3050 nentiae, & conuertitur ad vitium luxuriae. Si secundo mo¬
1320 3052 2174 3092 do, tunc consequentia est falsa, quia recessus ab honore
1330 3090 2177 3132 parentum, & accessus ad adulterium non faciunt vnum
1329 3133 2169 3181 motum animi interceptum inter duos terminos forma¬
