2396 3516
422 303 1285 392 DISTINCTIO SLII1 ETSFIIII.
441 404 1286 484 Absoluta harum distinctionum diuisio, in quibus,
541 479 1187 536 tum de peccato in spiritum sanctum, tumi
639 520 1098 584 de ortu potentia peccandi
771 571 949 643 peragitur.
759 652 1283 727 ST PRATEREA QVODD AM
779 705 1286 758 genus peccati &c. Postquam Magi¬
783 752 1283 800 ster determinauit generaliter de
780 795 1286 837 communibus peccatis, hic incipit
785 826 1273 878 tractare specialiter de quibusdam
768 865 1277 919 culpis grauissimis, faciendo men¬
768 904 1274 958 tionem de peccatoribus in spiritum
763 942 1287 996 sanctum peccantibus. Et diuiditur
437 987 1277 1037 in duas partes: nam primo considerat de huiusmodi pec¬
450 1026 1285 1072 catorum grauitate, ac irremissibilitate. Secundo determi
444 1072 1269 1115 nat de peccandi potestate ibi, Post praedicta. Prima in dua¬
450 1107 1283 1149 nam primo de huiusmodi peccatis tractat penes quorun
447 1136 1266 1192 dam doctorum assignationem. Secundo has culpas insi
444 1183 1270 1230 nuat iuxta sanctorum determinationem, ibi, est etiam, &
445 1218 1278 1265 alia. Prima in tres: quia primo magister peccati in spiritum
449 1264 1278 1304 sanctum innuit conditionem. Secundo inquirit eiusdem
433 1308 1274 1344 distinctionem. Et tertio circa praedicta mouet vnam dubi
439 1342 1274 1385 tationem. Secunda ibi, Sed quaeritur quid sit illud pecca¬
443 1382 1271 1423 tum. Tertia ibi, Sed quaeritur vtrum omnis. Et haec in duas
439 1411 1278 1471 secundum quod primo Magister mouet questionem. Se¬
438 1453 1277 1503 cundo recitat circa eam duplicem opinionem, ibi, Quidam
442 1499 1271 1539 dicunt &c. Sequitur illa pars, est etiam & alia &c. In qua
445 1533 1265 1582 Magister de praedictis peccatis tractat iuxta sanctorum de
449 1577 1277 1619 terminationem. Et diuiditur in duas partes, secundum quod
437 1620 1276 1664 primo Magister recitat sententiam Deati Aug. Secudo bea
444 1653 1269 1697 ti Ambrosit. Secunda ibi, De hoc quoque peccato. Tuns
448 1687 1280 1741 sequitur illa pars, Post praedicta, quae est principium vlti¬
444 1735 1279 1780 mae distinctionis istius secundi libri. Et diuiditur in duas
448 1763 1282 1817 partes: quia primo Magister tractat de potentia peccandi
446 1804 1271 1853 becundo incidenter determinat de potentia dominandi
436 1850 1276 1891 ibi, Hic oritur quaestio. Prima in tres, quia primo de cau¬
438 1884 1271 1928 sa, a qua habet esse potentia peccandi, mouet quaestionem
433 1921 1267 1973 Secundo recitat circa hoc minus veram opinionem. Ei
445 1972 1268 2014 tertio applicat suam determinationem. Secunda ibi, Qu
444 2002 1265 2046 dam putant &c. Tertia ibi, Sed pluribus sanctorum. Tuni
439 2045 1271 2091 sequitur illa pars. Hie oritur quaestio. Et diuiditur in tres
443 2082 1273 2130 partes, nam primo Magister mouet vnam questionem. Se
433 2130 1265 2169 cundo ex illius quaestionis solutione tractandi de poten¬
435 2161 1266 2211 tia dominandi accipit occasionem Et tertio dictorum in
435 2197 1271 2239 isto secundo libro ad dicenda in tertio facit continuatio¬
428 2233 1265 2283 nem. Secunda ibi, sed sciedum est Apostolum. Tertia, ib
437 2272 1277 2327 lam nunc his. Circa has duas vltimas distinctiones istius
429 2317 1004 2366 secundilibri quaero hanc quaestionem.
720 2396 975 2474 Quaestio I
526 2472 1173 2559 An peccatum aliquod sit simpliciter
727 2533 965 2603 irremissibile
471 2908 1255 2993 VTRVM aliquod peccatum sit simpliciter irremissi
437 2942 1256 3029 bile. Et videtur quod sic. Quia pro omni peccato ri
429 3014 1272 3060 missibili est orandum, vt dimittatur: sed quoddam est pec
435 3056 1268 3105 catum, pro quo non est orandum, vt dimittatur, iuxta il¬
426 3091 1268 3146 lud loan. dicitur, Est peccatum ad mortem, pro quo non
1333 266 1594 331 dico, vt oret quis.
1366 303 2166 362 Contra, illud malum non est simpliciter irremissibile
1321 358 2181 399 cuius radix, seu potentia est a Deo: sed potentia peccandi quo
1326 395 2178 441 cuque genere peccati est a Deo, vt infra patebit:ergo nullum
1326 436 2170 487 peccatum est simpliciter irremissibile. Hic primo videndum
1329 480 2168 520 est, vtrum sit aliquod peccatum in spiritum sanctum. Se¬
1321 512 2166 555 cundo vtrum huiusmodi peccatum sit irremissibile Et hoc
1324 559 2157 608 quantum ad distinctionem. 43 Tertio videndum est, vtri
1320 593 2162 641 omnis potentia peccandi sit 2: Deo. Quarto vtrum omnis
1323 638 2172 680 potentia dominandi sit a Deo. Et hoc quantum ad di¬
1321 676 2109 729 stinctionem vltimam, scilicet. 44. istius secundi libri.
1501 745 1997 828 RES OLVTIO.
1319 837 2162 908 Et si nullum quidem percatum ad diuinam potentiam relatum,
1351 893 2174 942 irremissibile dici possit, ex diuina tamen, & inspirata seriptura
1357 933 2165 988 nobis consiat quoddam esse crime in Spiritum sanctum satum,
1362 971 2175 1037 quod sane propter ea irremissibile nuncupatur, quia nullam in
1353 1015 2161 1071 se causam annexam peccatum excusantem continet, licet peccam
1364 1053 1739 1117 li potentia a Deo tmnamauit.
1452 1139 1994 1204 ARTICVLVSI
1399 1221 2090 1306 Vtrum sit liquod peccatum in spiritum
1655 1292 1821 1351 sonctum.
1390 1360 2161 1430 VANTVM ad primum dico, quod plane & mani¬
1334 1418 2165 1462 fesse patet ex scripturis sacris, quoddam peccatum
1326 1452 2165 1495 esse, quod dicitur in spiritum sanctum. Patet enim hoc ex
1317 1491 2153 1537 Euang. Et ideo praesupposito tali peccato esse, duo sunt
1326 1533 2165 1578 videnda circa ipsum. Primo, scilicet quid sit peccatum in
1324 1570 2147 1619 spiritum sanctum. Secundo, quot sint peccata in spiri
1316 1611 1522 1662 rum sanctum,
1361 1647 2146 1702 Quo ad primum est aduertendum, quod vt patuit su
1326 1687 2164 1738 perius in primo lib hoc nomen spiritus sanctus quando¬
1325 1733 2155 1777 que accipitur essentialiter, & sic conuenit ipsi deitati, &
1326 1772 2165 1819 toti trinitati. Et sic dicitur, Spiritus est Deus, & eos, qui
1317 1807 2155 1853 adorant eum, in spiritu & veritate oportet adorare. Alio
1323 1846 2163 1893 modo personaliter: & sic solum dicitur de tertia persona
1314 1890 2154 1935 in diuinis, iuxta primum modum scriptura sacra videtur
1317 1924 2153 1967 accipere spiritum, cum dicitur esse peccatum in spiritum
1314 1961 2162 2011 sanctum Nam, vt sic, huiusmodi peccatum distinguitur con
1326 2000 2156 2049 tra blasphemiam illatam domino nostro lesu Christo,
1320 2048 2155 2091 quo ad suam humanitatem: nam blasphemia contra dei¬
1332 2085 2177 2134 atem dicitur in scripturis irremissibilis, contra autem
1324 2118 2150 2163 humanitatem dicitur remissibilis. Vnde cum ludaei
1321 2161 2148 2209 Christo blasphemiam intulissent dicentes, vorax est &
1323 2204 2153 2244 potator vini, & amicus publicanorum, & peccatorum, po
1313 2239 2156 2280 stea dixerunt blasphemiam contra virtutem suae deitatis
1324 2276 2159 2325 dicentes: hic non eiicit daemonia nisi in belxebub princi
1314 2323 2154 2367 pe daemoniorum Et ideo circa finem illius capituli sub¬
1318 2361 2150 2402 dit dominus noster lesus Christus dicens, Quicumque
1311 2397 2160 2453 contra filium hominis verbum dixerit, remittetur ei: qui
1317 2433 2153 2473 autem contra spiritum sanctum dixerit verbum, non re¬
1308 2473 2160 2517 mittetur ei, neque in hoc seculo, neque in futuro. Et isto
1313 2512 2157 2559 modo videntur loqui de peccato in spiritum sanctum do
1317 2550 2154 2602 ctores antiqui, scilicet Athanasius, Hylarius, Chrisosto¬
1307 2592 2144 2640 mus, Ambrosius, & Hicronvmus. Moderni vero doctore,
1317 2634 2153 2673 appellant peccatum in spiritum sanctum, secundum quod
1323 2674 2153 2725 quis peccat contra appropriatum spiritus sancti, & vt spi¬
1318 2713 2157 2755 ritus sanctus accipitur personaliter, puta, prout quis pec¬
1320 2749 2141 2812 cat contra diuinam voluntatem, bonitatem, & clemen¬
1311 2789 1874 2838 tiam, quae appropriatur spiritui sancto.
1345 2824 2147 2878 De numero autem; & distinctione talium peccatorum
1305 2865 2141 2911 diuersi diuersimode loquuntur. Aliqui enim videntur d
1320 2904 2148 2948 tere, quod peccata in spiritum sanctum sint quattuor, sci¬
1315 2945 2141 2985 licet desperatio, praesumptio, & agnitae veritatis, & maxi¬
1315 2985 2142 3036 me veritatis fidei impugnatio, & fraternae gratiae proxi
1309 3024 2150 3068 mo collatae inuidentia, seu aemulatio. Aliqui, addunt ob¬
1321 3060 2148 3116 tinationem, & propositum numquam poenitendi: & sic
1312 3106 2142 3158 crunt sex. Aliij addunt peccatum ex certa malitia, quod
