<?xml version="1.0" encoding="UTF-8" standalone="yes"?>
<PcGts xmlns="http://schema.primaresearch.org/PAGE/gts/pagecontent/2013-07-15" xmlns:xsi="http://www.w3.org/2001/XMLSchema-instance" xsi:schemaLocation="http://schema.primaresearch.org/PAGE/gts/pagecontent/2013-07-15 http://schema.primaresearch.org/PAGE/gts/pagecontent/2013-07-15/pagecontent.xsd">
    <Metadata>
        <Creator>prov=University of Rostock/Institute of Mathematics/CITlab|PLANET AI GmbH/Gundram Leifert/gundram.leifert@planet-ai.de:name=cod-P122zz-m2(htr_id=26330)::::v=2.6.7
prov=University of Rostock/Institute of Mathematics/CITlab|PLANET AI GmbH/Tobias Gruening/tobias.gruening@planet-ai.de:name=de.uros.citlab.module.baseline2polygon.B2PSeamMultiOriented:v=2.6.7
prov=University of Rostock/Institute of Mathematics/CITlab|PLANET AI GmbH/Tobias Gruening/tobias.gruening@planet-ai.de:name=/net_tf/LA73_249_0mod360.pb:de.uros.citlab.segmentation.CITlab_LA_ML:v=2.6.6
Transkribus</Creator>
        <Created>2020-10-05T23:24:01.936+02:00</Created>
        <LastChange>2020-10-22T21:10:43.750+02:00</LastChange>
        <TranskribusMetadata docId="505580" pageId="20954689" pageNr="460" tsid="46608727" status="IN_PROGRESS" userId="25065" imgUrl="https://files.transkribus.eu/Get?id=NQIKOKHWPOVEBYMSWDMMIULP&amp;fileType=view" xmlUrl="https://files.transkribus.eu/Get?id=RSULZTKLFLKHTEMICVSGQNWO" imageId="16095886"/>
    </Metadata>
    <Page imageFilename="459.jpg" imageWidth="2405" imageHeight="3568">
        <ReadingOrder>
            <OrderedGroup id="ro_1603931034088" caption="Regions reading order">
                <RegionRefIndexed index="0" regionRef="TextRegion_1603039320733_2351"/>
                <RegionRefIndexed index="1" regionRef="TextRegion_1603039326923_2359"/>
            </OrderedGroup>
        </ReadingOrder>
        <TextRegion orientation="0.0" id="TextRegion_1603039320733_2351" custom="readingOrder {index:0;}">
            <Coords points="422,259 1319,259 1290,2501 1288,2593 422,2593"/>
            <TextLine id="r2l5" custom="readingOrder {index:0;}">
                <Coords points="483,370 1226,373 1300,364 1300,322 1080,301 895,332 832,302 802,326 748,307 483,333"/>
                <Baseline points="488,354 528,356 568,356 609,356 649,356 689,356 730,356 770,356 810,355 851,354 891,354 931,354 972,354 1012,353 1052,353 1093,353 1133,353 1173,354 1214,354 1254,356 1295,356"/>
                <TextEquiv>
                    <Unicode>1 Forte dicetur, quod statutum est eccclesiae, vt patet</Unicode>
                </TextEquiv>
            </TextLine>
            <TextLine id="r2l8" custom="readingOrder {index:1;}">
                <Coords points="454,411 1232,409 1289,400 1289,374 453,372"/>
                <Baseline points="459,399 500,398 541,398 582,396 624,395 665,395 706,394 747,393 789,393 830,393 871,392 912,392 954,392 995,392 1036,392 1077,392 1119,392 1160,393 1201,393 1242,393 1284,395"/>
                <TextEquiv>
                    <Unicode>extra de ludaeis, quod si quis seruus ludaeorum factus fus</Unicode>
                </TextEquiv>
            </TextLine>
            <TextLine id="r2l10" custom="readingOrder {index:2;}">
                <Coords points="442,455 1257,448 1295,443 1295,410 441,414"/>
                <Baseline points="447,438 489,438 531,437 573,435 615,435 657,434 699,434 742,432 784,432 826,432 868,431 910,431 952,431 994,431 1037,431 1079,431 1121,431 1163,431 1205,431 1247,432 1290,432"/>
                <TextEquiv>
                    <Unicode>rit Christianus, statim a seruitute liberatur, si fuerit ver¬</Unicode>
                </TextEquiv>
            </TextLine>
            <TextLine id="r2l12" custom="readingOrder {index:3;}">
                <Coords points="442,483 1277,491 1303,486 1303,448 442,455"/>
                <Baseline points="447,477 489,476 532,476 574,474 617,474 659,474 702,474 744,474 787,473 829,473 872,473 915,473 957,473 1000,473 1042,473 1085,473 1127,473 1170,473 1212,473 1255,473 1298,473"/>
                <TextEquiv>
                    <Unicode>naculus, idest, in seruitute natus; ac etiam si fuerit em¬</Unicode>
                </TextEquiv>
            </TextLine>
            <TextLine id="r2l14" custom="readingOrder {index:4;}">
                <Coords points="441,543 508,524 984,527 984,487 440,482"/>
                <Baseline points="446,515 472,515 499,515 525,515 552,515 579,514 605,513 632,513 658,513 685,513 712,512 738,512 765,512 791,512 818,512 845,512 871,512 898,512 924,512 951,512 978,513"/>
                <TextEquiv>
                    <Unicode>ptitius, id est, ad seruitium emptus.</Unicode>
                </TextEquiv>
            </TextLine>
            <TextLine id="r2l16" custom="readingOrder {index:5;}">
                <Coords points="477,568 1159,556 1195,576 1295,562 1295,529 476,536"/>
                <Baseline points="482,552 522,552 562,552 603,552 643,552 683,552 724,551 764,551 804,551 845,551 885,551 925,551 966,551 1006,551 1046,551 1087,551 1127,551 1167,551 1208,551 1248,551 1289,551"/>
                <TextEquiv>
                    <Unicode>2 Praeterea, si talis Christianus maneret sub iugo hu¬</Unicode>
                </TextEquiv>
            </TextLine>
            <TextLine id="r2l18" custom="readingOrder {index:6;}">
                <Coords points="441,610 1207,611 1284,598 1284,565 441,568"/>
                <Baseline points="446,593 487,593 529,593 570,593 612,593 654,593 695,593 737,591 778,591 820,591 862,591 903,590 945,590 986,590 1028,590 1070,590 1111,590 1153,590 1194,590 1236,590 1278,591"/>
                <TextEquiv>
                    <Unicode>ius infidelis principis, tunc ille dominus infidelis posset</Unicode>
                </TextEquiv>
            </TextLine>
            <TextLine id="r2l20" custom="readingOrder {index:7;}">
                <Coords points="447,647 1273,650 1289,603 447,612"/>
                <Baseline points="452,632 493,632 535,632 576,630 618,630 659,630 701,630 742,630 784,630 825,630 867,630 909,630 950,630 992,630 1033,630 1075,630 1116,630 1158,630 1199,630 1241,629 1283,629"/>
                <TextEquiv>
                    <Unicode>talem subditum compellere ad hoc, vt Christi fidem di¬</Unicode>
                </TextEquiv>
            </TextLine>
            <TextLine id="r2l22" custom="readingOrder {index:8;}">
                <Coords points="452,680 983,684 976,641 452,646"/>
                <Baseline points="458,671 485,671 512,671 539,671 567,669 594,669 621,669 649,669 676,669 703,669 731,669 758,669 785,669 813,669 840,669 867,669 895,669 922,669 949,669 977,669"/>
                <TextEquiv>
                    <Unicode>mitteret, &amp; Christum blasphemaret</Unicode>
                </TextEquiv>
            </TextLine>
            <TextLine id="r2l24" custom="readingOrder {index:9;}">
                <Coords points="477,729 1220,731 1283,718 1283,682 477,684"/>
                <Baseline points="482,710 521,708 561,708 601,708 641,708 681,707 720,707 760,707 800,707 840,707 880,707 919,707 959,707 999,707 1039,707 1079,707 1118,708 1158,708 1198,708 1238,708 1278,708"/>
                <TextEquiv>
                    <Unicode>Respodeo, quod secus est de ludaeis, &amp; ceteris infideli¬</Unicode>
                </TextEquiv>
            </TextLine>
            <TextLine id="r2l26" custom="readingOrder {index:10;}">
                <Coords points="444,769 1285,762 1269,719 444,720"/>
                <Baseline points="450,750 491,749 533,749 574,749 616,747 657,747 699,747 740,747 782,746 823,746 865,746 906,746 948,746 989,746 1031,746 1072,747 1114,747 1155,747 1197,749 1238,749 1280,749"/>
                <TextEquiv>
                    <Unicode>bus: quia ludaei exigente suo demerito per fomanos prit</Unicode>
                </TextEquiv>
            </TextLine>
            <TextLine id="r2l28" custom="readingOrder {index:11;}">
                <Coords points="448,799 1273,807 1285,761 448,770"/>
                <Baseline points="453,789 494,789 535,789 577,788 618,788 659,788 701,788 742,788 783,786 825,786 866,786 907,786 949,786 990,786 1031,786 1073,786 1114,786 1155,786 1197,787 1238,788 1280,788"/>
                <TextEquiv>
                    <Unicode>cipes sunt in seruitutem redacti, &amp; proprii serui facti. Sei</Unicode>
                </TextEquiv>
            </TextLine>
            <TextLine id="r2l30" custom="readingOrder {index:12;}">
                <Coords points="447,845 1277,841 1277,806 447,810"/>
                <Baseline points="453,828 496,827 539,827 582,827 625,827 668,827 711,826 754,825 797,825 840,825 884,825 927,825 970,825 1013,825 1056,825 1099,827 1142,827 1185,827 1228,827 1272,827"/>
                <TextEquiv>
                    <Unicode>uus enim dicitur a seruando, quia, cum iure belli obten</Unicode>
                </TextEquiv>
            </TextLine>
            <TextLine id="r2l31" custom="readingOrder {index:13;}">
                <Coords points="442,872 1247,880 1289,877 1289,840 442,846"/>
                <Baseline points="447,866 488,866 530,866 572,866 614,866 656,864 698,864 739,864 781,864 823,864 865,864 907,864 949,864 991,864 1032,864 1074,864 1116,864 1158,866 1200,866 1242,866 1284,866"/>
                <TextEquiv>
                    <Unicode>tus iuste posset occidi a principe, seruatur: &amp; sic ipse cum</Unicode>
                </TextEquiv>
            </TextLine>
            <TextLine id="r2l34" custom="readingOrder {index:14;}">
                <Coords points="444,918 1292,915 1292,876 444,873"/>
                <Baseline points="449,906 490,906 532,906 574,905 616,905 658,905 700,905 742,905 784,905 826,905 868,905 909,905 951,905 993,905 1035,905 1077,905 1119,905 1161,905 1203,905 1245,905 1287,906"/>
                <TextEquiv>
                    <Unicode>sua posteritate in seruitutem redigitur. Sic factum est</Unicode>
                </TextEquiv>
            </TextLine>
            <TextLine id="r2l35" custom="readingOrder {index:15;}">
                <Coords points="447,957 1275,960 1275,919 1245,914 447,917"/>
                <Baseline points="452,944 492,944 533,944 574,942 615,942 656,942 697,942 737,942 778,942 819,942 860,942 901,942 942,942 983,942 1023,942 1064,944 1105,944 1146,944 1187,944 1228,944 1269,942"/>
                <TextEquiv>
                    <Unicode>de ludeis per Titum&amp; vespesianum. Cum igitur in suc</Unicode>
                </TextEquiv>
            </TextLine>
            <TextLine id="r2l37" custom="readingOrder {index:16;}">
                <Coords points="445,995 1215,1000 1285,992 1285,959 445,965"/>
                <Baseline points="450,984 491,983 533,983 574,983 616,983 657,983 699,983 740,983 782,983 823,983 865,983 906,983 948,983 989,983 1031,984 1072,984 1114,984 1155,984 1197,984 1238,983 1280,983"/>
                <TextEquiv>
                    <Unicode>cessu temporis Romani principes facti sint Christiani: er</Unicode>
                </TextEquiv>
            </TextLine>
            <TextLine id="r2l39" custom="readingOrder {index:17;}">
                <Coords points="441,1046 483,1026 1276,1044 1276,1001 1176,990 441,995"/>
                <Baseline points="446,1025 487,1024 528,1023 569,1023 611,1023 652,1022 693,1022 734,1022 776,1022 817,1022 858,1022 899,1022 941,1022 982,1022 1023,1022 1064,1022 1106,1022 1147,1022 1188,1022 1229,1021 1271,1020"/>
                <TextEquiv>
                    <Unicode>go Romana ecclesia ad fauorem fidei seruos ludeorum</Unicode>
                </TextEquiv>
            </TextLine>
            <TextLine id="r2l41" custom="readingOrder {index:18;}">
                <Coords points="435,1070 1276,1071 1276,1043 1215,1031 435,1043"/>
                <Baseline points="440,1064 481,1063 523,1062 564,1062 606,1062 647,1061 689,1061 730,1061 772,1061 813,1061 855,1061 897,1061 938,1061 980,1062 1021,1062 1063,1062 1104,1062 1146,1062 1187,1062 1229,1061 1271,1061"/>
                <TextEquiv>
                    <Unicode>ad fidem conuersos, potest liberos reddere: quia ipsi fu¬</Unicode>
                </TextEquiv>
            </TextLine>
            <TextLine id="r2l43" custom="readingOrder {index:19;}">
                <Coords points="438,1109 1281,1109 1281,1077 1213,1069 438,1076"/>
                <Baseline points="443,1103 484,1101 526,1101 567,1101 609,1101 651,1101 692,1101 734,1101 775,1100 817,1100 859,1100 900,1100 942,1100 983,1100 1025,1101 1067,1101 1108,1101 1150,1101 1191,1101 1233,1101 1275,1100"/>
                <TextEquiv>
                    <Unicode>dei &amp; bona eorum subsunt auctoritati ccclesiae per fauo¬</Unicode>
                </TextEquiv>
            </TextLine>
            <TextLine id="r2l45" custom="readingOrder {index:20;}">
                <Coords points="438,1151 1216,1157 1281,1151 1281,1113 438,1121"/>
                <Baseline points="443,1140 484,1140 526,1140 567,1140 609,1140 651,1139 692,1139 734,1139 775,1139 817,1139 859,1139 900,1139 942,1139 983,1139 1025,1140 1067,1140 1108,1140 1150,1140 1191,1140 1233,1140 1275,1140"/>
                <TextEquiv>
                    <Unicode>rem Homanorum Imperatorum, qui hoc ecclesiae contu</Unicode>
                </TextEquiv>
            </TextLine>
            <TextLine id="r2l47" custom="readingOrder {index:21;}">
                <Coords points="439,1195 1200,1187 1200,1156 1146,1148 439,1152"/>
                <Baseline points="444,1181 481,1181 519,1179 556,1179 594,1179 631,1178 669,1178 706,1178 744,1178 781,1178 819,1178 856,1178 894,1178 931,1178 969,1179 1006,1179 1044,1179 1081,1179 1119,1179 1156,1178 1194,1178"/>
                <TextEquiv>
                    <Unicode>lerunt: hoc autem non tenet de ceteris infidelibus.</Unicode>
                </TextEquiv>
            </TextLine>
            <TextLine id="r2l49" custom="readingOrder {index:22;}">
                <Coords points="474,1228 1285,1233 1285,1195 1191,1187 474,1195"/>
                <Baseline points="479,1218 519,1218 559,1218 599,1218 639,1218 679,1217 719,1217 759,1217 799,1217 839,1217 879,1217 919,1217 959,1217 999,1217 1039,1218 1079,1218 1119,1218 1159,1218 1199,1219 1239,1220 1280,1220"/>
                <TextEquiv>
                    <Unicode>Ad secundam instantiam dicendum, quod si princeps</Unicode>
                </TextEquiv>
            </TextLine>
            <TextLine id="r2l51" custom="readingOrder {index:23;}">
                <Coords points="438,1267 1268,1273 1268,1240 1215,1225 438,1229"/>
                <Baseline points="443,1257 486,1257 529,1256 572,1256 615,1256 658,1256 701,1256 744,1256 787,1256 830,1256 874,1256 917,1257 960,1257 1003,1257 1046,1257 1089,1259 1132,1259 1175,1259 1218,1260 1262,1260"/>
                <TextEquiv>
                    <Unicode>infidelis cogeret subditum fidelem ad negandum fidem</Unicode>
                </TextEquiv>
            </TextLine>
            <TextLine id="r2l53" custom="readingOrder {index:24;}">
                <Coords points="438,1310 1201,1312 1274,1308 1275,1268 438,1267"/>
                <Baseline points="443,1296 484,1296 525,1295 566,1295 608,1295 649,1295 690,1295 732,1295 773,1295 814,1295 856,1295 897,1295 938,1295 979,1295 1021,1295 1062,1296 1103,1296 1145,1296 1186,1298 1227,1298 1269,1298"/>
                <TextEquiv>
                    <Unicode>tuc abuteretur sua potestate: propter quod mereretur ea</Unicode>
                </TextEquiv>
            </TextLine>
            <TextLine id="r2l55" custom="readingOrder {index:25;}">
                <Coords points="432,1355 1232,1358 1270,1350 1271,1306 432,1319"/>
                <Baseline points="437,1337 478,1337 519,1336 561,1335 602,1335 644,1335 685,1335 726,1335 768,1335 809,1335 851,1335 892,1335 933,1335 975,1335 1016,1335 1058,1335 1099,1337 1140,1337 1182,1337 1223,1337 1265,1338"/>
                <TextEquiv>
                    <Unicode>perdere, &amp; etiam iustum bellum contra ipsum, &amp; contr</Unicode>
                </TextEquiv>
            </TextLine>
            <TextLine id="r2l57" custom="readingOrder {index:26;}">
                <Coords points="444,1386 1281,1388 1281,1349 1212,1344 444,1350"/>
                <Baseline points="450,1374 491,1374 532,1374 573,1374 615,1374 656,1374 697,1374 738,1373 780,1373 821,1373 862,1373 903,1373 945,1373 986,1373 1027,1373 1068,1374 1110,1374 1151,1374 1192,1374 1233,1376 1275,1376"/>
                <TextEquiv>
                    <Unicode>suum dominium per ecclesiam, &amp;omnes Christianos pos</Unicode>
                </TextEquiv>
            </TextLine>
            <TextLine id="r2l59" custom="readingOrder {index:27;}">
                <Coords points="441,1425 1279,1426 1279,1390 1217,1383 441,1386"/>
                <Baseline points="446,1413 487,1413 528,1413 570,1413 611,1413 653,1413 694,1413 735,1413 777,1413 818,1415 860,1415 901,1415 942,1415 984,1415 1025,1415 1067,1415 1108,1415 1149,1415 1191,1415 1232,1415 1274,1415"/>
                <TextEquiv>
                    <Unicode>set moueri intantum, quod non solum subditi a suo do¬</Unicode>
                </TextEquiv>
            </TextLine>
            <TextLine id="r2l61" custom="readingOrder {index:28;}">
                <Coords points="450,1465 1276,1466 1276,1428 1249,1420 1210,1440 451,1434"/>
                <Baseline points="456,1454 496,1452 537,1452 578,1452 619,1452 659,1451 700,1451 741,1451 782,1451 822,1451 863,1452 904,1452 945,1452 985,1452 1026,1452 1067,1454 1108,1454 1148,1454 1189,1454 1230,1454 1271,1455"/>
                <TextEquiv>
                    <Unicode>minio possent inste liberari, verum etiam persona talis</Unicode>
                </TextEquiv>
            </TextLine>
            <TextLine id="r2l63" custom="readingOrder {index:29;}">
                <Coords points="450,1501 1287,1506 1271,1465 450,1465"/>
                <Baseline points="456,1494 497,1494 538,1493 579,1493 621,1493 662,1493 703,1493 744,1493 786,1493 827,1493 868,1493 909,1493 951,1493 992,1493 1033,1494 1074,1494 1116,1494 1157,1494 1198,1494 1239,1494 1281,1494"/>
                <TextEquiv>
                    <Unicode>principis iuste posset in seruitutem redigi, vel etiam pri¬</Unicode>
                </TextEquiv>
            </TextLine>
            <TextLine id="r2l65" custom="readingOrder {index:30;}">
                <Coords points="440,1554 461,1553 465,1549 476,1552 494,1539 501,1541 505,1536 516,1537 514,1503 496,1501 485,1504 479,1510 470,1505 461,1513 437,1512"/>
                <Baseline points="444,1533 477,1532 510,1530"/>
                <TextEquiv>
                    <Unicode>uari.</Unicode>
                </TextEquiv>
            </TextLine>
            <TextLine id="r2l67" custom="readingOrder {index:31;}">
                <Coords points="480,1579 1280,1591 1280,1544 1257,1539 480,1544"/>
                <Baseline points="485,1569 524,1569 563,1571 603,1571 642,1571 682,1571 721,1571 761,1571 800,1571 840,1571 879,1571 918,1571 958,1571 997,1571 1037,1571 1076,1571 1116,1572 1155,1572 1195,1572 1234,1574 1274,1575"/>
                <TextEquiv>
                    <Unicode>Ad primum motiuum illius opinionis dicedum, quod</Unicode>
                </TextEquiv>
            </TextLine>
            <TextLine id="r2l69" custom="readingOrder {index:32;}">
                <Coords points="432,1615 1280,1619 1280,1590 1186,1580 432,1585"/>
                <Baseline points="437,1610 478,1608 520,1608 562,1608 604,1608 646,1608 688,1608 729,1610 771,1610 813,1610 855,1610 897,1610 939,1610 981,1611 1022,1611 1064,1611 1106,1611 1148,1611 1190,1613 1232,1613 1274,1613"/>
                <TextEquiv>
                    <Unicode>nisi aliquo alio modo princeps infidelis abutatur sua po¬</Unicode>
                </TextEquiv>
            </TextLine>
            <TextLine id="r2l71" custom="readingOrder {index:33;}">
                <Coords points="441,1664 1270,1662 1270,1629 1223,1623 441,1627"/>
                <Baseline points="447,1647 487,1647 528,1649 569,1649 610,1649 651,1649 692,1649 733,1649 774,1649 815,1649 856,1649 896,1649 937,1649 978,1649 1019,1649 1060,1650 1101,1650 1142,1650 1183,1651 1224,1652 1265,1653"/>
                <TextEquiv>
                    <Unicode>testate, ex simplici sua infideitate non meretur eam pdero</Unicode>
                </TextEquiv>
            </TextLine>
            <TextLine id="r2l73" custom="readingOrder {index:34;}">
                <Coords points="482,1700 1261,1701 1261,1665 1221,1661 483,1655"/>
                <Baseline points="488,1686 526,1688 564,1688 603,1688 641,1688 680,1689 718,1689 756,1689 795,1689 833,1689 872,1689 910,1689 948,1689 987,1689 1025,1689 1064,1689 1102,1689 1140,1689 1179,1691 1217,1691 1256,1692"/>
                <TextEquiv>
                    <Unicode>Ad secundum dicendum, quod illa verba Christi pos</Unicode>
                </TextEquiv>
            </TextLine>
            <TextLine id="r2l75" custom="readingOrder {index:35;}">
                <Coords points="436,1736 1265,1743 1265,1715 1199,1697 436,1696"/>
                <Baseline points="441,1727 484,1727 527,1728 570,1728 613,1728 656,1728 699,1728 742,1727 785,1727 828,1727 872,1727 915,1727 958,1727 1001,1728 1044,1728 1087,1728 1130,1730 1173,1730 1216,1731 1260,1733"/>
                <TextEquiv>
                    <Unicode>sunt intelligi de libertate, qua liberati sunt Christiant</Unicode>
                </TextEquiv>
            </TextLine>
            <TextLine id="r2l77" custom="readingOrder {index:36;}">
                <Coords points="441,1775 1277,1782 1277,1743 442,1736"/>
                <Baseline points="447,1766 488,1766 529,1766 570,1767 612,1767 653,1767 694,1767 735,1767 777,1767 818,1767 859,1767 900,1766 942,1766 983,1766 1024,1767 1065,1767 1107,1767 1148,1769 1189,1769 1230,1770 1272,1772"/>
                <TextEquiv>
                    <Unicode>seruitute legis Mosavcae, quantum ad obseruantiam ceri</Unicode>
                </TextEquiv>
            </TextLine>
            <TextLine id="r2l79" custom="readingOrder {index:37;}">
                <Coords points="448,1816 1275,1822 1275,1787 1219,1778 448,1785"/>
                <Baseline points="453,1805 493,1805 534,1806 575,1806 616,1806 657,1806 697,1806 738,1806 779,1806 820,1806 861,1806 901,1806 942,1806 983,1806 1024,1806 1065,1806 1105,1807 1146,1808 1187,1809 1228,1809 1269,1811"/>
                <TextEquiv>
                    <Unicode>monialium praeceptorum. Possunt etiam intelligi de liber¬</Unicode>
                </TextEquiv>
            </TextLine>
            <TextLine id="r2l81" custom="readingOrder {index:38;}">
                <Coords points="429,1860 1254,1863 1276,1823 429,1828"/>
                <Baseline points="434,1845 475,1845 517,1845 559,1845 601,1845 643,1845 685,1845 726,1845 768,1845 810,1845 852,1845 894,1845 936,1846 978,1847 1019,1847 1061,1847 1103,1847 1145,1847 1187,1847 1229,1848 1271,1848"/>
                <TextEquiv>
                    <Unicode>rtate, qua liberati sumus a peccato, &amp;a diaboli seruiture.</Unicode>
                </TextEquiv>
            </TextLine>
            <TextLine id="r2l83" custom="readingOrder {index:39;}">
                <Coords points="480,1896 1262,1890 1236,1856 480,1858"/>
                <Baseline points="486,1883 524,1884 563,1884 601,1884 640,1884 678,1884 717,1883 755,1883 794,1883 832,1883 871,1883 909,1883 948,1884 986,1884 1025,1884 1063,1884 1102,1884 1140,1885 1179,1886 1217,1886 1256,1887"/>
                <TextEquiv>
                    <Unicode>Ad tertium dicendum, quod Christus intelligit ibi</Unicode>
                </TextEquiv>
            </TextLine>
            <TextLine id="r2l85" custom="readingOrder {index:40;}">
                <Coords points="432,1936 1279,1940 1279,1906 1224,1895 432,1895"/>
                <Baseline points="437,1925 478,1925 520,1925 562,1925 604,1925 646,1925 688,1925 729,1923 771,1923 813,1923 855,1923 897,1923 939,1925 981,1925 1022,1925 1064,1925 1106,1925 1148,1925 1190,1926 1232,1926 1274,1928"/>
                <TextEquiv>
                    <Unicode>filios Apostolos, qui de bonis huius mundi nihil posside</Unicode>
                </TextEquiv>
            </TextLine>
            <TextLine id="r2l87" custom="readingOrder {index:41;}">
                <Coords points="432,1974 1280,1978 1280,1940 1243,1936 432,1935"/>
                <Baseline points="437,1962 478,1962 520,1962 562,1962 604,1962 646,1962 688,1962 730,1962 772,1962 814,1962 856,1962 897,1962 939,1962 981,1962 1023,1962 1065,1962 1107,1963 1149,1964 1191,1965 1233,1966 1275,1967"/>
                <TextEquiv>
                    <Unicode>bant, teste Pet ro, qui ait, Ecce nos reliquimus omnia &amp; </Unicode>
                </TextEquiv>
            </TextLine>
            <TextLine id="r2l89" custom="readingOrder {index:42;}">
                <Coords points="434,2017 1191,2020 1268,2017 1269,1987 434,1975"/>
                <Baseline points="440,2001 481,2001 522,2001 563,2001 604,2001 645,2001 686,2001 728,2001 769,2001 810,2001 851,2001 892,2001 933,2001 974,2001 1016,2001 1057,2003 1098,2003 1139,2003 1180,2004 1221,2004 1263,2006"/>
                <TextEquiv>
                    <Unicode>secuti sumus te,. &amp; ideo non tenebantur ad solutionen</Unicode>
                </TextEquiv>
            </TextLine>
            <TextLine id="r2l91" custom="readingOrder {index:43;}">
                <Coords points="441,2050 1270,2059 1260,2015 442,2020"/>
                <Baseline points="447,2039 487,2039 528,2040 569,2040 610,2040 651,2040 692,2040 733,2040 774,2040 815,2040 856,2040 896,2040 937,2040 978,2040 1019,2042 1060,2042 1101,2042 1142,2043 1183,2044 1224,2045 1265,2046"/>
                <TextEquiv>
                    <Unicode>tributi. Sed ludaeis, qui bona mundi possidebant, dixit idei</Unicode>
                </TextEquiv>
            </TextLine>
            <TextLine id="r2l93" custom="readingOrder {index:44;}">
                <Coords points="435,2088 1279,2100 1279,2066 1230,2054 435,2050"/>
                <Baseline points="440,2079 481,2079 523,2081 565,2081 606,2081 648,2081 690,2081 731,2081 773,2081 815,2081 857,2081 898,2081 940,2081 982,2081 1023,2081 1065,2081 1107,2082 1148,2082 1190,2084 1232,2084 1274,2085"/>
                <TextEquiv>
                    <Unicode>Christus, Reddite, quae sunt Cesaris Caesari, &amp; quae sunt</Unicode>
                </TextEquiv>
            </TextLine>
            <TextLine id="r2l95" custom="readingOrder {index:45;}">
                <Coords points="436,2135 1273,2141 1273,2106 1225,2092 436,2088"/>
                <Baseline points="441,2117 482,2118 523,2120 565,2120 606,2120 647,2120 689,2121 730,2121 771,2121 813,2121 854,2121 895,2121 937,2121 978,2121 1019,2121 1061,2121 1102,2121 1143,2122 1185,2123 1226,2123 1268,2124"/>
                <TextEquiv>
                    <Unicode>Dei Deo. Quasi dicat, Tributum dare debetis de tempo</Unicode>
                </TextEquiv>
            </TextLine>
            <TextLine id="r2l97" custom="readingOrder {index:46;}">
                <Coords points="433,2174 507,2166 568,2182 584,2169 700,2168 711,2178 770,2169 770,2140 752,2131 725,2139 683,2127 640,2143 433,2131"/>
                <Baseline points="438,2160 463,2160 488,2160 513,2160 538,2160 563,2160 588,2160 614,2160 639,2160 664,2160 689,2160 714,2160 739,2160 765,2160"/>
                <TextEquiv>
                    <Unicode>ralibus, quae possidetis</Unicode>
                </TextEquiv>
            </TextLine>
            <TextLine id="r2l99" custom="readingOrder {index:47;}">
                <Coords points="462,2216 1234,2219 1262,2212 1262,2169 462,2172"/>
                <Baseline points="468,2198 507,2198 546,2199 586,2199 625,2199 665,2199 704,2199 744,2199 783,2199 823,2198 862,2198 901,2198 941,2198 980,2198 1020,2199 1059,2199 1099,2199 1138,2200 1178,2201 1217,2202 1257,2204"/>
                <TextEquiv>
                    <Unicode>Ad quartum dicendum, quod quamuis per gratiam, &amp;</Unicode>
                </TextEquiv>
            </TextLine>
            <TextLine id="r2l101" custom="readingOrder {index:48;}">
                <Coords points="433,2245 1264,2252 1264,2208 1070,2228 993,2204 433,2212"/>
                <Baseline points="438,2237 479,2238 520,2238 561,2238 602,2238 643,2238 684,2238 725,2238 766,2238 807,2238 848,2238 889,2238 930,2238 971,2238 1012,2238 1053,2238 1094,2240 1135,2240 1176,2241 1217,2243 1259,2244"/>
                <TextEquiv>
                    <Unicode>caritatem, ac etiam per catholicam fidem, quam Chri¬</Unicode>
                </TextEquiv>
            </TextLine>
            <TextLine id="r2l103" custom="readingOrder {index:49;}">
                <Coords points="417,2289 1237,2300 1268,2291 1269,2254 417,2256"/>
                <Baseline points="422,2276 464,2276 506,2276 548,2277 590,2277 632,2277 674,2277 716,2277 758,2279 800,2279 842,2279 884,2279 926,2279 968,2279 1010,2279 1052,2279 1094,2279 1136,2280 1178,2280 1220,2280 1263,2282"/>
                <TextEquiv>
                    <Unicode>stianus recipit in baptismo, anima liberetur a malo culpae</Unicode>
                </TextEquiv>
            </TextLine>
            <TextLine id="r2l105" custom="readingOrder {index:50;}">
                <Coords points="427,2324 1270,2339 1270,2292 427,2293"/>
                <Baseline points="432,2315 473,2315 515,2315 556,2316 598,2316 640,2316 681,2316 723,2316 765,2316 806,2316 848,2316 890,2316 931,2316 973,2317 1015,2318 1056,2318 1098,2318 1140,2318 1181,2319 1223,2319 1265,2321"/>
                <TextEquiv>
                    <Unicode>tamen corpus suum non liberabitur a malo poenae mori</Unicode>
                </TextEquiv>
            </TextLine>
            <TextLine id="r2l107" custom="readingOrder {index:51;}">
                <Coords points="424,2362 1256,2369 1256,2336 1160,2326 424,2336"/>
                <Baseline points="429,2355 470,2355 511,2355 552,2355 593,2355 634,2355 675,2355 716,2355 757,2355 798,2356 840,2357 881,2357 922,2357 963,2357 1004,2358 1045,2358 1086,2358 1127,2358 1168,2358 1209,2357 1251,2357"/>
                <TextEquiv>
                    <Unicode>tur enim baptixatus, sicut non baptixatus, nec etiam per</Unicode>
                </TextEquiv>
            </TextLine>
            <TextLine id="r2l109" custom="readingOrder {index:52;}">
                <Coords points="426,2408 1275,2409 1266,2369 427,2364"/>
                <Baseline points="432,2394 473,2394 515,2394 557,2394 599,2394 641,2394 683,2394 724,2394 766,2394 808,2394 850,2396 892,2396 934,2396 976,2396 1017,2397 1059,2397 1101,2397 1143,2398 1185,2399 1227,2399 1269,2400"/>
                <TextEquiv>
                    <Unicode>fidem liberamur a debito iustitiae, sed iustum est principi</Unicode>
                </TextEquiv>
            </TextLine>
            <TextLine id="r2l111" custom="readingOrder {index:53;}">
                <Coords points="423,2440 1265,2454 1265,2416 1176,2406 423,2413"/>
                <Baseline points="429,2432 470,2433 512,2433 553,2433 595,2433 636,2435 678,2435 719,2435 761,2435 802,2435 844,2435 886,2435 927,2435 969,2436 1010,2436 1052,2436 1093,2436 1135,2438 1176,2438 1218,2439 1260,2439"/>
                <TextEquiv>
                    <Unicode>obedire, quamuis infideli, qui dominium suum iuste con</Unicode>
                </TextEquiv>
            </TextLine>
            <TextLine id="r2l113" custom="readingOrder {index:54;}">
                <Coords points="424,2483 1012,2488 1012,2445 830,2459 424,2442"/>
                <Baseline points="429,2474 457,2474 486,2474 515,2474 544,2474 573,2474 602,2474 631,2474 660,2474 689,2474 718,2474 746,2474 775,2474 804,2474 833,2475 862,2475 891,2475 920,2475 949,2475 978,2475 1007,2475"/>
                <TextEquiv>
                    <Unicode>secutus est, &amp; iuste, &amp; ordinate eo vtitur</Unicode>
                </TextEquiv>
            </TextLine>
            <TextLine id="r2l115" custom="readingOrder {index:55;}">
                <Coords points="454,2523 1228,2536 1250,2533 1251,2477 454,2494"/>
                <Baseline points="459,2514 498,2514 537,2513 576,2513 616,2513 655,2514 694,2514 734,2514 773,2514 812,2516 852,2516 891,2516 930,2517 969,2517 1009,2517 1048,2519 1087,2519 1127,2519 1166,2519 1205,2517 1245,2517"/>
                <TextEquiv>
                    <Unicode>Ad quintum dicendum, quod si vnus coniugum ad fi</Unicode>
                </TextEquiv>
            </TextLine>
            <TextEquiv>
                <Unicode>1 Forte dicetur, quod statutum est eccclesiae, vt patet
extra de ludaeis, quod si quis seruus ludaeorum factus fus
rit Christianus, statim a seruitute liberatur, si fuerit ver¬
naculus, idest, in seruitute natus; ac etiam si fuerit em¬
ptitius, id est, ad seruitium emptus.
2 Praeterea, si talis Christianus maneret sub iugo hu¬
ius infidelis principis, tunc ille dominus infidelis posset
talem subditum compellere ad hoc, vt Christi fidem di¬
mitteret, &amp; Christum blasphemaret
Respodeo, quod secus est de ludaeis, &amp; ceteris infideli¬
bus: quia ludaei exigente suo demerito per fomanos prit
cipes sunt in seruitutem redacti, &amp; proprii serui facti. Sei
uus enim dicitur a seruando, quia, cum iure belli obten
tus iuste posset occidi a principe, seruatur: &amp; sic ipse cum
sua posteritate in seruitutem redigitur. Sic factum est
de ludeis per Titum&amp; vespesianum. Cum igitur in suc
cessu temporis Romani principes facti sint Christiani: er
go Romana ecclesia ad fauorem fidei seruos ludeorum
ad fidem conuersos, potest liberos reddere: quia ipsi fu¬
dei &amp; bona eorum subsunt auctoritati ccclesiae per fauo¬
rem Homanorum Imperatorum, qui hoc ecclesiae contu
lerunt: hoc autem non tenet de ceteris infidelibus.
Ad secundam instantiam dicendum, quod si princeps
infidelis cogeret subditum fidelem ad negandum fidem
tuc abuteretur sua potestate: propter quod mereretur ea
perdere, &amp; etiam iustum bellum contra ipsum, &amp; contr
suum dominium per ecclesiam, &amp;omnes Christianos pos
set moueri intantum, quod non solum subditi a suo do¬
minio possent inste liberari, verum etiam persona talis
principis iuste posset in seruitutem redigi, vel etiam pri¬
uari.
Ad primum motiuum illius opinionis dicedum, quod
nisi aliquo alio modo princeps infidelis abutatur sua po¬
testate, ex simplici sua infideitate non meretur eam pdero
Ad secundum dicendum, quod illa verba Christi pos
sunt intelligi de libertate, qua liberati sunt Christiant
seruitute legis Mosavcae, quantum ad obseruantiam ceri
monialium praeceptorum. Possunt etiam intelligi de liber¬
rtate, qua liberati sumus a peccato, &amp;a diaboli seruiture.
Ad tertium dicendum, quod Christus intelligit ibi
filios Apostolos, qui de bonis huius mundi nihil posside
bant, teste Pet ro, qui ait, Ecce nos reliquimus omnia &amp; 
secuti sumus te,. &amp; ideo non tenebantur ad solutionen
tributi. Sed ludaeis, qui bona mundi possidebant, dixit idei
Christus, Reddite, quae sunt Cesaris Caesari, &amp; quae sunt
Dei Deo. Quasi dicat, Tributum dare debetis de tempo
ralibus, quae possidetis
Ad quartum dicendum, quod quamuis per gratiam, &amp;
caritatem, ac etiam per catholicam fidem, quam Chri¬
stianus recipit in baptismo, anima liberetur a malo culpae
tamen corpus suum non liberabitur a malo poenae mori
tur enim baptixatus, sicut non baptixatus, nec etiam per
fidem liberamur a debito iustitiae, sed iustum est principi
obedire, quamuis infideli, qui dominium suum iuste con
secutus est, &amp; iuste, &amp; ordinate eo vtitur
Ad quintum dicendum, quod si vnus coniugum ad fi</Unicode>
            </TextEquiv>
        </TextRegion>
        <TextRegion orientation="0.0" id="TextRegion_1603039326923_2359" custom="readingOrder {index:1;}">
            <Coords points="1319,259 2196,259 2196,2588 1288,2588 1290,2501"/>
            <TextLine id="r2l6" custom="readingOrder {index:0;}">
                <Coords points="1354,364 2201,365 2201,319 2097,309 1354,319"/>
                <Baseline points="1359,357 1400,357 1442,357 1484,356 1526,356 1568,356 1610,356 1651,355 1693,354 1735,354 1777,354 1819,354 1861,354 1903,354 1944,354 1986,354 2028,354 2070,354 2112,354 2154,355 2196,356"/>
                <TextEquiv>
                    <Unicode>dem conuertitur, altero manente infideli, si infidelis com</Unicode>
                </TextEquiv>
            </TextLine>
            <TextLine id="r2l7" custom="readingOrder {index:1;}">
                <Coords points="1348,409 2107,414 2198,404 2198,364 1347,362"/>
                <Baseline points="1353,396 1395,395 1437,395 1479,395 1521,395 1563,395 1605,395 1647,394 1689,393 1731,393 1773,393 1815,393 1857,393 1899,393 1941,393 1983,393 2025,393 2067,393 2109,393 2151,394 2193,395"/>
                <TextEquiv>
                    <Unicode>sentit habitare cum fideli ipsum non turbando, &amp; allicien</Unicode>
                </TextEquiv>
            </TextLine>
            <TextLine id="r2l9" custom="readingOrder {index:2;}">
                <Coords points="1341,440 2198,445 2173,402 1341,414"/>
                <Baseline points="1346,434 1388,434 1430,434 1472,434 1515,432 1557,432 1599,432 1642,432 1684,431 1726,431 1769,431 1811,431 1853,431 1895,431 1938,431 1980,431 2022,432 2065,432 2107,432 2149,434 2192,434"/>
                <TextEquiv>
                    <Unicode>do ad infidelitatem, &amp; absque blasphemia Creatoris, tuc</Unicode>
                </TextEquiv>
            </TextLine>
            <TextLine id="r2l11" custom="readingOrder {index:3;}">
                <Coords points="1350,481 2194,481 2194,447 2162,442 1350,441"/>
                <Baseline points="1355,474 1396,474 1438,473 1480,473 1521,473 1563,473 1605,472 1646,471 1688,471 1730,471 1772,471 1813,471 1855,471 1897,471 1938,471 1980,473 2022,473 2063,473 2105,473 2147,473 2189,474"/>
                <TextEquiv>
                    <Unicode>fidelis non est absolutus a vinculo matrimonii. Si autem</Unicode>
                </TextEquiv>
            </TextLine>
            <TextLine id="r2l13" custom="readingOrder {index:4;}">
                <Coords points="1344,521 2180,525 2195,481 1344,485"/>
                <Baseline points="1349,512 1391,513 1433,513 1475,513 1517,513 1559,512 1601,512 1643,512 1685,512 1727,512 1769,512 1811,512 1853,512 1895,512 1937,512 1979,512 2021,512 2063,512 2105,512 2147,513 2190,513"/>
                <TextEquiv>
                    <Unicode>infidelis nollet fideli cohabitare, nisi ipsum alliciendo ad</Unicode>
                </TextEquiv>
            </TextLine>
            <TextLine id="r2l15" custom="readingOrder {index:5;}">
                <Coords points="1342,563 2196,567 2196,524 2159,521 1342,521"/>
                <Baseline points="1347,552 1389,552 1431,551 1473,551 1515,551 1557,551 1599,551 1642,551 1684,551 1726,551 1768,551 1810,551 1852,551 1894,551 1937,551 1979,551 2021,551 2063,552 2105,552 2147,552 2190,552"/>
                <TextEquiv>
                    <Unicode>infidelitatem, &amp; creatorem plasphemando, tunc suo de¬</Unicode>
                </TextEquiv>
            </TextLine>
            <TextLine id="r2l17" custom="readingOrder {index:6;}">
                <Coords points="1335,603 2189,606 2189,559 1335,568"/>
                <Baseline points="1340,591 1382,591 1424,590 1466,590 1508,590 1550,590 1592,590 1635,588 1677,588 1719,588 1761,588 1803,588 1845,588 1887,588 1930,588 1972,588 2014,590 2056,590 2098,590 2140,591 2183,591"/>
                <TextEquiv>
                    <Unicode>merito perdit ius, quod habuit in personam fidelem, &amp;</Unicode>
                </TextEquiv>
            </TextLine>
            <TextLine id="r2l19" custom="readingOrder {index:7;}">
                <Coords points="1350,637 2114,652 2182,638 2182,607 1350,612"/>
                <Baseline points="1356,629 1397,630 1438,630 1479,630 1520,630 1561,630 1602,629 1643,629 1684,629 1725,629 1766,629 1807,629 1848,629 1889,629 1930,629 1971,629 2012,629 2053,629 2094,629 2135,630 2177,630"/>
                <TextEquiv>
                    <Unicode>per consequens iuste absoluitur fidelis ab infideli. De isti</Unicode>
                </TextEquiv>
            </TextLine>
            <TextLine id="r2l21" custom="readingOrder {index:8;}">
                <Coords points="1342,682 2192,689 2192,638 1342,652"/>
                <Baseline points="1347,669 1389,669 1431,669 1473,668 1515,668 1557,668 1599,668 1641,668 1683,668 1725,668 1767,668 1809,668 1851,668 1893,668 1935,668 1977,669 2019,669 2061,669 2103,669 2145,669 2187,669"/>
                <TextEquiv>
                    <Unicode>etiam magis complete apparuit in isto lib. 4. Et sic eoden</Unicode>
                </TextEquiv>
            </TextLine>
            <TextLine id="r2l23" custom="readingOrder {index:9;}">
                <Coords points="1330,721 2195,726 2195,688 2121,676 1330,686"/>
                <Baseline points="1335,708 1377,708 1420,707 1463,707 1506,707 1548,707 1591,706 1634,705 1677,705 1719,705 1762,705 1805,705 1848,707 1890,707 1933,707 1976,707 2019,707 2061,708 2104,708 2147,708 2190,708"/>
                <TextEquiv>
                    <Unicode>modo, si princeps infidelis nihil exigit a subdito fideli prae</Unicode>
                </TextEquiv>
            </TextLine>
            <TextLine id="r2l25" custom="readingOrder {index:10;}">
                <Coords points="1335,750 2195,762 2170,719 1335,720"/>
                <Baseline points="1340,749 1382,749 1424,747 1467,747 1509,747 1552,747 1594,747 1637,747 1679,747 1722,747 1764,747 1806,747 1849,747 1891,747 1934,747 1976,747 2019,748 2061,749 2104,749 2146,749 2189,750"/>
                <TextEquiv>
                    <Unicode>ter illud, quod de iure debet exigere, tunc subditus tene</Unicode>
                </TextEquiv>
            </TextLine>
            <TextLine id="r2l27" custom="readingOrder {index:11;}">
                <Coords points="1341,803 2142,807 2186,801 2186,758 1341,765"/>
                <Baseline points="1346,788 1387,788 1429,788 1471,788 1513,788 1554,788 1596,786 1638,786 1680,786 1721,786 1763,786 1805,786 1847,786 1888,786 1930,786 1972,786 2014,788 2055,788 2097,788 2139,789 2181,789"/>
                <TextEquiv>
                    <Unicode>tur obedire. Si autem subditum vellet artare ad ea, qua</Unicode>
                </TextEquiv>
            </TextLine>
            <TextLine id="r2l29" custom="readingOrder {index:12;}">
                <Coords points="1343,836 2180,842 2174,799 1344,803"/>
                <Baseline points="1349,825 1390,825 1431,825 1472,825 1514,825 1555,825 1596,825 1637,825 1679,825 1720,825 1761,825 1802,825 1844,825 1885,825 1926,827 1967,827 2009,827 2050,827 2091,827 2132,828 2174,828"/>
                <TextEquiv>
                    <Unicode>essent contra Deum, &amp; contra animae suae salutem, tun</Unicode>
                </TextEquiv>
            </TextLine>
            <TextLine id="r2l32" custom="readingOrder {index:13;}">
                <Coords points="1347,877 2146,886 2182,874 2183,843 1347,847"/>
                <Baseline points="1352,864 1393,864 1434,865 1475,866 1517,866 1558,866 1599,866 1640,866 1682,866 1723,866 1764,866 1805,866 1847,866 1888,867 1929,867 1970,867 2012,867 2053,867 2094,867 2135,867 2177,867"/>
                <TextEquiv>
                    <Unicode>nfidelis princeps perderet illud ius, quod habuit super</Unicode>
                </TextEquiv>
            </TextLine>
            <TextLine id="r2l33" custom="readingOrder {index:14;}">
                <Coords points="1339,919 1395,913 1408,925 1559,913 1591,926 1604,916 1655,915 1655,883 1638,878 1611,884 1587,875 1570,885 1521,874 1469,887 1394,876 1373,886 1339,874"/>
                <Baseline points="1344,905 1369,906 1394,906 1420,906 1445,905 1471,905 1496,905 1521,905 1547,905 1572,905 1598,905 1623,905 1649,906"/>
                <TextEquiv>
                    <Unicode>huiusmodi subditum</Unicode>
                </TextEquiv>
            </TextLine>
            <TextLine id="r2l36" custom="readingOrder {index:15;}">
                <Coords points="1365,956 2179,957 2179,916 2146,914 1365,913"/>
                <Baseline points="1370,944 1410,944 1450,944 1490,945 1530,945 1571,945 1611,945 1651,945 1691,945 1731,945 1772,945 1812,945 1852,945 1892,945 1932,945 1973,945 2013,945 2053,947 2093,947 2133,947 2174,948"/>
                <TextEquiv>
                    <Unicode>Secundo dico, quod si talis princeps iniuste est huius¬</Unicode>
                </TextEquiv>
            </TextLine>
            <TextLine id="r2l38" custom="readingOrder {index:16;}">
                <Coords points="1335,996 2185,1008 2185,961 2145,956 1335,963"/>
                <Baseline points="1340,984 1382,984 1424,983 1466,983 1508,983 1550,983 1592,983 1634,983 1676,983 1718,983 1760,984 1802,984 1844,984 1886,984 1928,984 1970,984 2012,986 2054,986 2096,986 2138,987 2180,987"/>
                <TextEquiv>
                    <Unicode>modi dominium consecutus, tunc subditi non tenentur</Unicode>
                </TextEquiv>
            </TextLine>
            <TextLine id="r2l40" custom="readingOrder {index:17;}">
                <Coords points="1336,1038 1986,1036 1986,1001 1933,992 1336,995"/>
                <Baseline points="1341,1022 1374,1022 1408,1022 1441,1023 1475,1023 1509,1023 1542,1023 1576,1023 1610,1023 1643,1023 1677,1023 1710,1023 1744,1023 1778,1023 1811,1023 1845,1023 1879,1023 1912,1024 1946,1025 1980,1025"/>
                <TextEquiv>
                    <Unicode>sibi obedire; &amp; ab eo iuste possunt recedere</Unicode>
                </TextEquiv>
            </TextLine>
            <TextLine id="r2l42" custom="readingOrder {index:18;}">
                <Coords points="1378,1072 2123,1085 2183,1079 2184,1037 1378,1035"/>
                <Baseline points="1383,1061 1422,1061 1462,1061 1502,1061 1542,1061 1581,1061 1621,1061 1661,1061 1701,1062 1740,1062 1780,1062 1820,1062 1860,1062 1899,1062 1939,1062 1979,1064 2019,1064 2058,1064 2098,1065 2138,1067 2178,1067"/>
                <TextEquiv>
                    <Unicode>Quia ab iniusto possessore iuste aufertur illud, quod</Unicode>
                </TextEquiv>
            </TextLine>
            <TextLine id="r2l44" custom="readingOrder {index:19;}">
                <Coords points="1334,1122 1857,1106 2168,1127 2180,1082 1334,1076"/>
                <Baseline points="1340,1101 1381,1101 1423,1101 1465,1101 1506,1101 1548,1101 1590,1101 1631,1101 1673,1101 1715,1101 1757,1101 1798,1101 1840,1101 1882,1103 1923,1103 1965,1103 2007,1103 2048,1104 2090,1106 2132,1106 2174,1107"/>
                <TextEquiv>
                    <Unicode>possidet iniuste: sed talis Tvrannus iniuste possidet huius</Unicode>
                </TextEquiv>
            </TextLine>
            <TextLine id="r2l46" custom="readingOrder {index:20;}">
                <Coords points="1323,1160 1613,1146 1758,1163 1832,1149 1860,1165 1940,1155 1940,1123 1323,1124"/>
                <Baseline points="1328,1140 1358,1140 1388,1140 1419,1140 1449,1140 1479,1140 1510,1140 1540,1140 1570,1140 1601,1140 1631,1142 1661,1142 1692,1142 1722,1142 1752,1142 1783,1142 1813,1142 1843,1142 1874,1142 1904,1142 1935,1142"/>
                <TextEquiv>
                    <Unicode>modi dominium, vt supponitur, ergo &amp;c</Unicode>
                </TextEquiv>
            </TextLine>
            <TextLine id="r2l48" custom="readingOrder {index:21;}">
                <Coords points="1377,1188 2173,1197 2152,1150 1378,1148"/>
                <Baseline points="1383,1178 1422,1179 1461,1179 1500,1181 1540,1181 1579,1181 1618,1181 1657,1181 1697,1181 1736,1181 1775,1181 1814,1181 1854,1181 1893,1181 1932,1181 1971,1182 2011,1182 2050,1182 2089,1182 2128,1184 2168,1185"/>
                <TextEquiv>
                    <Unicode>Tertio dico, quod dato, quod princeps infidelis iuste</Unicode>
                </TextEquiv>
            </TextLine>
            <TextLine id="r2l50" custom="readingOrder {index:22;}">
                <Coords points="1332,1229 2171,1234 2161,1193 1333,1183"/>
                <Baseline points="1338,1218 1379,1218 1420,1218 1462,1218 1503,1218 1545,1218 1586,1218 1627,1220 1669,1220 1710,1220 1752,1220 1793,1221 1834,1221 1876,1221 1917,1222 1959,1223 2000,1223 2041,1223 2083,1223 2124,1223 2166,1223"/>
                <TextEquiv>
                    <Unicode>sit assecutus suum dominium, si tamen vtitur tali domi¬</Unicode>
                </TextEquiv>
            </TextLine>
            <TextLine id="r2l52" custom="readingOrder {index:23;}">
                <Coords points="1328,1267 2179,1271 2159,1232 1329,1234"/>
                <Baseline points="1334,1257 1376,1257 1418,1259 1460,1259 1502,1259 1544,1259 1586,1259 1628,1259 1670,1259 1712,1259 1754,1259 1796,1259 1838,1259 1880,1259 1922,1259 1964,1259 2006,1259 2048,1260 2090,1260 2132,1262 2174,1263"/>
                <TextEquiv>
                    <Unicode>nio iniuste, puta ad blasphemiam creatoris, impediendo</Unicode>
                </TextEquiv>
            </TextLine>
            <TextLine id="r2l54" custom="readingOrder {index:24;}">
                <Coords points="1331,1306 2181,1323 2181,1280 2093,1271 1332,1267"/>
                <Baseline points="1337,1296 1378,1296 1420,1298 1462,1298 1504,1298 1546,1298 1588,1298 1630,1298 1672,1298 1714,1298 1756,1298 1797,1298 1839,1298 1881,1298 1923,1298 1965,1298 2007,1299 2049,1301 2091,1302 2133,1304 2175,1307"/>
                <TextEquiv>
                    <Unicode>subditum quo ad ea, quae spectant ad fidem Christianam,</Unicode>
                </TextEquiv>
            </TextLine>
            <TextLine id="r2l56" custom="readingOrder {index:25;}">
                <Coords points="1325,1348 2110,1349 2110,1322 2068,1314 1325,1306"/>
                <Baseline points="1331,1335 1369,1335 1408,1337 1447,1337 1485,1338 1524,1338 1563,1338 1601,1338 1640,1338 1679,1338 1718,1337 1756,1337 1795,1337 1834,1337 1872,1338 1911,1338 1950,1339 1988,1340 2027,1341 2066,1342 2105,1344"/>
                <TextEquiv>
                    <Unicode>iterum meretur perdere huiusmodi dominium </Unicode>
                </TextEquiv>
            </TextLine>
            <TextLine id="r2l58" custom="readingOrder {index:26;}">
                <Coords points="1370,1386 2179,1391 2158,1348 1371,1348"/>
                <Baseline points="1376,1377 1415,1376 1455,1376 1495,1376 1535,1376 1575,1376 1615,1376 1655,1376 1695,1376 1735,1376 1775,1377 1814,1377 1854,1377 1894,1377 1934,1377 1974,1379 2014,1379 2054,1379 2094,1379 2134,1380 2174,1380"/>
                <TextEquiv>
                    <Unicode>Et licet ista conclusio pateat ex praedictis, tamen ipsam</Unicode>
                </TextEquiv>
            </TextLine>
            <TextLine id="r2l60" custom="readingOrder {index:27;}">
                <Coords points="1336,1431 2180,1428 2161,1391 1336,1388"/>
                <Baseline points="1341,1415 1382,1415 1424,1415 1465,1415 1507,1415 1549,1415 1590,1415 1632,1415 1674,1415 1715,1415 1757,1415 1799,1415 1840,1415 1882,1415 1924,1416 1965,1416 2007,1418 2049,1418 2090,1419 2132,1421 2174,1422"/>
                <TextEquiv>
                    <Unicode>potero persuaderc hoc modo. Quandocumque idem sub</Unicode>
                </TextEquiv>
            </TextLine>
            <TextLine id="r2l62" custom="readingOrder {index:28;}">
                <Coords points="1332,1468 2124,1480 2179,1470 2179,1429 1332,1435"/>
                <Baseline points="1337,1455 1378,1455 1420,1454 1462,1454 1504,1454 1546,1454 1588,1454 1629,1454 1671,1454 1713,1454 1755,1454 1797,1455 1839,1455 1881,1455 1922,1455 1964,1457 2006,1457 2048,1457 2090,1458 2132,1459 2174,1460"/>
                <TextEquiv>
                    <Unicode>ditus obligatus est duobus dominis, vni tamquam simpli</Unicode>
                </TextEquiv>
            </TextLine>
            <TextLine id="r2l64" custom="readingOrder {index:29;}">
                <Coords points="1329,1506 2173,1508 2163,1469 1329,1473"/>
                <Baseline points="1334,1494 1375,1494 1417,1494 1459,1494 1500,1493 1542,1493 1584,1493 1625,1493 1667,1493 1709,1493 1751,1493 1792,1494 1834,1494 1876,1494 1917,1494 1959,1496 2001,1496 2042,1497 2084,1497 2126,1499 2168,1500"/>
                <TextEquiv>
                    <Unicode>citer superiori, &amp; alteri tamquam inferiori: si inferior prin</Unicode>
                </TextEquiv>
            </TextLine>
            <TextLine id="r2l66" custom="readingOrder {index:30;}">
                <Coords points="1332,1543 2168,1547 2156,1508 1332,1504"/>
                <Baseline points="1338,1530 1379,1532 1420,1532 1461,1532 1502,1533 1544,1533 1585,1533 1626,1533 1667,1533 1708,1533 1750,1533 1791,1533 1832,1535 1873,1535 1914,1535 1956,1535 1997,1535 2038,1536 2079,1536 2120,1538 2162,1539"/>
                <TextEquiv>
                    <Unicode>ceps coartat huiusmodi subditum dissentire a fidelitate</Unicode>
                </TextEquiv>
            </TextLine>
            <TextLine id="r2l68" custom="readingOrder {index:31;}">
                <Coords points="1324,1579 2086,1597 2177,1588 2178,1555 1324,1541"/>
                <Baseline points="1329,1571 1371,1571 1413,1571 1455,1571 1497,1571 1539,1571 1581,1571 1624,1571 1666,1571 1708,1572 1750,1572 1792,1572 1834,1572 1876,1574 1919,1574 1961,1574 2003,1575 2045,1576 2087,1577 2129,1577 2172,1578"/>
                <TextEquiv>
                    <Unicode>domini superioris, tunc talis princeps secundum leges, &amp; </Unicode>
                </TextEquiv>
            </TextLine>
            <TextLine id="r2l70" custom="readingOrder {index:32;}">
                <Coords points="1321,1623 2189,1632 2189,1591 2061,1583 1321,1580"/>
                <Baseline points="1326,1610 1368,1610 1411,1611 1454,1611 1497,1611 1540,1613 1583,1613 1626,1613 1669,1613 1712,1613 1755,1613 1797,1613 1840,1613 1883,1614 1926,1614 1969,1614 2012,1614 2055,1616 2098,1616 2141,1617 2184,1619"/>
                <TextEquiv>
                    <Unicode>iura perdidit iurisdictionem respectu talis subditi, nec hu</Unicode>
                </TextEquiv>
            </TextLine>
            <TextLine id="r2l72" custom="readingOrder {index:33;}">
                <Coords points="1317,1657 2169,1673 2169,1639 2139,1630 1318,1624"/>
                <Baseline points="1323,1649 1365,1649 1407,1650 1449,1650 1491,1651 1533,1652 1575,1652 1617,1652 1659,1652 1701,1652 1743,1652 1785,1652 1827,1653 1869,1653 1911,1653 1953,1653 1995,1654 2037,1655 2079,1656 2121,1656 2163,1658"/>
                <TextEquiv>
                    <Unicode>iusmodi subditus ad eius obedietiam vlterius obligatur,</Unicode>
                </TextEquiv>
            </TextLine>
            <TextLine id="r2l74" custom="readingOrder {index:34;}">
                <Coords points="1324,1701 2174,1716 2175,1675 1324,1658"/>
                <Baseline points="1329,1688 1371,1688 1413,1689 1455,1689 1497,1689 1539,1690 1581,1691 1623,1691 1665,1691 1707,1691 1749,1691 1791,1692 1833,1692 1875,1692 1917,1692 1959,1694 2001,1694 2043,1694 2085,1695 2127,1695 2169,1697"/>
                <TextEquiv>
                    <Unicode>sed Deus est summus dominus, &amp; vuiuersalissimus lmpe</Unicode>
                </TextEquiv>
            </TextLine>
            <TextLine id="r2l76" custom="readingOrder {index:35;}">
                <Coords points="1329,1739 2130,1758 2164,1751 2165,1716 1330,1706"/>
                <Baseline points="1335,1727 1376,1728 1417,1729 1458,1730 1499,1730 1541,1731 1582,1731 1623,1731 1664,1731 1705,1731 1747,1731 1788,1731 1829,1733 1870,1733 1911,1733 1953,1733 1994,1734 2035,1734 2076,1736 2117,1736 2159,1737"/>
                <TextEquiv>
                    <Unicode>rator, respectu cuius omnis princeps huius mundi est in</Unicode>
                </TextEquiv>
            </TextLine>
            <TextLine id="r2l78" custom="readingOrder {index:36;}">
                <Coords points="1325,1776 1344,1783 1358,1775 1400,1776 1418,1785 1429,1777 1440,1785 1509,1789 1525,1777 1546,1780 1547,1748 1535,1751 1526,1742 1442,1752 1389,1746 1375,1737 1360,1747 1340,1736 1326,1738"/>
                <Baseline points="1331,1767 1357,1767 1383,1768 1409,1769 1436,1769 1462,1769 1488,1769 1514,1769 1541,1770"/>
                <TextEquiv>
                    <Unicode>ferior; ergo &amp;c</Unicode>
                </TextEquiv>
            </TextLine>
            <TextLine id="r2l80" custom="readingOrder {index:37;}">
                <Coords points="1354,1824 2128,1833 2164,1831 2165,1787 1354,1786"/>
                <Baseline points="1359,1808 1399,1808 1439,1808 1479,1808 1519,1809 1559,1809 1599,1809 1639,1809 1679,1809 1719,1811 1759,1811 1799,1811 1839,1811 1879,1811 1919,1812 1959,1812 1999,1812 2039,1813 2079,1814 2119,1814 2159,1815"/>
                <TextEquiv>
                    <Unicode>Ad argumentum principale dicendum, quod per ill¬</Unicode>
                </TextEquiv>
            </TextLine>
            <TextLine id="r2l82" custom="readingOrder {index:38;}">
                <Coords points="1329,1855 2168,1867 2144,1825 1329,1813"/>
                <Baseline points="1334,1848 1375,1848 1416,1847 1458,1847 1499,1847 1541,1847 1582,1847 1623,1848 1665,1848 1706,1848 1748,1848 1789,1850 1830,1850 1872,1851 1913,1851 1955,1851 1996,1853 2037,1853 2079,1853 2120,1854 2162,1854"/>
                <TextEquiv>
                    <Unicode>verba non intendit beatus soannes, quod aliquod pecca</Unicode>
                </TextEquiv>
            </TextLine>
            <TextLine id="r2l84" custom="readingOrder {index:39;}">
                <Coords points="1320,1895 2171,1908 2149,1862 1321,1861"/>
                <Baseline points="1326,1886 1368,1886 1410,1887 1452,1887 1494,1887 1536,1887 1578,1887 1620,1889 1662,1889 1704,1889 1746,1889 1788,1890 1830,1890 1872,1890 1914,1890 1956,1891 1998,1892 2040,1892 2082,1893 2124,1893 2166,1895"/>
                <TextEquiv>
                    <Unicode>tum quamuiscumque magnum sit totaliter irremissibile</Unicode>
                </TextEquiv>
            </TextLine>
            <TextLine id="r2l86" custom="readingOrder {index:40;}">
                <Coords points="1329,1942 2131,1948 2165,1915 1329,1902"/>
                <Baseline points="1335,1925 1376,1925 1417,1926 1458,1926 1499,1926 1541,1926 1582,1928 1623,1928 1664,1928 1705,1928 1747,1929 1788,1929 1829,1929 1870,1930 1911,1931 1953,1931 1994,1931 2035,1931 2076,1931 2117,1932 2159,1932"/>
                <TextEquiv>
                    <Unicode>quamdiu viuit homo in hoc mundo, sed intendit dicers</Unicode>
                </TextEquiv>
            </TextLine>
            <TextLine id="r2l88" custom="readingOrder {index:41;}">
                <Coords points="1333,1985 2131,1992 2170,1983 2171,1942 1333,1943"/>
                <Baseline points="1338,1964 1379,1965 1420,1965 1462,1965 1503,1967 1544,1967 1586,1967 1627,1967 1668,1968 1710,1968 1751,1968 1792,1968 1834,1968 1875,1968 1916,1970 1958,1970 1999,1970 2040,1971 2082,1971 2123,1971 2165,1973"/>
                <TextEquiv>
                    <Unicode>quod sit valde difficile obtinere remissionem de huius¬</Unicode>
                </TextEquiv>
            </TextLine>
            <TextLine id="r2l90" custom="readingOrder {index:42;}">
                <Coords points="1336,2012 2139,2034 2177,2032 2178,1984 1336,1984"/>
                <Baseline points="1341,2003 1382,2004 1424,2004 1465,2005 1507,2006 1548,2006 1590,2006 1631,2006 1673,2007 1714,2007 1756,2007 1798,2007 1839,2007 1881,2009 1922,2009 1964,2009 2005,2009 2047,2010 2088,2010 2130,2012 2172,2012"/>
                <TextEquiv>
                    <Unicode>modi nephandissimis peccatis; &amp; ideo non per orationem</Unicode>
                </TextEquiv>
            </TextLine>
            <TextLine id="r2l92" custom="readingOrder {index:43;}">
                <Coords points="1324,2050 2153,2070 2175,2029 1324,2020"/>
                <Baseline points="1329,2042 1371,2043 1413,2043 1455,2045 1497,2046 1539,2046 1581,2046 1623,2048 1665,2048 1707,2048 1749,2048 1791,2048 1833,2048 1875,2049 1917,2049 1959,2049 2001,2049 2043,2049 2085,2050 2127,2051 2169,2051"/>
                <TextEquiv>
                    <Unicode>cuiuslibet mediocris Christiani reducitur talis peccator</Unicode>
                </TextEquiv>
            </TextLine>
            <TextLine id="r2l94" custom="readingOrder {index:44;}">
                <Coords points="1320,2098 2159,2102 2159,2069 2071,2060 1321,2060"/>
                <Baseline points="1326,2081 1367,2082 1408,2083 1450,2084 1491,2085 1533,2085 1574,2086 1615,2087 1657,2087 1698,2087 1740,2087 1781,2087 1822,2088 1864,2088 1905,2088 1947,2088 1988,2088 2029,2088 2071,2088 2112,2090 2154,2090"/>
                <TextEquiv>
                    <Unicode>ad condignam poenitentiam, sed solum per orationem</Unicode>
                </TextEquiv>
            </TextLine>
            <TextLine id="r2l96" custom="readingOrder {index:45;}">
                <Coords points="1326,2130 2096,2150 2161,2141 2162,2106 1326,2099"/>
                <Baseline points="1331,2121 1372,2121 1413,2122 1454,2123 1496,2123 1537,2124 1578,2124 1619,2124 1661,2126 1702,2126 1743,2126 1784,2127 1826,2127 1867,2127 1908,2127 1949,2129 1991,2129 2032,2129 2073,2129 2114,2130 2156,2130"/>
                <TextEquiv>
                    <Unicode>excellentium, &amp; deuotissimorum fidelium. Etiam posset</Unicode>
                </TextEquiv>
            </TextLine>
            <TextLine id="r2l98" custom="readingOrder {index:46;}">
                <Coords points="1326,2169 2158,2182 2158,2149 2109,2140 1326,2134"/>
                <Baseline points="1331,2160 1372,2160 1413,2162 1454,2162 1495,2163 1536,2163 1577,2165 1618,2165 1659,2165 1700,2165 1742,2166 1783,2166 1824,2166 1865,2166 1906,2168 1947,2168 1988,2168 2029,2168 2070,2168 2111,2169 2153,2169"/>
                <TextEquiv>
                    <Unicode>dici, quod beatus loannes per illud peccatum in morto</Unicode>
                </TextEquiv>
            </TextLine>
            <TextLine id="r2l100" custom="readingOrder {index:47;}">
                <Coords points="1319,2211 2173,2221 2173,2183 2065,2176 2042,2195 1320,2167"/>
                <Baseline points="1325,2201 1367,2201 1409,2201 1451,2202 1493,2202 1535,2204 1577,2204 1620,2204 1662,2205 1704,2205 1746,2205 1788,2206 1830,2207 1872,2207 1915,2207 1957,2207 1999,2207 2041,2207 2083,2207 2125,2207 2168,2207"/>
                <TextEquiv>
                    <Unicode>intelligit peccatum in spiritum sanctum ex illa circum¬</Unicode>
                </TextEquiv>
            </TextLine>
            <TextLine id="r2l102" custom="readingOrder {index:48;}">
                <Coords points="1320,2246 2164,2264 2164,2219 1320,2210"/>
                <Baseline points="1325,2240 1366,2240 1408,2241 1450,2241 1491,2241 1533,2243 1575,2243 1616,2243 1658,2243 1700,2244 1742,2244 1783,2244 1825,2244 1867,2245 1908,2246 1950,2246 1992,2246 2033,2246 2075,2246 2117,2247 2159,2247"/>
                <TextEquiv>
                    <Unicode>stantia, quae est finalis impoenitentia: quia vbi de certo con</Unicode>
                </TextEquiv>
            </TextLine>
            <TextLine id="r2l104" custom="readingOrder {index:49;}">
                <Coords points="1316,2288 2156,2291 2156,2265 2118,2256 1317,2250"/>
                <Baseline points="1322,2277 1363,2279 1404,2280 1446,2280 1487,2282 1529,2282 1570,2283 1612,2283 1653,2285 1695,2285 1736,2285 1777,2285 1819,2285 1860,2286 1902,2286 1943,2286 1985,2286 2026,2286 2068,2286 2109,2285 2151,2285"/>
                <TextEquiv>
                    <Unicode>staret aliquem in peccato mortali sine poenitentia ab ha¬</Unicode>
                </TextEquiv>
            </TextLine>
            <TextLine id="r2l106" custom="readingOrder {index:50;}">
                <Coords points="1320,2327 2152,2335 2128,2296 1320,2295"/>
                <Baseline points="1325,2318 1366,2318 1407,2319 1448,2319 1489,2320 1530,2321 1571,2321 1612,2322 1653,2322 1694,2324 1736,2324 1777,2325 1818,2325 1859,2325 1900,2325 1941,2325 1982,2325 2023,2325 2064,2325 2105,2325 2147,2324"/>
                <TextEquiv>
                    <Unicode>vita migrasse, pro isto non esset orandum secundum le¬</Unicode>
                </TextEquiv>
            </TextLine>
            <TextLine id="r2l108" custom="readingOrder {index:51;}">
                <Coords points="1327,2375 2150,2385 2169,2328 1327,2335"/>
                <Baseline points="1332,2357 1373,2358 1415,2358 1456,2360 1498,2360 1539,2361 1581,2361 1622,2363 1664,2363 1705,2363 1747,2363 1789,2364 1830,2364 1872,2364 1913,2364 1955,2364 1996,2364 2038,2364 2079,2364 2121,2364 2163,2364"/>
                <TextEquiv>
                    <Unicode>gem communem, eo quod talis sit extra statum merendi</Unicode>
                </TextEquiv>
            </TextLine>
            <TextLine id="r2l110" custom="readingOrder {index:52;}">
                <Coords points="1308,2407 2164,2413 2133,2374 1309,2379"/>
                <Baseline points="1314,2396 1356,2397 1398,2398 1440,2399 1483,2399 1525,2400 1567,2400 1609,2402 1652,2402 1694,2402 1736,2403 1778,2403 1821,2403 1863,2405 1905,2405 1947,2405 1990,2405 2032,2405 2074,2404 2116,2403 2159,2403"/>
                <TextEquiv>
                    <Unicode>in quo statu nos conseruet pro via praesentis peregrina¬</Unicode>
                </TextEquiv>
            </TextLine>
            <TextLine id="r2l112" custom="readingOrder {index:53;}">
                <Coords points="1314,2450 2105,2462 2161,2458 2162,2424 1315,2409"/>
                <Baseline points="1320,2435 1361,2436 1403,2438 1445,2438 1487,2439 1529,2439 1570,2441 1612,2441 1654,2442 1696,2442 1738,2442 1779,2443 1821,2444 1863,2444 1905,2444 1947,2444 1988,2444 2030,2444 2072,2445 2114,2445 2156,2445"/>
                <TextEquiv>
                    <Unicode>tionis, donec perducat ad patriam beatae fruitionis, Salua</Unicode>
                </TextEquiv>
            </TextLine>
            <TextLine id="r2l114" custom="readingOrder {index:54;}">
                <Coords points="1311,2485 2110,2510 2161,2496 2162,2458 1311,2451"/>
                <Baseline points="1316,2475 1358,2477 1400,2477 1442,2478 1484,2479 1526,2480 1568,2481 1610,2481 1652,2483 1694,2483 1736,2483 1778,2484 1820,2484 1862,2484 1904,2486 1946,2486 1988,2486 2030,2486 2072,2486 2114,2486 2156,2484"/>
                <TextEquiv>
                    <Unicode>tor omnium saluandorum, qui viuit, &amp; regnat in saecula</Unicode>
                </TextEquiv>
            </TextLine>
            <TextLine id="r2l116" custom="readingOrder {index:55;}">
                <Coords points="1308,2535 1335,2541 1361,2532 1374,2544 1399,2526 1455,2536 1499,2527 1520,2541 1598,2528 1598,2495 1577,2491 1539,2496 1506,2486 1474,2499 1434,2488 1415,2498 1387,2485 1345,2497 1327,2483 1310,2486"/>
                <Baseline points="1314,2516 1339,2516 1364,2517 1389,2518 1415,2519 1440,2519 1465,2519 1490,2520 1516,2520 1541,2520 1566,2522 1592,2523"/>
                <TextEquiv>
                    <Unicode>seculorum Amen</Unicode>
                </TextEquiv>
            </TextLine>
            <TextEquiv>
                <Unicode>dem conuertitur, altero manente infideli, si infidelis com
sentit habitare cum fideli ipsum non turbando, &amp; allicien
do ad infidelitatem, &amp; absque blasphemia Creatoris, tuc
fidelis non est absolutus a vinculo matrimonii. Si autem
infidelis nollet fideli cohabitare, nisi ipsum alliciendo ad
infidelitatem, &amp; creatorem plasphemando, tunc suo de¬
merito perdit ius, quod habuit in personam fidelem, &amp;
per consequens iuste absoluitur fidelis ab infideli. De isti
etiam magis complete apparuit in isto lib. 4. Et sic eoden
modo, si princeps infidelis nihil exigit a subdito fideli prae
ter illud, quod de iure debet exigere, tunc subditus tene
tur obedire. Si autem subditum vellet artare ad ea, qua
essent contra Deum, &amp; contra animae suae salutem, tun
nfidelis princeps perderet illud ius, quod habuit super
huiusmodi subditum
Secundo dico, quod si talis princeps iniuste est huius¬
modi dominium consecutus, tunc subditi non tenentur
sibi obedire; &amp; ab eo iuste possunt recedere
Quia ab iniusto possessore iuste aufertur illud, quod
possidet iniuste: sed talis Tvrannus iniuste possidet huius
modi dominium, vt supponitur, ergo &amp;c
Tertio dico, quod dato, quod princeps infidelis iuste
sit assecutus suum dominium, si tamen vtitur tali domi¬
nio iniuste, puta ad blasphemiam creatoris, impediendo
subditum quo ad ea, quae spectant ad fidem Christianam,
iterum meretur perdere huiusmodi dominium 
Et licet ista conclusio pateat ex praedictis, tamen ipsam
potero persuaderc hoc modo. Quandocumque idem sub
ditus obligatus est duobus dominis, vni tamquam simpli
citer superiori, &amp; alteri tamquam inferiori: si inferior prin
ceps coartat huiusmodi subditum dissentire a fidelitate
domini superioris, tunc talis princeps secundum leges, &amp; 
iura perdidit iurisdictionem respectu talis subditi, nec hu
iusmodi subditus ad eius obedietiam vlterius obligatur,
sed Deus est summus dominus, &amp; vuiuersalissimus lmpe
rator, respectu cuius omnis princeps huius mundi est in
ferior; ergo &amp;c
Ad argumentum principale dicendum, quod per ill¬
verba non intendit beatus soannes, quod aliquod pecca
tum quamuiscumque magnum sit totaliter irremissibile
quamdiu viuit homo in hoc mundo, sed intendit dicers
quod sit valde difficile obtinere remissionem de huius¬
modi nephandissimis peccatis; &amp; ideo non per orationem
cuiuslibet mediocris Christiani reducitur talis peccator
ad condignam poenitentiam, sed solum per orationem
excellentium, &amp; deuotissimorum fidelium. Etiam posset
dici, quod beatus loannes per illud peccatum in morto
intelligit peccatum in spiritum sanctum ex illa circum¬
stantia, quae est finalis impoenitentia: quia vbi de certo con
staret aliquem in peccato mortali sine poenitentia ab ha¬
vita migrasse, pro isto non esset orandum secundum le¬
gem communem, eo quod talis sit extra statum merendi
in quo statu nos conseruet pro via praesentis peregrina¬
tionis, donec perducat ad patriam beatae fruitionis, Salua
tor omnium saluandorum, qui viuit, &amp; regnat in saecula
seculorum Amen</Unicode>
            </TextEquiv>
        </TextRegion>
    </Page>
</PcGts>
