2386 3555
227 258 1100 321 re per liberum arbitrium iubemur, facilius possimus implere
234 319 1103 367 per gratiam, tam quam, & si gratia non daretur, possimus ent
240 359 1103 408 ne illa implere mandata diuina, anathema sit. Patet er¬
224 400 812 454 go, quod maior illius rationis est falsa
273 419 1095 488 Ad quartum dicendum, quod quamuis finis sit primim
218 479 1092 529 a voluntate volitum, tamen ad consequendum finem
237 517 1095 560 modo debito, indiget voluntas habitu regulante. Et cum
228 562 1086 608 additur de intellectu respectu principiorum, dico, quod
231 593 1089 641 bene est simile quantum ad velle finem, non tamen ac
231 634 1097 687 consequendum finem, etiam potentia intellectiua perfi¬
222 685 1094 736 citur habitu, qui dicitur intellectus principiorum, vt pa¬
221 711 501 775 tet e ethicorum.
270 748 1085 795 Ad quintum dicendum, quod licet naturaliter feramur it
218 791 1094 840 Deum, inquantum ipse est alpha, & omega, finis, & principium
221 842 1088 882 omnium, & hoc sub obscuritate fantalmatum, quem mo¬
228 871 1089 918 dum secundum vires naturales nostras transcendere non
221 915 1088 961 valemus, non tamen vt est obiectum supernaturaliter ani¬
219 949 1068 1012 mam glorificans. Et potest dici, sicut ad quartum dictum est
354 1027 972 1089 ARTICVLVS IR
213 1071 1084 1135 Vtrum volintas informata caritate possit esse in actu
270 1128 1034 1188 frnitionis, intellectu manente suspenso ab omni
509 1173 783 1249 actu cognitionis.
228 1249 1079 1327 SANTVM ad quartum principale dico, quod de poter
263 1301 1089 1354 me tia Dei absoluta, licet non secundum ordinem a
216 1340 1080 1394 Deo nunc institutum, voluntas potest esse in actu cogni¬
223 1386 1068 1432 tionis, intellectu existente suspenso, quo ad actum frui
219 1424 1078 1469 tionis: quia quando duae potentiae sic se habent, quod diffe¬
230 1464 1080 1515 unt ab inuicem re absoluta, Deus per suam omnipotem¬
221 1505 1080 1542 tiam, potest vnam conseruare in operatione sibi conue¬
219 1537 1085 1595 niente, alia suspensa a sua operatione permanente: sed
225 1581 1081 1638 ficut patebit in dist. 3. voluntas differt ab intellectu abso¬
224 1620 432 1676 luta, ergo &c
260 1638 1069 1716 Sed contra maiorem istius rationis instari potest tri
221 1694 1088 1755 plici exemplo. Primo, quia materia, & forma differunt
223 1748 1081 1794 re absoluta, & tamen nulla potest esse sine quantitat e¬
221 1782 1018 1825 Tertio, quia pulchritudo non potest esse sine colore
254 1821 1083 1880 Sed ista non impediunt istam dictam maiorem quia licet
217 1866 1073 1912 materia, figura, & pulchritudo sint absoluta: tamen ne
223 1902 1082 1952 tessario concernunt respectum, puta materia concernit
206 1937 1079 1983 respectum ad formam, figura ad quantitatem, pulchritu¬
222 1977 1080 2019 do ad colorem, sine quibus respectibus etiam non possunt
217 2017 1073 2065 intelligi: sed voluntas bene potest intelligi sineintellectu
265 2057 1073 2101 Dices forte, quod voluntas est appetitus intellectiuus
221 2097 1082 2162 in hoc enim differt a sensitiuo, ergo non poterit intelli¬
218 2136 488 2194 gi sine intellectu.
230 2182 1068 2225 1 Dico, quod voluntas non dicitur appetitus intelle
227 2220 1086 2266 ctiuus, nisi aduenticie, & denominatione quadam extrin
216 2255 1073 2307 seca: sed primo, & per se & ab intrinseco dicitur appeti¬
215 2294 1074 2343 tus liber, siue potentia libera. Vnde per hoc, quod est poten¬
218 2343 1080 2379 tia libera per se, & principaliter differt non solum a sen¬
216 2380 1089 2426 su, sed etiam ab intellectu: ideo potest intelligi, vt po¬
225 2418 1080 2458 tentia primo, & per se, siue essentialiter libera, circum¬
219 2454 1082 2508 scripta quacumque alia potentia cognitiua, siue sensiti¬
229 2493 536 2547 ua, siue intellectiua.
243 2531 1088 2579 2 Praeterea, bonum motiuum voluntatis non requi¬
225 2570 1089 2615 rit essc cognitum, nisi vt mouet in genere causae efficientis
221 2609 1085 2659 sed virtute cuiuscunque causae secudae in genere causae cffi-
227 2660 1084 2700 cientis causa prima, scilicet Deus per seipsam potest supplo
227 2694 1083 2738 re, ergo immediate per bonitatem suam, praeter esse co¬
233 2733 1087 2783 gnitum ab intellectu, efficienter poterit mouere volun¬
223 2774 1089 2820 tatem: minor est ab omnibus concessa: sed maior patet
236 2809 1078 2859 per Auerroem. 1a2, metaph vbi ponit, quod res appetibili
228 2854 1085 2896 habet duplex esse. Vnum in re extra, & sic est finis desi¬
224 2888 1085 2938 derij, & terminat actum voluntatis. Aliud in intellectu,
230 2931 905 2979 & sic agit desiderium, & mouet voluntatem
249 2962 1084 3021 3 Praeterea, cognitio intellectiua in volendo non re¬
231 3017 1076 3057 quiritur, nisi ad praesentandum obiectum voiibile ipsi vo
222 3047 1087 3099 luntati. Sed secundum August. in lib confes. Deus per
225 3095 1082 3137 seipsum est intimior, & praesentialior voluntati, quam
202 3126 1081 3184 voluntas sibi ipsi: ergo per seipsum immediate poterit
1142 269 1474 340 mouere voluntatem.
1218 304 2007 387 Praeterea, ex dictis aliqu orum potest argui gratia
1152 371 2006 427 collationis ad hominem sic. Sensibile mouet voluntaten
1149 401 1991 465 sine notitia intellectiua, ergo & Deus hoc poterit: con¬
1147 441 1997 504 sequentia patet per locum a minori affirmatiue. Probo
1138 487 1997 541 antecedens: quia sicut communiter dicitur, nullum iudi¬
1137 529 1991 580 cium potest feri in sensu de re sensata, siu e in sensu rece¬
1146 571 1985 617 pta, nisi adsit intentio voluntatis: sed planum est, quod
1133 597 1984 658 non est necesse quicquid sentimus, vt illud immediato
1130 637 1995 711 intelligamus : ergo poterit esse aliquid volitum, quod
1134 674 1446 732 non est intellectum,
1171 698 1983 780 Et confirmatur, quia intellectu existente in actu recto
1134 761 1983 816 aliquod intelligibile cognoscendo, voluntas vult eum
1140 807 1985 854 intelligere: quia si voluntas non vellet eum intelligere,
1139 847 1986 895 ipse ad nullum momentum in tali intellectione posset
1137 887 1983 933 se continuare: sed planum est, qued intellectus nondum so
1139 916 1979 970 intelligit intelligere: quia tuc esset in actu ressexo simu
1134 959 1977 1012 cum actu recto, ergo non videtur, quod repugnet voluntat
1124 995 1927 1047 aliquid velle, quod intellectus nondum congnoscit.
1173 1034 1979 1092 Sed contra praedicta sunt quidam dicentes, quod simpli
1130 1078 1990 1137 citer est impossibile per quamcumque potentiam volun
1134 1117 1959 1167 tatem frui, intellectu non intelligente ipsum fruibile¬
1152 1160 1991 1211 1 Quia simpliciter est impossibile actum visionis fieri
1121 1196 1982 1249 sine actu fruitionis: ergo similiter est impossibile actum
1126 1232 1988 1290 fruitionis fieri sine actu visionis, seu intellectionis; con¬
1125 1271 1988 1331 sequentia patet per locum a maiori negatiue: probatio¬
1134 1318 1982 1371 nes, quas adducunt pro antecedente, ego posui superius
1134 1351 1988 1408 in prologo. quaest. 3, articulo 1. prima conclusione corol¬
1125 1392 1986 1450 laria, vbi dixi, quod notitia Dei intuitiua potest commu¬
1137 1428 1329 1484 nicari viatori
1194 1457 1984 1515 Praeterea, illud, quod non potest fieri praesens vo¬
1125 1500 1979 1566 luntati in ratione obiecti mouentis, nisi mediante actu
1134 1546 1988 1596 intellectus, hoc non potest mouere voluntatem, nisi prius
1131 1595 1985 1631 moueat intellectum, sed obiectum fruibile, & quodcum¬
1128 1630 1985 1682 que aliud obiectum voluntatis est hniusmodi, ergo &c.
1128 1673 1976 1721 maiorem dicunt esse notam: quia nulla potentia potess
1137 1713 1989 1753 moueri a suo obiecto, nisi fiat sibi praesens in ratione ob¬
1126 1744 1981 1787 iecti mouentis: minorem probant, quia dicunt, quod natu¬
1125 1789 1981 1840 ra specifica istarum potentiarum hoc requirat, quod nihil
1135 1826 1920 1875 moueat voluntatem, nisi prius moueat intellect um
1144 1863 1978 1909 3 Praeterea, si voluntas posset moueri a fruibili obie¬
1124 1906 1974 1960 cto non mouente intellectum, tunc voluntas non esset
1131 1946 1981 1993 appetitus intellectiuus consequens est falsum: quia tunc
1132 1991 1979 2037 voluntas transiret de specie in speciem, consequentia
1134 2029 1976 2072 probatur: quia sicut appetitus naturalis est in genere na¬
1135 2064 1977 2104 turali, quia sequitur formam naturalem, & appetitus sen¬
1131 2100 2013 2160 sitiuus in genere sensitiuo, quia sequitur sensum, sic appe (
1125 2143 2013 2192 titus intellectiuus dicitur in tali genere, quia sequitur in (
1122 2178 1971 2227 tellectum. Da oppositum, tunc mutabit non solum spe¬
1125 2219 1649 2269 ciem, verum etiam mutabit genus
1166 2253 1981 2308 Sed illud non valet: quia si Deus non posset obiectum
1135 2295 1974 2348 ruibile ostendere voluntati, sine cognitione intellectus;
1123 2338 1972 2386 tunc vel talis cognitio esset de intriseca ratione obiecti
1126 2377 1980 2420 fruibilis, vel tale obiectum, secundum se acceptum, non
1125 2420 1971 2465 esset ens simpliciter absolutum. consequens est falsum;
1128 2463 1973 2505 ergo & antecedens : consequentia patet: quia quaecum¬
1134 2500 1983 2547 que Deus ab inuicem non potest separare, vel vnum est
1123 2537 1974 2587 de intrinseca ratione alterius, vel vnum secundum sui
1137 2575 1972 2617 aturam dicit habitudinem ad alterum: falsitatem con¬
1134 2618 1973 2669 equentis probo: quia cum obiectum fruibile sit in crea¬
1131 2656 1973 2703 tum, nulla creatura poterit esse de sua intrinseca ratione,
1120 2701 1971 2745 talis autem cognitio est creatura. Item, essentia diuina
1141 2734 1971 2787 uae est obiectum fruibile, est ens simpliciter absolutum
1127 2774 1980 2820 & non includit aliquam necessariam habitudinem ad quan
1136 2816 1418 2863 tumque creaturam.
1168 2852 1972 2892 Ad primum horum argumentum dicendum, quod ante¬
1127 2891 1970 2940 cedens non est verum, ad probationem eius respondi in
1130 2929 1844 2976 prologo, cum tractaui de cognitione intuitiua¬
1170 2967 1982 3017 Ad secundum dicendum, quod minor non est vera: quia
1130 3003 1983 3054 Deus est intime praesens omni creaturae, & per consequens
1130 3047 1971 3096 voluntati sed Deus est obiectum fruibile: ergo &c. Etiam
1134 3086 1983 3139 de rebus creatis, aliqualiter videtur esse dubia illa minor
1131 3128 1983 3192 propter vltimam rationem cum sua confirmatione, quam
