2335 3555
240 272 1049 326 Ad septimum dicendum, quod maior non est vera: quia
185 308 1040 366 elicere actum delectabiliter, non minus est modus po
192 357 1043 406 tentiae circa actum, quam elicere contingenter. Eliceri
192 388 1055 436 autem delectabiliter conuenit potentiae per habitum: vt
188 430 1046 488 patet. 2. ethicorum. Ad minorem dico, quod in ea, quae
183 470 1049 524 sunt citra vltimum finem, voluntas tendit libere, & con¬
190 509 1041 564 tingenter: sed in ipsum vltimum finem tendit libere, &
183 546 791 592 necessario necessitate immutabilitatis.
486 623 782 692 Quarta conclusio.
171 700 1044 787 Quod nec per se, nec per accidens voluntas a dilectio
194 757 923 838 ne siue fruitione vltim, finis potest in
492 816 732 877 patria resilire.
185 901 1040 958 SVANTVM ad quartum principale dicedum, qnec
189 938 1037 989 per se, nec per accidens voluntas a dilectione, siuc
180 972 1028 1038 fruitione ipsius vltimi finis potest in patria resilire: non
177 1023 1029 1073 quidem per se, vt patet ex dictis in tertio articulo prin
186 1063 1043 1111 tipali, nec per accidens: quia non subest aliqua causa, qua
175 1098 1025 1153 re intellectum auertat ab vltimi finis actuali consideratio
183 1139 1029 1192 ne. Si enim voluntas in patria alicuius alterius rei impe¬
181 1173 1034 1225 tabit considerationem, illa tamen non excludet obiecti
189 1220 1040 1270 beatifici claram visionem: quia secundum Aug. tam co¬
173 1253 1029 1303 gnitio rerum in verbo, quae dicitur matutina, quam con
183 1298 1041 1338 enitio in proprio genere, quae dicitur vespertina, simul
181 1337 1025 1378 stare poterit cum visione verbi in verbo, quae est apert
192 1369 1034 1416 isio obiecti fruibilis, quae dicitur meridiana: Hanc auten
184 1415 1019 1461 conelusionem vlterius non probabo ratione breuitatis.
205 1452 1032 1507 Ad argumentum principale patet per iam dicta: qui¬
189 1492 1030 1547 arguit de actu coactionis, & non de necessitate immu¬
187 1528 347 1586 tabilitatis.
177 1591 1035 1689 Hic secunda subdiuisionis particula per¬
203 1664 1019 1757 pulchre aperitur: in qua Magister dif
256 1730 948 1825 ficultates quasdam circa proposi¬
347 1811 891 1896 tam materiam contingen¬
382 1880 831 1965 tes obiter determinat
506 2004 1031 2051 VM AVTEM IOMINES &c
535 2045 1028 2098 In ista parte circa praedicta magi¬
530 2084 1025 2129 ster mouet quaestiones quasdam
538 2125 1029 2171 & diuiditur in tres partes, secundi
531 2166 1031 2206 quod tres mouet quaestiones. Pri¬
544 2201 1030 2247 ma est, vtrum homo hominibus
538 2237 1041 2286 debeat frui, vel vti. Secunda vtrum
535 2281 1022 2324 Deus hominibus fruatur, vel vta
175 2324 1023 2371 tur. Tertia Vtrum virtutibus vti, vel srui debeamus. Se
174 2363 1028 2409 cunda ibi, Sed cum Deus diligat nos. Tertia ibi, Hic con
178 2404 1035 2447 siderandum est. Et quaelibet istarum diuiditur in duas par¬
172 2445 1035 2486 tes, secundum quod primo magister praemittit quaestionem,
170 2480 1030 2523 secundo adiungit quaestioni resposionem: partes patent
183 2523 1037 2567 Cirea materiam istius lectionis quaero hanc quaestionem.
478 2590 788 2677 Questio  I1.
196 2672 1018 2761 An beatus vnica dumtaxat ratione in obiectum
450 2740 774 2802 beatificum teridat
171 2942 1031 2996 VTRVM beatus in obiectum fruibile, siue beatificu
199 2980 1022 3041 tendat sub vna tantummodo ratione. Et videtur qu
178 3021 1028 3079 non quia obiectum claudens in se diuersas rationes for¬
170 3068 1025 3110 males irreducibiles ad se inuicem, ex sui natura hoc ha¬
168 3102 1037 3168 bet, quod in ipsum tendatur diuersis rationibus, obiectum
1099 275 1955 338 fruibile est huiusmodi; ergo &e. Maior patet: probo mi-
1096 330 1955 378 norem: quia ratio diuinitatis, & relationis, quae includum
1099 367 1952 418 tur in Deo, qui est obiectum fruibile irreducibiles sunt
1103 407 1934 453 ad se inuicem: cum diuinitas sit ad se, & non ad aliud, re
1096 439 1598 493 latione vero ad aliud & non ad se
1140 476 1944 531 Contra tendens in obiectum simplicissimum, tendit
1095 514 1946 574 in ipsum tantummodo sub vna ratione, obiectum sruibile
1096 565 1935 620 est simplicissimum, ergo &c. Maior patet, quia vbi est ra
1092 603 1938 648 tionum diuersitas, non est summa simplicitas. Simplicius
1080 645 1934 694 enim est, quod est simplex re, & ratione, quam quod ess
1082 680 1940 729 simplex tantum re, minor etiam est nota, & theologice,
1092 711 1938 775 & physice. Quod enim Deus sit summe simplex, expresse
1091 761 1926 814 probatur. 12. metaphysicae. In ista quaestione sunt quat
1090 791 1286 845 tuor videnda
1118 833 1923 887 Primo, vtrum obiectum fruibile sub vna ratione mo
1079 880 1934 921 ueat tam intellectum, quam voluntatem ipsius beati. Se-
1079 920 1934 960 cundo dato que non: videndum est; vtrum ipsam volun¬
1090 957 1935 1009 tatem beatam moueat sub diuersa ratione in tantum,
1080 1001 1941 1046 quoe actus fruitionis possit terminari ad essentiam diuinam,
1084 1037 1929 1085 absque hoc, quod terminetur ad personam. Tertio vtrum
1092 1074 1923 1118 possit terminari ad personam, sine terminatione ad essen
1088 1103 1931 1160 tiam. Et quarto vtrum possit terminari ad vnam personm
1074 1145 1680 1203 absque hoc, quod terminetur ad aliam.
1254 1220 1728 1308 RESOLVTIO
1085 1300 1933 1392 colligitur denique obiectum fruibile non sub eadem ratione mo¬
1118 1380 1940 1429 uere intellectum &x volunt atem: licet Deatus ad diuinam per¬
1113 1412 1929 1467 sonam sint essentia sicuti ad diuinam essentiam sine persanis.
1109 1457 1940 1504 actum fruitionis nequeas terminare, nedum possit vna per¬
1107 1489 1362 1550 sona frui sint alia.
1247 1575 1679 1633 ARTICVLV S
1080 1653 1919 1740 Vtrum obiectum friubile sub vna ratione tantum mi
1178 1726 1832 1782 ueat tam intellectum quam voluntatem
1395 1767 1585 1831 ipsius beati
1154 1847 1918 1906 VANTVM ergo ad primum dicendum est, quod
1203 1893 1931 1951 quamuis eadem res indistincta sit obiectum intel
1082 1927 1930 1979 lectus, & voluntatis, hoc tamen esse non poterit sub ea¬
1091 1967 1283 2019 lem ratione.
1098 2007 1931 2070 1 Quia volibile vt volibile, est alterius rationis, quam
1075 2048 1927 2101 intellig ibile vt intelligibile, sed obiectum voluntatis est
1074 2087 1923 2134 volibile, intellectus intelligibile; ergo &c. Maior patet:
1080 2127 1921 2177 quia illa differunt, quorum vnum manet altero non ma¬
1083 2175 1923 2222 nente: sed manente ratione intelligibilis vt actu mouet
1087 2205 1917 2262 ntellectum, non manet ratio volibilis; ergo &c. Maior
1092 2252 1916 2298 atet per se: minorem probo. quia idem homo heri in¬
1077 2292 1920 2340 telligens vinum, & volens vinum, hodie intelligit vinum,
1083 2322 1913 2375 non uult vinum, eo quod aliqua condicio bonitatis ex parte
1084 2359 1925 2416 uini sit mutata, ergo ratio intelligibilis manet actu mo¬
1080 2407 1795 2449 uens; & ratio uolibilis non manet actu mouens
1098 2440 1913 2489 2 Praeterea, Deus hodie intelligit huc hominem, pu¬
1075 2486 1913 2535 ta Sortem: quem etiam heri intellexit; & tamen non
1077 2521 1915 2569 amat eum hodie, quamuis eum heri amauerit: ergo ra¬
1085 2559 1922 2614 tio amabilis, siue uoli bilis non est ratio intelligibilis. An
1070 2599 1923 2643 tecedens patet: quia cessante hodie in Sorte bono mora
1074 2633 1920 2687 li, quod heri illi infuit, Deus non amat hodie eum, que heri
1075 2684 1917 2726 amauit: consequentiam probo: quia cum in Deo ab in¬
1090 2721 1922 2769 ra nulla cadat mutatio; ergo oportet, quod uolitionis
1083 2758 1922 2802 cessatio, & intellectionis continuatio, solummodo con¬
1077 2789 1920 2840 tingat ex diuersitate rationum obiectalium: quarum vna
1081 2831 1919 2882 scilicet ratione uolibilis cessante, cessat quo ad hoc Dei
1078 2874 1915 2920 uolitio; altera uero scilicet ratione cognoscibilis perma¬
1083 2915 1857 2963 nente, dicitur quo ad hoc Dei cognitio permanere.
1098 2957 1922 3002 3 Praeterea, si idem sub eadem ratione esset obiectum
1083 2989 1918 3034 intellectus & uoluntatis, tunc actus intelligendi, & actus
1083 3032 1923 3079 uolendi essent eiusdem rationis, & specie non differrent,
1080 3070 1924 3115 consequens est falsum; ergo & antecedens; consequentiam
1079 3113 1937 3169 probo: quia ut patet 2. de anima actus, distinguitur per
