2319 3533
449 214 1297 284 2 Praeterea, secundum istum doctore, visio intuitiua est
432 278 1297 330 rei existentis vt existens est, & praesentis vt praesens est, sed
422 320 1290 365 notitia beatifica secundum eundem doctorem est noti¬
429 360 1288 406 tia intuitiua; cum ergo diuina essentia non sit praesentiali¬
425 396 1288 447 ter existens, nisi vt est in tribus suppositis, ideo ex dictis
424 430 1288 477 istius doctoris conuincitur, quod beatus, nec beata visio¬
429 472 1296 525 ne, nec per consequens fruitione, poterit attingere essen
425 519 1135 567 tiam diuinam, ipsam a personis praescindendo.
427 555 1296 602 3 Praeterea, nihil potest cognosci intuitiue, nisi omnia
425 593 1290 634 in eo contenta, maxime quae sint realiter distincta distin¬
422 633 1291 676 cte cognoscantur: sed in diuina essentia sunt tres persona
430 674 949 721 les proprietates realiter distinctae.
448 709 1292 761 4 Praeterea, impossibile est, essentiam diuinam beatifi
425 752 1283 799 ce concipi sine eo, quod per se, & non per accidens facit
424 789 1277 836 ad beatitudinem obiectiue: sed personae diuinae sunt hu
417 830 1287 873 iusmodi: ergo &c. Maior patet: minorem probo: quia si
432 873 1287 922 personae diuinae per accidens facerent ad beatitudinem,
430 907 1283 953 tuc non magis beatificum esset videre personas diuinas in di
433 946 1278 990 uina essentia, quam ipsas creaturas relucentes in essentia, qu
424 984 1277 1034 est absurdum, & contra Aug. 1. de Doct. Christiana vb
424 1027 1292 1068 ait. Res, quibus fruendum est, sunt pater, & filius, & spiri¬
425 1067 893 1121 tus sanctus, trinitas vnus Deus.
458 1095 1282 1158 3 Item, quaecunque persona per se non spectat ad obit
425 1140 1293 1190 ctum fruibile, illa adoranda non est adoratione latriae, vt
431 1190 1285 1239 patebit in 3. li. ergo si tres diuinae personae non per se face
430 1226 1284 1273 rent ad beatitudinem, non deberemus sanctam trinitate
429 1265 1275 1314 adorare adoratione latriae, quod nimis esset poriculosun
428 1305 1286 1346 tenere, & per consequens periculosa esse videntur ex qui
432 1341 731 1393 bus ista sequuntur.
459 1372 964 1435 Soluendo ergo rationes eorum.
465 1412 1282 1470 De primis duabus non euro: quia non video ex hoc se¬
431 1460 1281 1509 qui aliquod inconueniens, si ponatur, quod viator obscurs
430 1503 1287 1549 cognoscens diuinam essentiam ex fantasmate rerum crea
442 1550 1296 1592 tarum, quae est cognitio abstractiua, & imperfecta, etiam
432 1580 1280 1624 ipsa fruatur fruitione imperfecta: qui tamen hoc nollet ti
429 1623 1286 1671 nere habet negare minorem primae rationis, dicendo, quod
426 1658 1279 1707 licet determinate non cognosceretur illud suppositun
432 1699 1281 1740 esse relatiuum, tamen sicut obscure cognosceret essentiam
432 1738 1283 1791 sic obscure, & indeterminate cognosceret suppositum il¬
428 1776 1286 1820 lius essentiae. Et eodem modo dicendum est ad minorem
423 1816 1285 1855 illius secundae rationis: quia sicut naturali ratione ob¬
430 1856 1279 1909 scure cognosceret diuinam essentiam, sic obscure, & indi
435 1893 1289 1936 terminate cognosceret diuinam personam: nullus enim
423 1935 1292 1977 ita demens est, qui istud summum bonum, quod omniu
432 1973 1293 2026 bonorum optimum, concipiat per modum accidentis: sed
432 2014 1285 2053 magis per modum per se existentis, qui conceptus imme¬
428 2053 1285 2095 diate implicat conceptum suppositi, quamuis non deter¬
433 2094 922 2141 minati, puta absoluti, vel relatiui
470 2127 1280 2170 Ad tertium dicendum, quod maior non est vera vniuersa¬
433 2168 1283 2221 liter loquendo, eo modo, quo ipsi ea assumunt: quia Deus
431 2211 1286 2257 non posset facere, quod cognitio sua terminaretur ad essen¬
426 2253 1286 2305 tiam suam: ita quod non cognosceret creaturas, quamuis
431 2286 1283 2336 creaturae sint suae cognitionis obiectum secundarium, &
432 2327 1283 2373 essentia sua primarium. Etiam minor non est vera: nam
433 2369 1280 2414 obiectum primarium differt realiter a secudario: quia ordo
438 2407 1293 2460 realis requirit extrema realiter distincta: sed inter obie
436 2446 1286 2496 ctum primarium, & secundarium est ordo realis, maxime
429 2485 1278 2530 quando ambo ponuntur esse actualiter, & non solum po
425 2519 1282 2575 sibiliter: non enim potest fieri per actum rationis: quia or
429 2563 1273 2612 do obiectorum potentiae intellectiuae naturaliter praece
423 2601 1274 2650 dit actum potentiae, cum actus talis innascatur ex obiectis
418 2640 1271 2695 Si ergo essentia diuina esset obiectum primarium, & per
425 2676 1277 2724 sonae essent obiectum secundarium, tunc realiter differ¬
422 2724 1284 2771 ret essentia a personis; & sic haberemus quaternitatem
429 2764 1271 2808 realem in diuinis, quae est damnata extra de Summa Tri
426 2798 980 2843 nitate, & fide catholica c. damnamus
456 2834 1283 2894 Ad quartum dicendum, quod maior ad praesens propo
433 2867 1282 2929 situm nihil valet, quia quando aliqua conceptibiliter diffe
427 2922 1273 2968 runt, quae tamen sunt idem realiter omnino, tam actu; quam
434 2957 1272 3009 potentia, tunc quamuis abstractiue, & obscure vnum pos¬
424 2998 1273 3054 sit cognosci sine alio, non tamen intuitiue, & per conse¬
432 3032 1263 3086 quens nec beatifice: quia quae omnino sunt idem realite
424 3081 1262 3144 viso vno perfecte, & intuitiue, necessario videtur & alte
1328 218 2198 286 rum perfecte, & intuitiue. Cum ergo argumentum istius do¬
1341 272 2195 321 ctoris procedat de visione beatifica, quae non potest esse
1339 320 2193 359 nisi perfecta & intuitiua; & diuina essentia sit omnino re:
1332 353 2183 400 liter idem cum personis; ideo dato, quod differunt conc
1337 391 2202 445 ptibiliter, adhuc tamen nulla potentia fieri posset, quod
1337 443 2192 485 essentia beatifice videretur ab sque personis. Etiam minoi
1332 476 1749 527 potest negari.
1364 482 2198 560 Ad cuius intellectum est aduertendum, quod aliqua
1339 553 2195 601 differre conceptibiliter, potest dupliciter intelligi. Vno
1335 600 2186 642 modo, quod habeant perfectos conceptus distinctos, quo
1331 634 2188 677 rum vnus perfecte possit inesse ipsi concipienti alio excli
1328 672 2188 717 so, & sic diuina essentia; & personae, siue etiam proprieta¬
1328 711 2183 756 tes non differunt conceptibiliter: quia quicunque perfe¬
1341 752 2192 806 cte concipit diuinam essentiam perfecte concipit diuinas
1338 800 2183 841 personas, cum suis proprietatibus relatiuis. Alio modo, po¬
1331 834 2192 882 pot intelligi aliqua differre conceptibiliter ex eo, quod quis
1332 871 2199 917 obumbrata intelligentia hic in via incomplete concipit
1335 912 2188 959 vnum, alterum non concipiens. Et sic concedo, quod ab
1330 948 2192 991 solutum, & relatiuum differunt concept ibiliter etiam in
1342 983 2195 1028 diuinis: ex hoc autem non potest conciudi, quod beatifi¬
1327 1029 1964 1069 ce videatur vnum, altero nondum viso.
1373 1056 2197 1114 Et per hoc patet quid sit dicendum ad primam proba
1330 1095 1587 1162 tionem minoris.
1368 1120 2192 1199 Ad probationem secundam dicendum, quod in nullo
1335 1182 2189 1232 signo prioritatis intelligit pater essentiam diuinam, in
1345 1225 2186 1276 quo non intelligat eam filius: quia vel loqueris de intell¬
1329 1261 2189 1313 gere, vt est actus essentialis, & sic est commune tribus per
1324 1304 2192 1359 sonis. lllud enim intelligere numquam fuit in patre,
1326 1340 2179 1388 quin idem intelligere esset in filio; & spiritusancto eo
1329 1390 2193 1434 dem signo, quo fuit in patre. Vel loqueris de intellige¬
1331 1423 2189 1469 re notionali, quod quidem intelligere, cum sit relatiuum,
1330 1463 2193 1502 & relatiua simul sint natura, & naturali intelligentia, se¬
1326 1498 2193 1552 quitur idem, quod primo, scilicet quod patet in nullo
1342 1542 2186 1595 igno intellexit, in quo filius non intellexit. Et cum ad¬
1329 1578 2198 1641 ditur, quod si pater in illo signo prioris non intelligeret
1334 1619 2176 1672 essenttam, tunc aliquid acquireret ex productione filij
1332 1660 2182 1705 lsta argumentatio est ita contra te, sicut contra quoscur
1325 1699 2190 1750 que alios, quia si esset tale prius in diuinis, vel in illo prio
1329 1742 2183 1782 ri pater intelligeret filium, & tunc intelligeret essentiam
1341 1777 2188 1829 diuinam in filio, quod tum negas, & eodem signo priorita¬
1336 1816 2195 1866 tis filius intelligeret eandem essentiam in se, & in patre;
1338 1864 2192 1911 vel in illo priori pater non intelligeret filium, tunc ipse pa
1339 1901 2193 1952 ter acquireret aliquid ex filio in esse producto: quia intel
1329 1935 2196 1976 ligeret eum, quem primo non intellexit; & ideo dicen¬
1339 1976 2184 2021 dum est cum Augustino; & Atanasio, & ceteris sanctis do
1332 2013 2182 2069 ctoribus, quod in diuinis, nec est prius nec posterius, sec
1335 2053 2183 2099 totae tres personae coeternae sibi sunt, & conaequales. Prio¬
1330 2093 2189 2146 ritas enim orig: nis in patre non dicit aliquam praecessio¬
1334 2132 2192 2187 nem; nec posterioritas originis in filio dicit aliquam suc¬
1338 2173 2192 2216 cessionem: sed totalem concernunt simultatem. Non
1336 2213 2193 2265 enim attenditur hic prioritas in habendo rem, quae est di
1335 2255 2187 2301 uina essentia: sed tantumodo in modo habedi eam: quia pa
1330 2292 2184 2335 ter habet omnia, quae habet, a se, & non ab altero. Filius au
1332 2332 2179 2378 tem non a se, sed ab altero. Propter quod ait Augusti
1329 2369 2189 2413 nus contra Maximinum lib. 3. Cum dicitur filius a pa¬
1327 2409 2183 2455 tre genitus, ostenditur ordo, non quo alter sit prior alte¬
1330 2445 1766 2500 ro, sed quo alter sit ex altero.
1368 2458 2170 2536 Ad tertiam probationem dicendum, quod loquendi
1335 2517 2177 2572 de conceptu cognitionis intuitiuae, tunc antecedens ess
1317 2567 2171 2610 falsum: quia secundum istum doctorem, nulla potenti
1329 2605 2174 2650 fieri potest, quod natura rei intuitiuae cognoscatur; nisi
1336 2647 2181 2704 prout actualiter praesens existit, quod sine supposito esse
1323 2682 1496 2734 non potest
1347 2722 2184 2779 Si autem loquaris in antecedente de conceptu cogni¬
1329 2764 2177 2808 tionis abstractiuae; tunc consequentia est falsa: quia vt
1323 2800 2170 2848 superius probaui, diuina essentia non potest perfecte co¬
1320 2842 2178 2892 gnosci: nisi intuitiue cognoscatur : etiam in proposi¬
1320 2880 2178 2946 to loquimur de beatifica cognitione, quae necessario
1318 2918 1520 2970 est intuitiua
1318 2960 2175 3016 Ad quartam probationem dicendum, quod licet
1317 3001 2165 3040 essentia diuina non habet entitatem, & intelligibi
1329 3041 2169 3087 itatem, a personis causaliter;; ait quod personae sint cam
1310 3075 2172 3134 sae entitatis essentiae: tamen ad hoc, quod essentia sit ens
