2350 3555
170 275 1034 336 &lintelligibilis, necessario coexigit personas, quae sunt
1049 189 1080 270 c
176 315 1028 363 idem reatiter quod ipsa; & sine quibus impossibile est ex
183 361 1034 403 esse. Est enim diligenter notandum, quod licet naturae crea
180 398 1037 435 tae non repugnet perfecte concipi sine actu esse; & vt possi¬
178 434 1034 486 bilis est ad esse; cum ipsa non sit suum esse: quia non est
173 474 1036 522 purus actus, hoc tamen diuinae essentiae totaliter repu¬
177 516 1034 563 gnat. Ipsa enim cum sit purus actus, non potest perfecte
171 557 1034 601 concipi, nisi sua actualis existentia concipiatur, & per con¬
175 593 1036 643 sequens concipiatur diuina persona, sine qua diuinam na
180 625 700 682 turam actu & istere est impossibile
203 676 1028 720 Ad quintam probationem dicendum, quod maior es
184 714 1043 761 rera, si habet a se veritatem, & sine aliis, causaliter, quam
174 749 1031 792 coexigenter. Ad minorem dico, quod diuina essentia non
173 786 1039 834 habet suam veritatem sine personis, saltem coexigenter,
178 828 1036 871 diuina enim essentia, circunscriptis personis, haberet mi¬
176 865 1030 914 nus esse, quam essentia cuiuscumque creaturae, suo sup¬
180 907 1031 954 posito circumscripto: quia essentiae creatae non repugnas
177 952 1030 994 esse possibile distinctum contra esse actuale, siue contr¬
183 984 1045 1027 actualem existentiam suppositi: sed circumscripto esse actuali
186 1022 1034 1064 a diuina essentia, & ipsa posita in esse possibili, ipsa diuina
186 1065 1028 1114 essentia non plus haberet de entitate, veritate, vel de qua
183 1101 1037 1142 cumque alia perfectione, quam chymera, cum ipsa secun¬
178 1140 1038 1186 dum sui naturam sit purus actus, qui ab actuali existentia,
186 1179 1043 1221 & per consequens ab esse personali circumscribi non po¬
189 1220 1037 1277 test, nisi per falsum intellectum, vel saltem per intelle¬
182 1256 386 1306 ctum fictum.
237 1268 1047 1338 Ad sextam probationem dicendum, quod si in maiori
186 1338 1038 1382 intelligas, quod habeat distinctum conceptum sic, quod
184 1377 1033 1428 possit concipi primo non concepto, tunc maior est falsa
195 1416 1034 1466 mum enim relatiuorum vere negatur ab altero, & tami
194 1456 1041 1503 rnum non potest concipi sine altero. Ad minorem dico,
185 1494 1046 1545 quod dato quessentia habeat alium conceptum a persona; tamen
192 1535 1037 1586 ratione suae actualis existentiae, a qua absolui non potes
189 1570 1035 1618 suus conceptus, loquendo de conceptu perfecto, necessa
189 1606 1048 1664 rio coexigit conceptum personae, sine qua impossibile
194 1648 830 1702 est, essentiam diuinam actualiter existere.
216 1694 878 1733 Per idem patet ad septimam probationem.
337 1766 919 1846 ARTICVLVS i
231 1857 1000 1936 Vtrum actus fruitionis possa termmari ad per¬
402 1922 848 1990 sonam sine terminatione ad
537 1973 704 2040 essentiam,
205 2014 1045 2097 SVANTVM ad tertium principale dicedum, quod
315 2083 1046 2131 beatus non potest frui diuina persona, nisi frua¬
191 2121 375 2167 tur essentia
267 2145 1046 2212 Quia sine illo beatus non potest frui diuina perso¬
192 2198 1049 2246 na, sine quo persona non potest esse, vel intelligi: sed sine
194 2238 1036 2292 diuina essentia persona diuina non pot esse, vel intelligi
269 2278 1045 2322 Praeterea, obiectum fruibile debet habere rationem
195 2314 1053 2360 summi boni: sed persona diuina, circumscripta essentia
190 2357 849 2404 diuina, non habet rationem alicuius boni¬
219 2399 1033 2445 3 Praeterea, obiectum fruibile habet rationem perse
208 2438 1034 2480 se quietatiui animae rationalis: sed relatiuum sine funda
204 2473 1041 2519 mento, etiam dato, quod posset concipi, nullatenus quietaret
241 2515 1039 2564 Contra istam conclusionem nullus doctor assumpsit
207 2550 727 2619 quod ego sciam, ergo hic transeo.
342 2630 933 2704 ARTICVLVS IIII.
218 2727 1027 2800 Vtrum actus fruitionis possit terminari ad vnam
357 2791 908 2850 personam absque hoc quod termi-
494 2833 754 2896 netir ad aliam.
204 2898 1053 2974 SVANTVM ergo ad quartum principale dico, quod
265 2948 1052 3010 beatus non potest frul vna persona diuina, nifi
188 2991 454 3051 fruatur & altera
205 3020 1059 3086 1 Quia ipse non potest cognoscere perfecte vnam si¬
200 3062 1051 3117 ne alia, ergo nec frui. Antecedens patet: quia nulla po¬
195 3107 1058 3172 tentia potest fieri, quod vnum relatiuum perfecte cogno
1080 269 1935 329 scatur, altero non cognito: esset enim contradictio: quia
1087 320 1934 371 sequitur, quod esset relatiuum & non esset relatiuum, &
1080 366 1477 408 eodem modo dicitur frui.
1090 394 1934 450 2 Praeterea, In quibus est vna, & penitus indistincta
1082 445 1925 495 ratio fruibilitatis, illa quo ad actum fruitionis circa ips¬
1087 481 1922 528 eliciendum non possunt abinuicem separari: sed ratio sun
1089 528 1932 577 mae bonitatis, quae est ratio fruibilitatis, est vna, & indiui¬
1083 558 1380 611 sa in tribus personis
1094 593 1922 643 3 Praeterea, illa, quae non possunt seorsum cognoso
1086 639 1924 680 cognitione abstractiua, & imperfecta, non possunt abinuici
1079 678 1925 732 separari cognitione intuitiua, quae est omnino perfecta.
1085 719 1937 773 duo relatiua sunt huiusmodi; ergo. Maior patet: quia quam
1089 753 1925 808 uis intellectus secundum abstractiuam notitiam possit
1093 793 1932 845 eparare illa, quae in re a dextra sunt vnita, vt patet per con
1090 831 1928 873 mentatorem 12. metaph tamen hoc non potest fieri se¬
1096 873 1927 924 cundum notitiam intuitiuam, qua fertur intellectus su¬
1101 917 1934 955 er rem secundum propriam, & actualem suam existen¬
1086 960 1932 1008 tiam. Cum ergo personae diuinae sint relatiuae, & notitia
1101 993 1706 1033 ruitiua sit intuitiua, & perfecta, ergo &c.
1094 1022 1926 1071 4 Praeterea, si beatus frueretur vna persona sine aliis;
1083 1071 1931 1116 aut frueretur illa persona vt absoluta, aut vt relatiua. Si
1095 1110 1931 1152 primo modo, tunc cognitio praeuia beatae fruitionis esset
1090 1149 1934 1199 falsa simpliciter cum in diuinis nulla sit persona abso¬
1081 1184 1935 1230 luta. Si secundo modo:sequitur, quod relatiuum, vt rela¬
1085 1225 1924 1265 tiuum, cognoscitur sine notitia sui corellatiui, quod ess
1094 1270 1931 1319 mpossibile: cum relatiua, vt relatiua, sint simul natura, &
1098 1301 1420 1357 aturali intelligentia.
1110 1338 1926 1388 3 Praeterea, obiectum fruibile quietat voluntatem: sed
1089 1383 1931 1425 voluntas beati non potest ab vna persona quietari sine
1095 1420 1934 1463 alia. Maior patet: minorem probo: quia quod est qui ta¬
1098 1457 1929 1503 tum, non amplius est quietabile: ergo si voluntas esset
1095 1503 1937 1549 quietata in vna persona, non esset quietabilis ab alia, &
1094 1549 1928 1602 per consequens ita beatificaretur ab illa, quod non esset bea
1090 1576 1328 1625 tificabilis ab alia
1100 1610 1934 1666 3 Praeterea, si beatus diuinis personis potest frui di¬
1092 1650 1934 1706 stinctis fruitionibus, aut illae duae fruitiones sunt simul
1096 1694 1928 1744 compossibiles: & tunc duo accidentia eiusdem speciei
1096 1741 1928 1785 erunt simul in eadem potentia, quorum vtrumque adae¬
1090 1774 1929 1828 quat totam capacitatem potentiae; vel sunt incompos¬
1088 1811 1924 1857 sibiles; & tunc neutra erit fruitio beata: quia de ratione
1089 1852 1939 1900 actus beatifici est, quod sit perpetuus. Et ista est expres¬
1086 1889 1917 1931 sa beati August. intentio, qui primo de trinitate ait
1089 1924 1932 1976 Hoc est plenum gaudium, quo amplius non est, frui tri¬
1092 1968 1925 2012 nitate Deo. Et eodem lib ait. Siue audiamus, domine
1089 2008 1922 2052 ostende nobis filium, siue audiamus, ostende no¬
1102 2047 1922 2098 is patrem, tantumdem valet: quia neuter sine altero po
1093 2090 1937 2136 test ostendi : vnum quippe sunt, ficut ipse ait, ego& pa¬
1089 2123 1338 2178 ter vnum sumus,
1134 2160 1933 2209 bed oppositum illius conclusionis, ponit ille doctor,
1093 2199 1937 2253 cuius dicta sunt paulo ante recitata, & improbata, & illud
1095 2248 1457 2293 probat primo de viatore.
1113 2273 1922 2327 1 Quia illis potest viator distincte frui, quae a viatori
1094 2320 1934 2369 possunt distincte cognosci: sed vnam personam potest via
1092 2366 1931 2414 tor distincte cognoscere sine alia : cum, respectu persona¬
1086 2400 1945 2447 rum, sint distincti articuli fidei, aliqui enim respiciunt
1106 2442 1931 2485 atrem, aliqui filium, & aliqui spiritum sanctum. Cum
1090 2489 1928 2533 ergo quaelibet diuina persona habeat rationem summi
1096 2516 1268 2569 boni: ergo.
1107 2541 1936 2609 2 Praeterea, ecclesia instituit distinctas orationes, ali¬
1088 2600 1946 2650 quas ad patrem dirigendo, aliquas ad filium, aliquas ad
1093 2633 1359 2683 spiritum sanctum
1170 2669 1927 2719 Praeterea, si instatur, quod personae sunt relatiuae, o
1094 2682 1933 2756 ideo non potest quis vna frui sine alia: respondent, quod
1098 2757 1934 2805 relatiua opposito, quo ad hoc non obstat, quia creator,
1089 2787 1941 2844 & creatura relatiue dicuntur, & tamen fruimur creatore,
1095 2832 1331 2879 & non creatura
1135 2861 1940 2911 Dicunt etiam, quod beatus potest, de absoluta Dei po
1108 2913 1946 2957 entia, frui vna persona, non fruendo alia. Rationes autem,
1095 2949 1937 2998 quibus hoc probant, omnes tactae, & infirmatae sunt por
1102 2999 1946 3037 solutiones positas contra rationes eorum in secundo prin¬
1108 3027 1944 3078 tipali; & ideo hic transeo. Formabo tamen duo sophisma
1096 3065 1368 3121 ta ex dictis eorum
1176 3106 1937 3163 Si aliqua esset repugnantia, vel contradictio, frui beati
