2324 3534
587 271 1128 347 DISTINCTIO IL
410 370 1280 452 Absolutissima totius operis diuisio, & praesentis di¬
461 434 1230 493 stinctionis perspicua subduusio; n qua Magi¬
494 488 1224 548 ster aggreditur propositum negotum; agere ne¬
530 534 1148 607 pe de Sacro sancto Mysterio trinitatis
747 624 1281 691 Oe TTA QVE &c. Post quam
754 682 1275 735 magister in prima distinctione te¬
756 728 1275 770 tigit materiam istorum quattuor
757 764 1287 810 librorum, & insinuauit ordinem di
762 800 1277 850 cendorum: modo prosequitur de
765 841 1277 893 dicendis. Et quia tractanda in ista
757 880 1268 928 scientia sunt res, & signa, ideo ma¬
763 920 1271 971 gister primo tractat de rebus. Secu
430 963 1284 1004 do de signis. Secunda pars incipit ibi, Samaritanus autem
425 998 1275 1049 Res vero sunt multiplices: quia quaedam sunt fruibiles,
428 1042 1273 1097 quaedam vtibiles, quaedam vtibile, & fruibile simul in se
426 1076 1269 1125 concludentes. Et secundum hoc prima pars diuiditur in
426 1118 1274 1167 tres partes: quia primo tractat de fruibilibus. Secundo de
434 1159 1271 1202 vtibilibus. Tertio de fruibili, & vtibili modo admirabili
433 1194 1278 1245 in eodem concurrentibus, Secunda incipit ibi, Creatio¬
438 1233 1259 1281 nem rerum Tertia ibi. Cum venit ergo plenitudo. Pri
438 1276 1265 1328 ma diuiditur in duas partes: quia primo magister deter
427 1312 1269 1365 minat de Deo quantum ad ea, quae sibi conueniunt im
432 1351 1283 1395 trinsece. Secundo quantum ad ea, quae conueniunt sibi
431 1397 1268 1443 aliquo modo etiam intrinsece: puta per modum causae;
422 1434 1274 1479 ibi, Cumque supra &c. Prima in duas: quia primo tractat.
429 1473 1274 1515 de Deo, & suis perfectionibus intrinsecis Secundo de non
432 1513 1264 1562 minibus, huiusmodi perfectiones exprimentibus, ibi, Pos
426 1548 1258 1603 praedicta differendum. Prima diuiditur in tres: quia pri¬
429 1599 1264 1638 mo determinat de Deo quantum ad essentiae vnitatem
430 1628 1274 1671 & personarum trinitatem. Secundo quantum ad persona
426 1669 1271 1716 lis originis, & distinctionis alietatem. Tertio quatum ad
425 1706 1267 1756 maiestatis aequalitatem. Secunda pars incipit ibi. Hic ori¬
428 1748 1266 1794 tur quaestio Tertia ibi. Nunc postquam &c. Prima in
416 1794 1270 1835 duas, quia primo magister ostendit diuinae essentiae vnita
423 1823 1272 1871 tem, & personarum trinitatem ex sacrarum scripturarum
427 1863 1269 1909 auctoritate. Secundo ratione sumpta ex creaturarum si¬
431 1900 1261 1943 militudine ibi, Apostolus naque &c. Prima in duas: qui¬
428 1940 1253 1989 primo magister instruit, & informat lectorem istius scien
430 1986 1262 2033 tiae, & vniuersaliter sactae scripturae. Secundo de essentia
423 2021 1271 2072 diuinae vnitate, & personarum trinitate incipit determi-
419 2059 1256 2100 nare ibi Proponamus ergo in medium. Prima diuiditu
422 2100 1262 2147 in tres partes: quia primo magister ostendit, quod studen;
437 2137 1253 2180 sacrae scripturae debet virtutibus pollere. Secundo insi
425 2174 1263 2223 nuat, quid debet praesupponere, & firmiter tenere. Ter¬
422 2218 1250 2258 tio quem modum procedendi vniuersaliter debet habe
429 2258 1265 2300 re. Secunda ibi, Omnes autem catholici. Tertia ibi. Vt in
425 2294 1266 2346 lib primo de tri. Tunc sequitur illa pars. Proponamus er
430 2335 1256 2385 go in medium, & diuiditur in duas partes: quia primo at
426 2374 1266 2417 ctoritatibus veteris testamenti ostendit essentiae diuinae
420 2415 1250 2455 vnitatem. Secundo diuinarum personarum ostendit tri
418 2452 1266 2497 nitatem, ibi Personarum quoque pluralitatem. Circa istam
426 2486 674 2541 litteram quaero.
712 2562 986 2649 Quaestio
498 2645 1184 2724 An possit demonstratiue concludi vnum
670 2716 1005 2774 tantum Deum esse
447 3073 1255 3121 VIRVM POSSIT demonstratiue probari, vnum
444 3112 1257 3185 Vtantum Deum esse. Et videtur quod non: quia illud
1318 266 2172 340 non possumus demonstrare esse, cuius esse non possu¬
1324 339 2165 384 mus cognoscere, sed esse Dei non possumus cognoscere,
1320 370 2172 416 ergo &c. Maior patet, probo minorem: quia quid est
1317 409 2173 455 Deus impossibile est nos scire secundum Dam. lib. 1.
1332 448 2176 489 bed esse Dei idem est quod quidditas Dei: ergo impos¬
1323 486 2166 540 sibile est, nos scire esse Dei: & quia ens, & vnum conuer¬
1322 526 2162 579 tuntur, ergo si non possumus probare esse Dei, non pote¬
1324 569 1902 621 rimus probare vnitatem Dei, ergo &c
1360 600 2167 652 Contra. Illud, qued potest probari, necessaria ratione
1336 649 2174 698 otest demonstrari; sed vnum Deum esse potest probari
1316 693 2177 735 necessaria ratione: ergo &c. Maior patet primo posterio¬
1327 721 2168 773 rum. Omnis enim svllogismus, vel est demonstratiuus,
1323 769 2165 811 cel dialecticus, vel sophisticus: sed demonstratiuus est ex
1320 805 2172 845 necessarijs, ergo &c. Maior patet 2. metaph vbi probatur
1326 844 2187 889 necessarijs rationibus, quod in omni genere causae est de
1320 890 2187 931 uenire ad vnum principium: sed Deus est causa finalis
1317 921 2187 964 omnium, vt probatur. 12. metaph ergo est dare vnum so¬
1323 959 2161 1009 lum Deum, sicut est dare vnum solum vltimum finem.
1330 1003 2159 1043 In ista quaestione ponam quattuor conclusiones neca¬
1310 1036 2172 1088 tiuas, ex quibus tandem inferam vnam affirmatiuam: Pri
1321 1081 2159 1125 ma est, quod non possunt esse plures Dij solo numero
1315 1119 2164 1164 differentes, Secunda, quod non specie. Tertia, quod non
1313 1157 1868 1218 genere. Quarta, quod non analogia.
1479 1241 1959 1327 RESOLVTI O
1313 1338 2171 1403 Ia hoc quidem quaesito optime improbatur Deorum pluralitas,
1354 1386 2156 1440 tam seciudum numerum, quam secundum speciem, genus, qu
1356 1439 2172 1499 analogiam. Hinc vnum dumtaxat Deum esse necessaria ratis
1356 1467 1636 1522 ne comprobari potest.
1345 1510 1409 1564 ts enim
1460 1542 2041 1628 CONCLVSIO
1454 1630 2021 1719 lmpossibile est esse plires Deos solo
1571 1700 1892 1757 numero differentes.
1327 1816 2157 1888 IICO Trgo Primo, quod impossibile est, esse plu¬
1321 1859 2030 1918 res Deos solo numero differentes.
1352 1898 2165 1949 1 Quia illud quod est purus actus, non potest sub ea¬
1307 1941 2159 1991 dem specie numero multiplicari: sed Deus est purus
1311 1985 2161 2033 actus, maior patet 12. metaph vbi dicitur, quod quaecum
1317 2028 2167 2072 que sunt plura numero in eadem specie, multam habent
1318 2062 1521 2110 materiam.
1329 2096 2188 2149 Et si ista proposito secundum aliquos pateretur ca¬
1317 2142 2168 2198 lumniam de mate ria proprie dicta: quia dicerent, coelos
1311 2184 2172 2230 esse eiusdem speciei in quibus negant materiam, etiam
1319 2219 2158 2261 non repugnat plures Angelos esse secundum aliquos in
1319 2260 2156 2312 eadem specle, qui tamen carent materia: tamen nullus
1311 2295 2158 2337 dubitare potest, quin omne, quod multiplicatur numero
1311 2335 2159 2388 in eadem specie, vel simpliciter habeat materiam partem
1314 2376 2168 2420 sui, vel saltem habeat suum helvachim: id est suum mate
1317 2414 2157 2459 riale, siue potentiale: in puro autem actu, nec est materia
1301 2455 2161 2510 nec aliquid materiale, siue potentiale; sed Deus est purus
1315 2491 1943 2546 actus, vt patet 12. metaph. & 8. physicorum
1356 2535 2149 2578 2 Praeterea, si essent duo Dij numero differentes in
1314 2573 2153 2622 eadem specie, tunc essent duo infiniti Dij in eadem spe¬
1313 2608 2157 2651 cie, consequens est falsum apud omnes: probo con¬
1310 2649 2156 2697 sequentiam, quia nulla speries plura habens indiuidua,
1313 2694 2153 2736 ex se, & per se est limitata, & determinata ad certum
1309 2738 2146 2783 numerum suorum indiuiduorum; nisi enim per agens
1309 2768 2157 2817 vel per finem, siue per aliquam extrinsecam causam de¬
1305 2801 2157 2849 terminetur ad huiusmodi certum numerum, ex se inde¬
1317 2848 2159 2899 terminata manet, quia quantum est de se, qua ratione
1301 2882 2158 2937 multiplicatur per duo indiuidua, eadem ratione est possi
1308 2925 2156 2963 bile ipsam multiplicari per infinita indiuidua: sed in por
1315 2962 2154 3015 petuis non differt esse, & posse, vt dicitur 3. physicorum.
1308 2999 2162 3056 Cum ergo natura diuina sit perpetua, nec possit determi
1308 3040 2148 3098 nari per aliquam causam superiorem: quia tunc non es¬
1314 3077 2146 3136 set diuina. ergo. Patet consequentia, puta si essent dud
1305 3120 1931 3176 Dij in eadem natura, quod essent infiniti.
