2347 3552
251 272 1083 334 3 Praeterea, illud, quod de se est omnino necesse esse, hoc
207 321 1088 378 ex se sine omni additamento est singulare, nec per conse
210 361 1070 407 nuens plurificabile: sed Deus est ex se omnino necesse es
212 409 1077 460 te quia si necessitas sui esse dependeret ab alio, tunc ipse
217 443 872 488 nom esset Deus, sed illuda quo dependeret
210 488 1079 538 Praeterea, confirmo hoc idem sic: quia si essent plu¬
209 520 1077 569 res Dij, aut differrent in aliquo, aut in nullo. Si in nullo,
208 559 1076 607 ergo non plures Dij, sed vnus Deus. Si in aliquo; illud vel
209 598 1061 654 est necesse esse, vel possibile esse. Non primum: quia ne
206 634 1068 691 cese esse est de formali, & intrinseca ratione ipsius Dei
207 672 1064 730 Nec secundum: quia ille, qui includeret hoc possibile, es
209 711 1077 768 set compositus ex possibili, & necessario, & per consequens
204 758 1066 807 non posset esse Deus, cum Deus sit omnino simplex sub¬
199 788 642 842 stantia, vt patet 12. metaph¬
351 878 930 927 c ONCLV S1 0 I
234 909 1074 994 Nomn possint esse plures Dij sperie differentes
287 989 1065 1045 VANTVM ad secundum principale dico, quod
291 1030 1034 1077 non possunt esse plures Dij specie differentes.
239 1067 1071 1118 1 Quia quaecunque conueniunt genere, & differunt
206 1105 1064 1154 specie, sunt composita ex genere, & differentia: sed huius¬
205 1150 1068 1197 modi composito repugnat Deo, ergo &c. Maior patet,
206 1185 1061 1233 probo minorem: quia Vt patet 7, meta. genus dicit quio
204 1225 1073 1275 potentiale, differentia vero quid actuale, ergo quicquid
205 1262 1058 1308 componitur ex genere, & differentia, componitur ex actua
198 1302 1073 1347 li, & potentiali, quod Deo repugnat, a quo omnis passiua
206 1339 928 1393 potentionalitas regulatur, vt patet 12. metaph
231 1376 1066 1427 2 Praeterea. Si essent duo Dij naturaliter distincti, aui
205 1421 1043 1463 rterque esset omnipotens, aut alter tantum, aut neuter
211 1458 1071 1504 Si tertio modo, tunc neuter esset Deus. Si secundo mo¬
203 1501 1073 1546 do, tunc alter tantum esset Deus. Si primo modo, tunc
204 1542 1058 1584 rel ambo concurterent ad productionem eiusdem effe
210 1579 1068 1626 crus, & tunc alter superflueret, cum vnus Deus omnipo¬
202 1616 1063 1666 tens possit producere totum effectum: vel vnus resisteret
201 1657 1070 1699 alterius productioni, & tunc vel aeque potenter se habe¬
204 1691 1061 1736 rent, vel alter vinceretur. Si primo modo, tunc effectu
192 1733 1071 1784 smul procederet secundum omnipotentiam producen¬
206 1770 1061 1819 tis, & nen procederet secundum omnipotentiam resister
201 1804 989 1857 uis. Si secundo modo, tunc victus non esset Deus.
228 1847 1064 1904 3 Praeterea, si essent duo Dij, aut vnus intelligeret a¬
204 1886 1057 1940 rem, aut non intelligeret cum: sed vtrumque est impossi
204 1929 1066 1980 tile, ergo &c Maior patet per immediatam, siue contra¬
211 1967 1061 2019 oriam diuisionem: minorem probo. Non enim po¬
197 2007 1064 2057 tn dici, quod hic Deus illum Deum non intelligat: quia
207 2044 1062 2096 beatificum obiectum verum Deum latere non potest: seo
202 2088 781 2130 rerus Deus est beatificum obiectum.
240 2122 1070 2170 Nec potest dici, quod ipsum intelligat, quia aut cogno
200 2162 1057 2213 feret eum per essentiam suam, scilicet cognoscentis, au
191 2204 1070 2257 per essentiam ipsius cogniti. Si primo modo: tunc conti
201 2240 1063 2285 neret illum alium eminenter, & per consequens ille alius
203 2283 1056 2329 non esset Deus. Si secundo modo, tunc perficeretur ab
198 2321 1050 2376 chio, cuius essentia esset sibi ratio recipiendi actum intel
194 2361 929 2406 lgendi, & tunc ipse cognoscens non esset Deus.
240 2398 1066 2444 a Praeterea, formae specificae se habent sicut numeri, vt
208 2436 1058 2483 reitur S metaph ergo impossibile est esse duos Deos spe
204 2482 1063 2524 tifce differentes aeque perfectos, consequentia patet: quia
198 2520 1066 2564 impossibile est dare duos numeros ab vnitate aeque distan
245 2553 1062 2609 lle ergo, qu minus perfectus esset, Deus esse non posset
336 2632 935 2692 CONCLVSIOII
195 2678 1064 2763 Impossibile est esse pliores Deos genere differentes.
221 2792 1050 2856 SVANRTVM ad tertium principale dico, quod im
276 2823 1067 2877 v possibile est, esse plures Deoi genere differentes.
246 2871 1054 2916 1 Quia aut quilibet iliorum deorum includeret tan
199 2904 1056 2956 romm odo perfectiones sui determinati generis, aut vter¬
197 2945 1074 2995 que includeret perfectiones cuiuslibet generis; autem vnus
200 2977 1067 3036 racloderet omnium perfectiones, & alter limitatas, & de¬
215 3024 593 3082 terminatas perfectiones.
243 3068 1058 3115 Si primo modo, tunc neuter crit Deus: quia dicitur;
206 3100 1071 3157 metaph. Est enim quoddam ens perfectum vniuersali per¬
1123 275 1964 340 fectione, habens in se perfectiones omnium genetum.
1153 335 1970 378 uod quidem ens commentator ibidem dicit esse Deo
1170 372 1968 422 Si secundo modo, tunc vter que includeret omnes per
1123 392 1957 456 fectiones alterius Dei, & per consequens naturam illius
1130 451 1558 506 & sic erunt vnus solus Deus.
1163 490 1965 541 Si tertio modo, tunc ille vniuersaliter perfectus tantum
1131 527 1571 583 modo erit Deus, & non alter.
1140 571 1973 619 2 Praeterea, quaecunque genere differunt, si vnum est sub¬
1116 607 1964 659 stantia, alterum necetiario est accidens: sed Deus non po
1119 649 1969 692 test esse accidens; ergo &c. Maior patet, quia praedicamen
1129 690 1965 738 tum substantiae est vnum tantum: minor est nota: quia non
1116 726 1961 776 solum Deus non est accidens: sed nec in Deo possibile ess
1131 765 1856 812 esse accidens, vt patet per Doe in suo lib de trin¬
1242 835 1841 917 c ONCLV S10 11II.
1233 890 1856 964 impossibile est esse plures Deos diffe¬
1395 950 1679 1015 rentes analogia
1195 1027 1968 1088 VANTVM ad quartum dico, quod impossibile est, plu
1191 1075 1650 1132 res Deos differre analogia.
1164 1121 1961 1169 1 Quia quae sic differunt, quod in nullo penitus con¬
1125 1140 1958 1206 neniunt, illa nullatenus esse possunt: sed quae differunt a¬
1126 1186 1949 1235 nalogia in nullo penitus conueniunt, ergo &c. Maior pa¬
1128 1232 1962 1273 tet 13. de di. no vbi ait Dion. quod omnis multitudo ali¬
1116 1273 1958 1324 qualiter participat aliquo vno. Et ibidem ostendit, quod
1116 1312 1959 1355 nulla adeo sunt diuersa: quin saltem conueniant analo¬
1124 1351 1949 1393 gia. Et eandem sententiam ponit Proclus in sua prima pro
1115 1388 1957 1433 positone. Vnde etiam 4. meta. dicitur, quod non habet esse
1128 1425 1964 1468 vnum, non habet esse: tales ergo Dij nullo modo esse pos
1117 1459 1605 1511 sent, eo que in nullo conuenirent.
1153 1505 1967 1554 2 Praeterea, quicquid est extra analogiam entis realis,
1119 1536 1958 1586 quod est commune decem praedicamentis, vel est totali¬
1118 1584 1948 1625 ter nihil, uel si est aliquid, est purum ens rationis. Sed si
1116 1620 1947 1674 duo Dij differrent vniuersali analogia, alter eorum esse
1118 1657 1948 1706 extra analogiam entis realis; ergo vel esset nihil, vel tan¬
1126 1699 1949 1740 tummodo ens rationis, quorum vtrunque est inconueniens
1126 1737 1957 1780 Forte dicetur, quod non differunt analogia vniuersali, sed
1110 1779 1953 1833 analogia speciali: sic analogia sanorum differt ab analogia
1120 1813 1490 1868 calidorum, siue colorum.
1158 1854 1949 1901 lllud non valet: quia quaecunque differunt analogia
1113 1891 1949 1949 speciali, ista conueniunt analogia vniuersali: licet enim
1125 1933 1956 1979 ana in sua analogia differant a calidis; tamen vtraque con
1123 1971 1952 2016 ueniunt in analogia entis: sed quaecunque conueniunt
1117 2010 1949 2053 in vna analogia, quamuiscunque vniuersali, vel vnum ha¬
1110 2048 1952 2092 bet attributionem ad alterum, vcl ambo ad tertium, pro¬
1127 2090 1943 2130 ter quod semper oportet deuenire ad vnum primum.
1119 2126 1956 2177 Nec instantia est ad propositum: quia precise loquebar de
1110 2166 1946 2215 analogia vniuersali: quae potest esse communis his, qua
1120 2204 1952 2252 differunt genere, sicut patuit ex deductione, quam feci
1119 2245 1949 2293 per articulos praecedentes, in quibus semper processi de
1113 2289 1679 2336 minus communi ad maius commune
1152 2321 1968 2361 Sed contra praedicta, est opinio Manichaeorum, & alio¬
1114 2359 1956 2407 rum multorum haereticorum: quorum pestifera nequitia
1118 2401 1970 2448 oetere percipitur quoque vsque in praesentem diem. Ponut
1122 2444 1950 2490 nim dicti haeretici, vnum esse Deum omnium bonorum;
1112 2480 1955 2525 & alium esse Deum omnium malorum. Et ex dictis eo¬
1115 2521 1571 2570 rum multipliciter potest argui
1145 2559 1951 2610 1 Primo sic, Tale per participationem praesupponit ta
1107 2598 1961 2639 le per essentiam: sed est dare bonum, & malum per participa
1109 2639 1955 2687 tionem, ergo erit dare bonum, & malum per essentiam: sed
1116 2681 1958 2726 quod est tale per essentiam, hoc ipsi dicunt Deum, ergo &c
1148 2714 1940 2758 2 Praeterea, vbicumque est darc causam secundam, ibi es
1111 2749 1956 2796 dare causam primam: quia secundum non dicitur, nisi in or
1111 2793 1959 2834 dine ad primum: sed est dare secundam causam mouentem
1111 2839 1936 2882 ad malum, ergo & primam, & hoc erit Deus malorum.
1153 2870 1952 2919 3 Preterea, aliqui statim nati habent conuolutam ma
1111 2908 1949 2954 litiam, talium ergo non poterit esse bona causa, nec per
1110 2947 1493 2993 consequens bonus Deus.
1143 2984 1952 3029 4 Praeterea, si vnum contrariorum est in natura, & reli
1122 3020 1943 3073 quum, vt dicitur 2. caeli & mundi: sed summum bonum
1106 3064 1951 3111 & summum malum sunt contraria, cum ergo summum bo¬
1111 3105 1949 3167 num sit, puta boni Dei bonitas, ergo & summum malum est,
