2323 3574
384 247 1222 323 3 Praeterea, vbicumque est dare magis, & minus, ibi
382 309 1224 358 est dare simpliciter bonum, eo quod est dare magis & mi
388 347 779 395 nus bonum, sic &c.
406 388 1225 431 Forte diceret aliquis, quod dato, quod esset summum
378 431 1220 481 malum, adhuc non esset per se, sed dependeret a summo
391 470 994 516 pono, & per consequens non esset Deus.
421 502 1220 545 Responderet Manichaeus, quod impossibile est, sum¬
390 541 1227 587 mum malum uel fieri, vel dependere a summo bono: quia
380 583 1223 631 semper illud, a quo aliquid dependet, comprehendit in
375 621 1222 669 seipso dependens, aut formaliter, aut virtualiter: sed bo
378 668 1226 713 nus Deus, nec comprehendit in se summum malum forma
384 702 1233 748 liter: quia tunc esset summe malus, & maxime contraria
385 740 1229 788 essent simul formaliter in eodem: nec virtualiter: quia quod
386 781 1220 820 est virtualiter tale, potest alterum facere formaliter tale
393 816 1224 865 ergo optimus Deus posset pessime facere, quod est oppo
383 861 1230 906 situm in adiecto: quia malis operibus efficimur mali, vt
390 892 713 951 patet in 2. lib ethiico.
420 933 1235 984 Similiter contra supradictam veritat em est opinio Ar
390 964 1232 1022 rij, qui secundum distinctionem personarum, distinxit di
384 1015 1226 1071 uinam essentiam, & per consequens plures habuit pone¬
390 1056 1229 1094 re Deos essentialiter differentes, Poterat autem moueri
389 1093 814 1144 istis sosphismatibus.
427 1129 1233 1173 1 Rclationes oppositae realiter distinctae non possunt
378 1167 1238 1215 simul fundari in eodem indiuisibili fundamento: hinc est,
389 1214 1235 1263 quod relatio identitatis, eo, quod non habeat fundamen
391 1256 1240 1299 tum realiter distinctum, est relatio rationis; Vt patet 5.
383 1296 1226 1349 metaph sed in essentia diuina fundantur relationes oppo
384 1325 711 1380 sitae realiter distinctae
420 1366 1232 1414 2 Praeterea, id quod praedicatur de pluribus realiter
389 1409 1238 1448 differentibus, non potest esse realiter vnum: sed essentia
397 1445 1238 1488 diuina praedicatur essentialiter de tribus personis reali¬
396 1480 803 1532 ter differentibus, ergo &c
435 1521 1238 1572 3 Praeterea, id cuius essentia, & esse sunt penitus idem,
394 1561 1226 1603 si multiplicatur eius esse, & essentia diuerfificatur: sed in
396 1598 1229 1643 diuinis esse, & essentia sunt penitus idem, & esse diuersif
385 1643 1235 1693 catur, quia dicit Augustinus. 5. de trin. Diuersum est esse
399 1683 1231 1726 patrem, & esse filium, ergo videtur sequi, quod diuersa sit
396 1722 1232 1780 essentia, quia eodem lib. &cap. dicitur, quod sicut a sapie¬
396 1756 977 1813 te dicta est sapientia, sic ab esse essentia.
438 1796 1229 1844 I Praeterea, ista est falsa in diuinis, nullum generans
397 1831 1225 1878 est essentia: quia pater non esset essentia: ergo ista est fa
390 1878 1238 1931 sa in diuinis, nulla essentia est generans, cum vniuersalis
391 1914 1225 1967 negatiua simpliciter conuertatur, vt patet ex 1. lib. prio¬
390 1955 1226 2003 rum, ergo haec est vera in diuinis, quaedam essentia est go
393 1994 1234 2046 nerans: quia lex contradictoriarum est talis, quod si vna
384 2038 1232 2089 est falsa, alia erit vera, & econuerso, vt patet primo peri¬
395 2073 1219 2120 hermenias : sed nihil generat seipsum, vt patet 2. de ani
392 2119 1240 2165 ma & per Aug. saepius in 1. lib de trin. ergo diuina essen¬
389 2148 1036 2195 tia generabit aliam diuinam essentiam.
420 2187 1231 2244 3 Praeterea, quorum est vnum & idem esse, plurisicato
396 2232 1235 2278 vno plurificatur & reliquum : sed relatio in diuinis cum
392 2271 1225 2310 essentia habent vnum & idem esse: ergo plurificata rela¬
393 2305 827 2352 tione plurificatur & essentia.
429 2343 1227 2399 e Praeterea, substantia in diuinis plurificatur: sed esse r
397 2387 1227 2436 tia est idem, quod substantia; ergo &c. Maior patet per H
400 2433 1229 2479 larium in lib de trin vbi vult, quod pater, & filius, & spir
393 2471 1239 2522 tus sanctus, sunt per substantiam tria, & per consonan¬
395 2506 569 2552 tiam vnum.
426 2550 1234 2590 3 Praeterea, ab eodem res habet esse, & distinctum es¬
392 2585 1226 2628 se: sed relatio habet esse reale a fundamento: ergo habe¬
395 2626 1226 2669 bit distinctum esse a fundamento, cum ergo nihil dat, quo
400 2665 1234 2720 non habet, videtur quod praeintelligatur distinctum esse
397 2700 725 2748 reale in fundamento.
439 2739 1227 2796 Posset etiam argui contra praedictam veritate physice sic
414 2788 1227 2830 1 Non minus potens est lux spiritualis, quam lux cos
411 2822 1229 2872 oralis: sed lux corporalis producit lucem corporalem
399 2857 940 2914 in natura distincta a sua natura: ergo.
436 2903 1240 2952 2 Praeterea, vnumquodque tunc perfectum est, cum
386 2943 1236 2999 potest sibi simile generare, ut dicitur. 4. Meteororum: sed
394 2972 1013 3029 essentia diuina est perfectissima, ergo &c
433 3013 1226 3064 3 Praeterea, idem, manens idem semper facit idem.:
393 3058 1226 3099 de generatione, ergo videtur, quod diuersitas causatori
390 3094 1234 3149 arguat diuersitatem deorum: maxime loquendo de tali¬
1266 250 2018 311 bus causatis, quae non possunt produci, nisi a Deo.
1300 299 2129 349 4 Praeterea, multitudo quaelibet participantium ar¬
1271 344 2130 393 guit vnum ens simpliciter, quod participiant: sed in om-
1269 388 2129 430 ni genere est multitudo participantium, ergo in omni ge
1273 423 2124 471 nere vno, erit vnum ens simpliciter ab alijs participatum
1266 468 2129 512 tale appellat Proclus Deum : ergo tot erunt Dij, quot
1273 501 1445 554 sunt genera
1308 538 1678 584 Sed ista non concludunt
1295 571 2125 622 1 Quia isti diuersi Dij, vel differrent in natura, & tuc
1274 623 2123 665 ille, qui non haberet diuinam naturam non esset Deus,
1274 655 2113 708 vel essent eiusdem naturae, & tunc essent vnus Deus: quis
1277 693 2015 747 in separatis a materia, vnius naturae est vnum esse
1299 742 2123 783 2 Preterea, omne, quod mouetur ab alio mouetur;
1269 778 2120 825 cum ergo in per se mouentibus causis non sit processus
1274 819 2130 863 in infinitum: oportet nos deuenire ad vnum motorem to¬
1281 862 2123 908 taliter immobilem, vt concluditur 8. physicorum, & 12.
1281 896 2137 948 metaph. Entia enim nolunt male disponi, & mala est plu
1276 928 2116 982 ralitas principantium, vnus ergo princeps, vt concludi¬
1274 969 1511 1027 tur 12. metaph¬
1314 1011 2117 1062 Ad solutionem autem sosphismatum adductorum pro
1270 1033 2120 1095 Manichaeo est sciendum, quod error Manichaeorum mul
1278 1102 2117 1139 tum ex hoc procedebat, quod credebant malum esse quan¬
1273 1128 2136 1169 dam substantiam, & naturam positiuam, & per conse¬
1275 1166 2116 1228 quens quodlibet malum particulare habere causam por
1272 1211 2126 1256 se, & efficientem positiue, cuius oppositum totaliter pone
1272 1257 2136 1300 re debuerunt: quia malum est priuatio boni, & quia pri¬
1271 1296 2116 1336 uatio de se est non ens; vt dicitur primo physicorum, er-
1278 1322 2119 1377 go malum non requirit causam efficientem sed deficien
1278 1375 2129 1415 tem. Propter quod Diony. 4. de diuinis no ait, quod ma¬
1272 1403 2126 1453 lum nec est existens, idest substantia, nec inexistens, id est
1283 1451 2129 1493 accidens. Et ideo ait beatus Augustinus 12. de ciui. Dei¬
1278 1486 2129 1527 Nemo ergo quaerat efficientem causam malae voluntatis
1282 1529 2146 1570 non enim est efficiens sed deficiens: nec illa, scilicetim ala
1288 1563 2145 1602 poluntas vt est mala, est effectio: sed defectio. Et sequitur
1288 1600 2129 1645 bidem. Sic causatur malum, vt auditur silentium, & vide
1275 1648 2129 1695 tur tenebra. Videre autem tenebram non est aliquid vi¬
1275 1678 2134 1722 dere, sed a uidendo deficere, & audire silentium, non est
1277 1718 2132 1769 aliquid audire: sed magis ab audiendo deficere. Sic malum,
1279 1758 2123 1805 & inordinatio non est aliquid facere: sed ab ordine defi¬
1278 1802 2120 1843 cere, & rectum ordinem a Deo, siue a natura institutum
1274 1840 2123 1890 non seruare, ldeo Augustinus dixit eodem capite, quod
1278 1876 2127 1923 hoc est incipere habere malam voluntatem, ab eo deficere
1279 1912 1547 1969 quod summo est
1315 1951 2135 2002 His praemissis immediate patent solutiones sophisma
1275 1992 1545 2045 tum praedictorum.
1286 2024 2133 2077 Ad primum ergo dicendum, quod maior est vera sub hoc
1279 2073 2133 2115 sensu, quod omne esse per participationem praesupponit
1282 2116 2129 2164 esse simpliciter, vel respectu cuius proficiat, vel a quo defi
1277 2150 2129 2205 ciat. Ad minorem dico, quod malum praesupponit sum¬
1274 2189 1825 2242 mum bonum, a cuius legibus deficit.
1313 2231 2120 2273 Ad secundum eodem modo: quia non oportet, quod
1280 2272 2127 2317 detur aliquod primum, quod malum secundum partici¬
1283 2310 2129 2354 pet positiue: sed sufficit esse summum bonum, a quo de¬
1278 2347 1500 2399 ficiat priuatiuc
1324 2387 2117 2430 Ad tertium dicendum, quod non est dare purum ma¬
1291 2430 2122 2471 um: quia si purum malum daretur, seipsum destrueret vt
1294 2467 2129 2513 atet 4. ethico. & ideo nullum malum est, quod ita ha¬
1277 2513 2129 2552 beat connatam malitiam: quin necessario fundetur in
1287 2546 2126 2595 aliquo bono positiuo Verbi gratia, in fornicatione possu
1284 2588 2129 2631 mus duo considerare: quorum vnum est posituum, & ha¬
1272 2623 2117 2667 bet causam efficientem, puta actio realis ipsius agentis
1275 2668 2112 2717 aliud priuatiuum, & habet causam deficientem, puta ino¬
1281 2703 2130 2756 dinatio, quae est a voluntate derelinquente legem Dei
1280 2742 2123 2789 sui. Talis ergo malitia non habebit Deum pro causa effi¬
1272 2781 2123 2828 ciente, sed inordinatam voluntatem a Deo deficientem
1320 2820 2116 2869 Ad quartum dicendum, quod bonum & malum non
1285 2860 2120 2908 opponuntur contrarie, sed priuatiue: priuatiua autem op
1278 2904 2129 2951 posita apta nata sunt fieri circa idem subiectum vicissim, &
1278 2940 2130 2990 similiter contraria, & ideo non opponitur Deo aliquid pri
1277 2986 2116 3028 uatiue nec contrarie, cum non sit aptus esse i aliquo subiecto.
1320 3018 2127 3063 Ad quintum dicendum, quod non datur maius, & minus ma¬
1284 3051 2124 3107 um respectu summi mali: quia hoc esse non potest; sed tam
1273 3098 2131 3150 bonum, quam malum dantur respectu summi boni : primum vt
