2420 3546
196 285 1065 335 accedens, secundum vt recedens : primum vt ad ipsum
204 332 1066 371 proficiens, secundum vt ab ipso deficiens. Sicut ait Augu
207 370 1064 413 stinus contra Faustum, quod respectu eiusdem signi dici¬
216 406 1067 453 mur sagittare bene, & male, ita quod non ponuntur duo
205 448 1064 489 figna, quorum respectu vnius dicamur sagittare bene, &
214 487 1067 527 respectu alterius male. Sed ad idem signum magis, &
211 524 1062 578 magis attingentes, dicimur melius, & melius sagittare, &S
207 566 1067 612 ab eodem magis, & magis deuiantes, dicimur peius, & po
213 602 1067 650 ius sagittare, sic &c. Cum enim ipsum malum a nullo a¬
206 650 1066 695 gente sit per se intentum: quia nullum agens respicien
207 691 1067 738 ad malum agit quod agit, vt dicitur in de di non, non opos
220 724 1074 773 tet sibi assignare causam efficientem, vt isti imaginantur.
261 756 1072 807 Sed ad hoc forte diceret Manichaeus, quod id, quod est per
213 798 1075 842 accidens intentum, contingit vt in paucioribus, & raro:
222 838 1066 887 sed malum in hoc mundo contingit vt in pluribus, ergo
226 879 663 925 videtur esse per se intentum
267 916 1072 962 Respondeo, quod instantia assumit duplex falsum: quia
212 956 1069 1001 licet id, quod est a casu contingat vt in paucioribus, & ra¬
217 1000 1077 1042 ro; vt patet 2. physicorum, non oportet tamen, quod om-
216 1036 1074 1080 ne per accidens intentum eueniat vt raro; nam nullum
215 1073 1066 1126 generans per se intendit corruptionem, & tamen tot eui
217 1117 1078 1159 niunt corruptiones, quot generationes: quamuis genera¬
220 1154 1068 1201 tiones sint per se intentae, alias non posset stare dictun
222 1193 1070 1244 Aristotel. 1. de generatione, qui ait, generatio vnius, es
219 1232 1083 1280 corruptio alterius. Assumitur etiam secundo falsum, cum
216 1277 1071 1327 dicitur, quod plura cueniunt mala, quam bona: quia nul¬
216 1313 1073 1357 lum potest malum euenire, quin simul eueniat aliquoc
222 1350 1086 1397 bonum, in quo fundetur illud malum. Vnde si eueniat
225 1389 1083 1437 aliquod malum moraliter, necessario oportet cuenire ali
219 1430 1074 1485 quod bonum, vel moraliter, vel naturaliter. Etiam ex ipsis
225 1481 1074 1522 malis elicitur aliquod bonum: iuxta illud August. Omn
229 1507 1079 1556 potens Deus non permitteret fieri aliqua mala, nisi adeo
228 1547 877 1598 esset omnipotens, quod ex malis eliceret bona
264 1582 1083 1636 Ad motiua etiam deducta pro errore Arrii, inferius,
225 1628 1076 1675 cum illa materia specialiter tractabitur, resposio lucidioi
225 1669 1086 1725 apparebit: ideo ad praesens breuius transeo respondendo.
267 1704 1080 1758 Ad primum ergo dicendum, quod maior non est vera, nisi
225 1744 1073 1792 quando fundamentum est finitum. Ad minorem dicen
218 1787 1082 1838 dum, quod diuina essentia, cum sit in finita, simul potest
230 1823 962 1873 fundare oppositas relationes. Alias inuenitur sic
231 1855 1086 1907 Ad primum dicendum, quod maior non est vera, maxime
237 1902 1081 1951 quando fundamentum est infinitum, sicut est in diuinis
228 1942 1087 1989 Etiam illa maior patitur instantiam in creaturis. Nam
238 1979 1079 2031 quando intellectus intelligit se, tunc simul fundat rela¬
237 2021 1013 2068 tiones oppositas, scilicet intelligentis, & intellecti.
266 2055 1078 2106 Ad secundum dicendum, quod vna absoluta essentia infi¬
239 2099 1081 2147 nita potest sibi identificare plura realiter distincta re rel¬
240 2143 1082 2187 ta, & per consequens de ipsis potest praedicare manens to
240 2176 483 2230 taliter indiuisa
270 2212 1082 2269 Ad tertium nego minorem. Ad probationem dico, qui
232 2258 1082 2304 Augustinus non loquitut ibi de esse absoluto, quod es
233 2297 1078 2353 commune tribus, sed loquitur de esse relato, quod ma
236 2338 1092 2388 gis debet dici quoddam adesse, quam esse. Ipsum enim
227 2377 1097 2429 adesse plurificatur, secundum quod plurificantur persone.
240 2412 1091 2460 Et ideo notanter dicit Augustinus. Diuersum est esse pa¬
240 2450 1107 2508 trem, & diuersum est esse filium, & non dicit absolute, di
247 2494 1092 2548 uersum est esse dominum, vt hoc dictum non intelligere
239 2535 1102 2581 tur de esse essentiae diuinae, sed magis de adesse personae.
282 2571 1092 2626 Ad quartum dicendum, quod praedicatione formal
237 2606 1091 2665 nullum generans, vt generans, est essentia: quia generans
246 2656 1092 2706 vt generans, est suppositum, cui per se competit agere
243 2693 1093 2742 actiones enim sunt singularium, vt patet primo metaphy
246 2735 1091 2775 sicae Praedicta ergo proposito est vera, quae in argumento
246 2770 1101 2821 dicebatur esse falsa, & per consequens sua conuersa erit
243 2818 1104 2853 vera, & contradictoria conuersae erit falsa, quae dicebatur
247 2846 1097 2891 esse vera, sed praedicatione identica, tunc concessis omni-
248 2886 1097 2934 bus praemissis, adhuc conclusio erit neganda: quia non se¬
246 2926 1102 2972 quitur, hoc est idem, quod generaus, ergo generat. Nam
243 2966 1101 3012 illud solum generat, quod est formaliter generans, & non
254 3011 1102 3056 omne illud, quod est identice idem quod generans; &
240 3046 977 3101 illud magis determinabitur infra, distinctione;
284 3075 1097 3131 Ad quintum posset negari maior, quia materia, & for.
239 3126 1109 3190 ma faciunt aliquod vnum esse quidditatiuum, & tamen
1113 265 1973 340 secundum aliquos, multae sunt formae substantiales eius¬
1126 334 1970 387 dem materiae, ipsa materia non multiplicata. Non curo
1122 373 1976 416 tamen de hac solutione, quia illud, in quo fundatur, non
1119 411 1974 462 reputo esse verum, & ideo dico, quod maior est vera, si sic
1125 453 1965 503 habent idem esse, quod habent etiam eundem modum
1125 494 1960 532 essendi. Tunc ad minore m dico, quod quamuis relatio
1117 527 1967 574 habeat idem esse cum essentia diuino, inquantum relatio
1115 570 1968 611 comparata ad essentiam transit in essentiam, tamen rela¬
1124 606 1970 653 tio, vt relatio non habet eundem modum essendi cum es
1121 646 1967 688 sentia: quia modus relationis, vt relatio, est ad aliud esse:
1117 685 1969 730 sed modus essentiae est ad se esse, ratione quorum differen
1122 729 1959 781 tium modorum potest multiplicari relatio non multi¬
1125 763 1369 814 plicati e sentia
1166 783 1964 848 Ad sextum dicendum, quod Hilarius non accipit hic sub¬
1129 843 1724 890 stantiam pro essentia, sed pro hypostasi.
1155 888 1975 935 Ad septimum dicendum, quod loquendo de relatiuis, tumc
1123 926 1978 968 maior non est vera: quia dato, quod relatio realitatem suam
1121 961 1967 1004 capiat a fundamento, tamen rationem suam quidditati¬
1125 1002 1970 1051 uam, & per consequens distinctiuam sortitur in ordine
1119 1040 1334 1091 ad oppositum
1172 1083 1979 1131 Ad primum physice introductum, concessa maiori, di¬
1122 1118 2004 1165 co ad minorem, quod etiam diuina lux producit lucem spiri;
1128 1163 1976 1211 tualem a se naturaliter differente, puta angelicam naturam
1171 1197 1976 1238 Ad secundum dicendum, quod maior illa intelligenda
1124 1236 1970 1287 est non de natura sed de supposito, quomodo autem sup¬
1127 1277 1970 1329 positum filij sit perfectum, cum tamen non possit alium
1119 1326 1973 1372 filium generare, inferius patebit, cum de omnipotentia
1121 1356 1313 1408 filij tractabo
1166 1373 1969 1447 Ad tertium dicendum, quod maior est intelligenda di
1119 1432 1976 1485 agente naturali; Deus autem agit ad extra per intellectum,
1134 1473 1982 1527 & voluntatem. Et quia potentiae rationales sunt ad op-
1122 1511 1976 1562 posita, ergo diuersitas productorum non arguit diuersita¬
1127 1563 1978 1604 tem Deorum, licet posset dici, quod arguat diuersita¬
1124 1591 1985 1637 tem rationum producendi, puta diuersas ideas in mente
1127 1628 1971 1680 diuina, iuxta illud August. 83. q4. Alia ratione conditu
1136 1668 1678 1727 est homo, & alia equus, & sic de asus.
1169 1711 1972 1753 Ad quartum dicendum, quod Proculus modo Plato¬
1125 1758 1982 1793 nis ponit ordinem Deorum, siue idcarum separatarum
1131 1787 1975 1832 iuxta ordinem entium, hoc autem nos negamus; dato ta¬
1131 1823 1982 1878 men, quod ita esset; adhuc tamen omnes illi dii partici¬
1127 1867 1986 1917 parent vno summo Deo, qui erat Deus bonitatis, & vnita
1134 1898 1993 1958 tis: sicut idem Proclus ponit, & nos appellaremus illum
1144 1944 1362 1994 perum Deum.
1170 1954 1983 2028 Ad argumentum principale dicendum, quod scire Deum
1136 2020 1984 2071 esse, non est scire esse Dei: sed terminis praesuppositis est
1128 2066 1978 2116 scire hanc propositionem esse veram Deus est: quia scito
1133 2111 1985 2156 quid importatur per terminos, immediate dignoscitur,
1134 2142 1906 2198 quod hoc praedicatum est de essentia illius subiecti.
1142 2226 1968 2292 clara, distinctaque subdiuusio secunda particiulae se¬
1182 2284 1933 2343 cundae primcipalis huus distinctionis: in qua
1238 2324 1892 2390 Magister diuinarum Personarum Trini¬
1295 2380 1852 2439 tatem vtriusque canonict instrimen
1355 2421 1770 2491 ti testimonio comprobat.
1478 2522 1996 2591 ERSONARVM QVO RVE
1491 2568 1926 2622 PLVR ALITATEM, &c.
1498 2615 1997 2666 Postquam magister declarauit di¬
1502 2648 1997 2700 uinae essentiae vnitatem, hic niti¬
1494 2690 2000 2739 tur probare personarum pluralita
1491 2739 2005 2773 tem: seu trinitatem. Et diuidi¬
1494 2771 2002 2813 tur in duas partes: Quia primo
1494 2812 1994 2855 hoc facit auctoritatibus veteris te
1487 2854 1993 2897 stamenti: secundo auctoritatibus
1152 2873 2000 2934 noui testamenti, ibi. Nunc vero prius testimonia, Prima
1147 2931 1997 2974 in duas; quia primo ostendit personarum diuinarum plu
1150 2970 1995 3014 ralitatem, non exprimendo nomina personarum: Secun¬
1150 3010 1997 3060 do exprimendo alienaliter nomina earum, ibi. Nun¬
1160 3042 2004 3099 ergo ad propositum. Et haec in duas: quia primo ad¬
1151 3080 2009 3134 ducit auctoritates sonantes diuinae essentiae vnitatem, &
1162 3129 2011 3190 personarum realem, & vocalem distinctionem: Sccundo ma
