<?xml version="1.0" encoding="UTF-8" standalone="yes"?>
<PcGts xmlns="http://schema.primaresearch.org/PAGE/gts/pagecontent/2013-07-15" xmlns:xsi="http://www.w3.org/2001/XMLSchema-instance" xsi:schemaLocation="http://schema.primaresearch.org/PAGE/gts/pagecontent/2013-07-15 http://schema.primaresearch.org/PAGE/gts/pagecontent/2013-07-15/pagecontent.xsd">
    <Metadata>
        <Creator>prov=University of Rostock/Institute of Mathematics/CITlab|PLANET AI GmbH/Gundram Leifert/gundram.leifert@planet-ai.de:name=cod-P122zz-m2(htr_id=26330)::::v=2.6.7
prov=University of Rostock/Institute of Mathematics/CITlab|PLANET AI GmbH/Tobias Gruening/tobias.gruening@planet-ai.de:name=de.uros.citlab.module.baseline2polygon.B2PSeamMultiOriented:v=2.6.7
prov=University of Rostock/Institute of Mathematics/CITlab|PLANET AI GmbH/Tobias Gruening/tobias.gruening@planet-ai.de:name=/net_tf/LA73_249_0mod360.pb:de.uros.citlab.segmentation.CITlab_LA_ML:v=2.6.6
Transkribus</Creator>
        <Created>2020-10-05T23:22:19.218+02:00</Created>
        <LastChange>2020-10-19T01:20:02.253+02:00</LastChange>
        <TranskribusMetadata docId="505580" pageId="20953666" pageNr="99" tsid="46252738" status="IN_PROGRESS" userId="25065" imgUrl="https://files.transkribus.eu/Get?id=SXYFIATTRREZGWKHGQHOQXMM&amp;fileType=view" xmlUrl="https://files.transkribus.eu/Get?id=IYGDGIGKFHVUGLPCTSSOPSUW" imageId="16094864"/>
    </Metadata>
    <Page imageFilename="98.jpg" imageWidth="2414" imageHeight="3556">
        <ReadingOrder>
            <OrderedGroup id="ro_1603930948739" caption="Regions reading order">
                <RegionRefIndexed index="0" regionRef="r2"/>
                <RegionRefIndexed index="1" regionRef="TextRegion_1602073535460_247"/>
            </OrderedGroup>
        </ReadingOrder>
        <TextRegion orientation="0.0" id="r2" custom="readingOrder {index:0;}">
            <Coords points="225,265 225,3196 1103,3196 1103,265"/>
            <TextLine id="r2l2" custom="readingOrder {index:0;}">
                <Coords points="239,367 1076,362 1076,318 908,305 837,332 752,305 436,331 239,312"/>
                <Baseline points="245,348 286,350 327,351 368,351 410,352 451,353 492,353 533,353 575,353 616,351 657,351 698,351 740,351 781,351 822,350 863,350 905,351 946,351 987,351 1028,353 1070,354"/>
                <TextEquiv>
                    <Unicode>3 Praeterea, vnicui que fupposito naturae alicuius con¬</Unicode>
                </TextEquiv>
            </TextLine>
            <TextLine id="r2l3" custom="readingOrder {index:1;}">
                <Coords points="228,404 1070,401 1069,360 228,365"/>
                <Baseline points="234,392 275,392 317,393 358,393 400,393 441,393 483,392 524,392 566,392 607,392 649,391 690,390 732,390 773,390 815,390 856,390 898,390 939,390 981,392 1022,392 1064,393"/>
                <TextEquiv>
                    <Unicode>uenit actus illius naturae, nisi ex aliqua imperfectione in</Unicode>
                </TextEquiv>
            </TextLine>
            <TextLine id="r2l4" custom="readingOrder {index:2;}">
                <Coords points="231,438 1041,452 1079,442 1079,399 231,406"/>
                <Baseline points="236,432 277,432 319,431 361,431 403,429 445,429 487,429 528,429 570,428 612,428 654,428 696,428 738,428 780,428 821,428 863,429 905,429 947,429 989,431 1031,431 1073,432"/>
                <TextEquiv>
                    <Unicode>pediatur: sed generatio est actus, seu opus naturae, vt testa</Unicode>
                </TextEquiv>
            </TextLine>
            <TextLine id="r2l5" custom="readingOrder {index:3;}">
                <Coords points="223,481 1056,487 1077,443 223,448"/>
                <Baseline points="228,470 270,471 312,471 354,471 396,471 438,471 480,470 523,470 565,470 607,470 649,468 691,468 733,468 775,468 818,468 860,468 902,468 944,470 986,470 1028,471 1071,473"/>
                <TextEquiv>
                    <Unicode>tur Damas: ergo si in diuinis est filius, &amp; spiritus sanctus,</Unicode>
                </TextEquiv>
            </TextLine>
            <TextLine id="r2l6" custom="readingOrder {index:4;}">
                <Coords points="219,519 1082,532 1071,484 220,483"/>
                <Baseline points="225,510 267,510 310,509 352,509 395,509 438,509 480,509 523,509 565,509 608,509 651,509 693,510 736,510 778,510 821,510 864,510 906,510 949,510 991,509 1034,509 1077,509"/>
                <TextEquiv>
                    <Unicode>aut generabunt, aut imperfecte habebunt naturam, quo¬</Unicode>
                </TextEquiv>
            </TextLine>
            <TextLine id="r2l7" custom="readingOrder {index:5;}">
                <Coords points="225,561 665,564 693,559 693,526 629,516 572,532 493,516 463,533 414,520 225,528"/>
                <Baseline points="231,548 256,548 281,548 307,548 332,548 357,548 383,548 408,548 433,548 459,548 484,548 509,548 535,548 560,548 585,548 611,548 636,548 661,548 687,548"/>
                <TextEquiv>
                    <Unicode>rum vtrumque est impossibile¬</Unicode>
                </TextEquiv>
            </TextLine>
            <TextLine id="r2l8" custom="readingOrder {index:6;}">
                <Coords points="236,592 1072,598 1060,557 236,561"/>
                <Baseline points="242,587 283,587 324,587 365,587 407,587 448,587 489,587 530,587 572,587 613,587 654,587 695,587 737,587 778,587 819,587 860,588 902,588 943,588 984,588 1025,588 1067,588"/>
                <TextEquiv>
                    <Unicode>ro Praeterea, ldem est, patrem se dicere, quod verbi</Unicode>
                </TextEquiv>
            </TextLine>
            <TextLine id="r2l9" custom="readingOrder {index:7;}">
                <Coords points="222,648 969,646 1086,637 1086,595 222,604"/>
                <Baseline points="227,627 269,627 312,626 354,626 397,626 440,627 482,627 525,627 568,627 610,627 653,627 696,627 738,627 781,627 824,627 866,628 909,629 952,629 994,629 1037,629 1080,629"/>
                <TextEquiv>
                    <Unicode>generare: sed, vt ait Ans in libs monologion, sicut pater di</Unicode>
                </TextEquiv>
            </TextLine>
            <TextLine id="r2l10" custom="readingOrder {index:8;}">
                <Coords points="222,679 1051,683 1078,679 1078,644 222,648"/>
                <Baseline points="228,669 270,668 312,668 354,668 397,668 439,666 481,666 523,666 566,666 608,666 650,666 692,666 735,665 777,665 819,665 861,666 904,666 946,666 988,666 1030,668 1073,668"/>
                <TextEquiv>
                    <Unicode>cit se, ita &amp; filius, &amp; spiritus sanctus. Cum igitur idem sit pa</Unicode>
                </TextEquiv>
            </TextLine>
            <TextLine id="r2l11" custom="readingOrder {index:9;}">
                <Coords points="229,715 1012,728 1080,710 1080,680 229,685"/>
                <Baseline points="234,708 276,707 318,707 360,705 402,705 444,705 486,705 528,705 570,705 612,705 654,705 696,706 738,707 780,707 822,707 864,707 906,707 948,707 990,707 1032,705 1074,705"/>
                <TextEquiv>
                    <Unicode>trem dicere, quod generare, vt idem Ans: dicit, ergo si¬</Unicode>
                </TextEquiv>
            </TextLine>
            <TextLine id="r2l12" custom="readingOrder {index:10;}">
                <Coords points="234,752 988,765 1079,752 1079,719 234,726"/>
                <Baseline points="239,746 280,746 322,746 364,746 406,745 447,744 489,744 531,744 573,744 614,744 656,744 698,744 740,744 781,744 823,744 865,744 907,746 948,746 990,746 1032,746 1074,747"/>
                <TextEquiv>
                    <Unicode>militer sicut pater generat, sic &amp; filius generat, &amp; spiritus</Unicode>
                </TextEquiv>
            </TextLine>
            <TextLine id="r2l13" custom="readingOrder {index:11;}">
                <Coords points="228,792 1089,795 1079,756 228,753"/>
                <Baseline points="234,785 276,785 318,785 361,785 403,785 446,785 488,785 531,785 573,785 616,785 658,785 700,785 743,785 785,785 828,785 870,785 913,785 955,785 998,785 1040,785 1083,786"/>
                <TextEquiv>
                    <Unicode>sanctus generat. Et sic in diuinis erunt tria verba genita,</Unicode>
                </TextEquiv>
            </TextLine>
            <TextLine id="r2l14" custom="readingOrder {index:12;}">
                <Coords points="226,839 1077,835 1077,793 226,794"/>
                <Baseline points="231,825 273,825 315,825 357,824 399,824 441,824 483,824 525,824 567,824 609,824 651,822 693,822 735,822 777,822 819,822 861,822 903,822 945,822 987,822 1029,823 1071,824"/>
                <TextEquiv>
                    <Unicode>&amp; per consequens plures, quam tres personae in diuinis</Unicode>
                </TextEquiv>
            </TextLine>
            <TextLine id="r2l15" custom="readingOrder {index:13;}">
                <Coords points="246,872 1089,881 1089,843 1040,831 246,839"/>
                <Baseline points="252,863 293,863 335,863 376,863 418,863 459,863 501,863 542,863 584,863 625,863 667,863 709,863 750,863 792,863 833,863 875,863 916,863 958,863 999,863 1041,864 1083,864"/>
                <TextEquiv>
                    <Unicode>11 Praeterea, si pater ex hoc, quod perfecte intelligit, </Unicode>
                </TextEquiv>
            </TextLine>
            <TextLine id="r2l16" custom="readingOrder {index:14;}">
                <Coords points="226,916 1089,918 1069,875 226,864"/>
                <Baseline points="231,903 273,903 316,903 358,902 401,902 444,902 486,901 529,900 571,900 614,900 657,900 699,900 742,900 784,900 827,900 870,900 912,900 955,900 997,902 1040,902 1083,903"/>
                <TextEquiv>
                    <Unicode>concipit, &amp; producit verbum : cum filius, &amp; spiritus san¬</Unicode>
                </TextEquiv>
            </TextLine>
            <TextLine id="r2l17" custom="readingOrder {index:15;}">
                <Coords points="232,953 1016,956 987,909 232,914"/>
                <Baseline points="237,941 275,941 314,941 353,941 391,941 430,941 469,941 507,941 546,941 585,941 624,941 662,941 701,941 740,941 778,941 817,941 856,941 894,941 933,941 972,941 1011,941"/>
                <TextEquiv>
                    <Unicode>ctus aeque perfecte intelligant, sicut pater, ergo &amp;c.</Unicode>
                </TextEquiv>
            </TextLine>
            <TextLine id="r2l18" custom="readingOrder {index:16;}">
                <Coords points="252,989 1024,998 1074,992 1074,956 252,962"/>
                <Baseline points="257,983 297,981 338,981 378,981 419,980 459,980 500,980 540,980 581,980 621,980 662,980 703,980 743,980 784,980 824,980 865,980 905,980 946,980 986,980 1027,981 1068,981"/>
                <TextEquiv>
                    <Unicode>12 Praeterea, si pater amando filium, &amp; filius reaman</Unicode>
                </TextEquiv>
            </TextLine>
            <TextLine id="r2l19" custom="readingOrder {index:17;}">
                <Coords points="225,1032 1085,1035 1085,999 1037,988 225,987"/>
                <Baseline points="231,1020 273,1020 315,1020 358,1019 400,1019 443,1019 485,1019 528,1019 570,1019 613,1019 655,1019 697,1019 740,1019 782,1019 825,1019 867,1019 910,1019 952,1019 995,1019 1037,1020 1080,1020"/>
                <TextEquiv>
                    <Unicode>do patrem producunt spiritum sanctum, cum pater non</Unicode>
                </TextEquiv>
            </TextLine>
            <TextLine id="r2l20" custom="readingOrder {index:18;}">
                <Coords points="228,1069 1026,1077 1079,1068 1079,1034 227,1039"/>
                <Baseline points="233,1061 275,1061 317,1060 359,1059 401,1059 443,1059 485,1058 527,1058 569,1058 611,1058 653,1058 695,1058 737,1058 779,1058 821,1058 863,1058 905,1058 947,1058 989,1058 1031,1059 1074,1059"/>
                <TextEquiv>
                    <Unicode>minus amet spiritum sanctum, quam filium, &amp; non mi-</Unicode>
                </TextEquiv>
            </TextLine>
            <TextLine id="r2l21" custom="readingOrder {index:19;}">
                <Coords points="228,1108 1087,1117 1068,1068 228,1068"/>
                <Baseline points="233,1100 275,1098 317,1098 360,1098 402,1098 445,1098 487,1098 530,1098 572,1098 615,1098 657,1098 699,1098 742,1098 784,1098 827,1098 869,1098 912,1098 954,1098 997,1098 1039,1098 1082,1097"/>
                <TextEquiv>
                    <Unicode>nus reametur a spiritu sancto, quam a filio, ergo pater &amp;</Unicode>
                </TextEquiv>
            </TextLine>
            <TextLine id="r2l22" custom="readingOrder {index:20;}">
                <Coords points="222,1154 1086,1146 1086,1113 1036,1106 222,1109"/>
                <Baseline points="227,1139 269,1139 312,1139 354,1139 397,1137 440,1137 482,1137 525,1137 568,1137 610,1137 653,1136 696,1136 738,1136 781,1136 824,1136 866,1136 909,1136 952,1137 994,1137 1037,1137 1080,1137"/>
                <TextEquiv>
                    <Unicode>spiritus sanctus producunt alium spiritum sanctum. Et eo</Unicode>
                </TextEquiv>
            </TextLine>
            <TextLine id="r2l23" custom="readingOrder {index:21;}">
                <Coords points="232,1188 1006,1198 1055,1192 1055,1146 232,1158"/>
                <Baseline points="237,1178 277,1178 318,1176 358,1176 399,1176 440,1175 480,1175 521,1175 561,1173 602,1173 643,1173 683,1173 724,1173 764,1173 805,1173 846,1173 886,1175 927,1175 967,1176 1008,1178 1049,1179"/>
                <TextEquiv>
                    <Unicode>dem modo de filio respectu spiritus sancti potest argui¬</Unicode>
                </TextEquiv>
            </TextLine>
            <TextLine id="r2l24" custom="readingOrder {index:22;}">
                <Coords points="252,1231 1083,1230 1082,1183 252,1195"/>
                <Baseline points="258,1217 301,1217 344,1217 387,1217 430,1217 473,1215 516,1215 559,1215 602,1215 645,1215 689,1215 732,1215 775,1214 818,1214 861,1215 904,1215 947,1215 990,1215 1033,1217 1077,1217"/>
                <TextEquiv>
                    <Unicode>13 Praeterea, bonum est sui ipsius communicatiuum,</Unicode>
                </TextEquiv>
            </TextLine>
            <TextLine id="r2l25" custom="readingOrder {index:23;}">
                <Coords points="227,1263 1086,1266 1057,1224 227,1229"/>
                <Baseline points="233,1254 275,1256 317,1256 360,1256 402,1256 444,1256 487,1256 529,1256 571,1256 614,1256 656,1256 698,1256 741,1254 783,1254 825,1254 868,1254 910,1254 952,1254 995,1254 1037,1255 1080,1256"/>
                <TextEquiv>
                    <Unicode>vt ait Dionysius: sed spiritui sancto attribuitur bonitas, </Unicode>
                </TextEquiv>
            </TextLine>
            <TextLine id="r2l26" custom="readingOrder {index:24;}">
                <Coords points="235,1304 1088,1313 1071,1263 235,1265"/>
                <Baseline points="240,1295 282,1295 324,1295 366,1295 408,1295 450,1295 492,1293 535,1293 577,1293 619,1293 661,1293 703,1293 745,1293 787,1293 830,1293 872,1293 914,1293 956,1293 998,1293 1040,1295 1083,1295"/>
                <TextEquiv>
                    <Unicode>sicut filio sapientia, &amp; patri potentia, ergo videtur, quod</Unicode>
                </TextEquiv>
            </TextLine>
            <TextLine id="r2l27" custom="readingOrder {index:25;}">
                <Coords points="240,1341 1085,1351 1085,1310 1058,1305 240,1308"/>
                <Baseline points="246,1335 287,1334 329,1334 370,1334 412,1334 454,1334 495,1334 537,1334 579,1334 620,1334 662,1334 704,1334 745,1334 787,1334 829,1335 870,1335 912,1335 954,1335 995,1335 1037,1334 1079,1334"/>
                <TextEquiv>
                    <Unicode>propriissime spectet ad spiritum sanctum naturam suam</Unicode>
                </TextEquiv>
            </TextLine>
            <TextLine id="r2l28" custom="readingOrder {index:26;}">
                <Coords points="234,1388 684,1387 691,1345 234,1353"/>
                <Baseline points="240,1373 266,1373 292,1373 318,1373 344,1373 371,1373 397,1373 423,1373 449,1373 476,1373 502,1373 528,1373 554,1373 581,1373 607,1373 633,1373 659,1373 686,1374"/>
                <TextEquiv>
                    <Unicode>alteri communicare personae.</Unicode>
                </TextEquiv>
            </TextLine>
            <TextLine id="r2l29" custom="readingOrder {index:27;}">
                <Coords points="252,1422 935,1432 1076,1425 1076,1385 252,1391"/>
                <Baseline points="257,1413 297,1413 338,1412 378,1412 419,1412 460,1412 500,1412 541,1412 582,1412 622,1412 663,1412 704,1412 744,1412 785,1412 826,1412 866,1412 907,1413 948,1413 988,1413 1029,1412 1070,1412"/>
                <TextEquiv>
                    <Unicode>14 Praeterea, quod dicit perfectionem simpliciter int</Unicode>
                </TextEquiv>
            </TextLine>
            <TextLine id="r2l30" custom="readingOrder {index:28;}">
                <Coords points="240,1468 1037,1468 1088,1459 1088,1421 240,1426"/>
                <Baseline points="245,1452 286,1452 328,1452 370,1451 412,1451 454,1451 496,1451 537,1451 579,1451 621,1451 663,1451 705,1451 747,1451 789,1451 830,1451 872,1452 914,1452 956,1452 998,1452 1040,1451 1082,1451"/>
                <TextEquiv>
                    <Unicode>tebus creatis, a nulla persona diuina debet excludi: sed </Unicode>
                </TextEquiv>
            </TextLine>
            <TextLine id="r2l31" custom="readingOrder {index:29;}">
                <Coords points="249,1503 1088,1511 1088,1458 249,1465"/>
                <Baseline points="254,1493 295,1491 336,1491 378,1491 419,1490 461,1490 502,1490 543,1490 585,1490 626,1490 668,1490 709,1490 750,1490 792,1490 833,1490 875,1490 916,1490 957,1490 999,1490 1040,1490 1082,1490"/>
                <TextEquiv>
                    <Unicode>osse communicare naturam dicit perfectionem simplici</Unicode>
                </TextEquiv>
            </TextLine>
            <TextLine id="r2l32" custom="readingOrder {index:30;}">
                <Coords points="236,1540 1087,1537 1052,1500 236,1510"/>
                <Baseline points="242,1532 284,1530 326,1530 368,1530 410,1529 452,1529 494,1529 536,1529 578,1529 620,1529 662,1529 704,1529 746,1530 788,1530 830,1530 872,1530 914,1530 956,1530 998,1530 1040,1529 1082,1529"/>
                <TextEquiv>
                    <Unicode>ter in rebus creatis: quia, vt dicitur 4. metheorum, vnum</Unicode>
                </TextEquiv>
            </TextLine>
            <TextLine id="r2l33" custom="readingOrder {index:31;}">
                <Coords points="236,1588 1092,1584 1092,1549 1004,1538 236,1548"/>
                <Baseline points="242,1571 284,1569 326,1569 368,1569 410,1568 453,1568 495,1568 537,1568 579,1568 621,1568 664,1568 706,1569 748,1569 790,1569 832,1569 875,1569 917,1569 959,1568 1001,1568 1043,1568 1086,1566"/>
                <TextEquiv>
                    <Unicode>quodque tunc perfectum est, cum poterit sibi simile ge¬</Unicode>
                </TextEquiv>
            </TextLine>
            <TextLine id="r2l34" custom="readingOrder {index:32;}">
                <Coords points="238,1629 1079,1622 1079,1590 1012,1578 238,1589"/>
                <Baseline points="243,1610 284,1609 326,1608 367,1608 409,1608 450,1608 492,1608 533,1608 575,1608 616,1608 658,1608 700,1608 741,1608 783,1609 824,1610 866,1610 907,1610 949,1610 990,1610 1032,1610 1074,1608"/>
                <TextEquiv>
                    <Unicode>nerare, ergo filius, &amp; spiritus sanctus possunt communi</Unicode>
                </TextEquiv>
            </TextLine>
            <TextLine id="r2l36" custom="readingOrder {index:33;}">
                <Coords points="237,1664 282,1654 408,1661 453,1652 482,1667 516,1655 590,1656 590,1628 563,1619 237,1628"/>
                <Baseline points="243,1650 269,1649 295,1649 321,1649 348,1647 374,1647 400,1647 427,1647 453,1646 479,1647 506,1647 532,1647 558,1648 585,1649"/>
                <TextEquiv>
                    <Unicode>care naturam diuinam. </Unicode>
                </TextEquiv>
            </TextLine>
            <TextLine id="r2l37" custom="readingOrder {index:34;}">
                <Coords points="248,1703 1088,1706 1088,1662 248,1667"/>
                <Baseline points="254,1688 295,1688 336,1688 378,1688 419,1686 461,1686 502,1686 544,1686 585,1686 627,1686 668,1686 709,1686 751,1686 792,1686 834,1686 875,1686 917,1686 958,1686 1000,1686 1041,1686 1083,1686"/>
                <TextEquiv>
                    <Unicode>13 Praeterea, actui actualissimo, &amp; purissimo repugnat</Unicode>
                </TextEquiv>
            </TextLine>
            <TextLine id="r2l38" custom="readingOrder {index:35;}">
                <Coords points="235,1748 1086,1735 1056,1697 235,1705"/>
                <Baseline points="240,1727 282,1727 324,1727 366,1727 408,1727 450,1727 492,1727 534,1727 576,1727 618,1727 660,1727 702,1727 744,1727 786,1728 828,1727 870,1727 912,1727 954,1727 996,1727 1038,1726 1080,1725"/>
                <TextEquiv>
                    <Unicode>omnis additio: quia omne recipiens additionem aliquo</Unicode>
                </TextEquiv>
            </TextLine>
            <TextLine id="r2l39" custom="readingOrder {index:36;}">
                <Coords points="237,1785 1043,1783 1081,1773 1081,1736 237,1747"/>
                <Baseline points="242,1766 283,1766 325,1764 367,1764 408,1764 450,1764 492,1764 533,1764 575,1764 617,1763 659,1763 700,1764 742,1764 784,1764 825,1764 867,1764 909,1764 950,1764 992,1764 1034,1764 1076,1764"/>
                <TextEquiv>
                    <Unicode>modo est in potentia: sed Deus est actus actualissimus, &amp;</Unicode>
                </TextEquiv>
            </TextLine>
            <TextLine id="r2l40" custom="readingOrder {index:37;}">
                <Coords points="246,1813 934,1826 1076,1816 1091,1782 246,1785"/>
                <Baseline points="251,1808 292,1806 334,1806 376,1806 418,1805 459,1805 501,1805 543,1805 585,1805 626,1805 668,1805 710,1805 752,1806 793,1806 835,1806 877,1806 919,1805 960,1805 1002,1805 1044,1805 1086,1803"/>
                <TextEquiv>
                    <Unicode>purissimus, vt patet 12. metaph. ergo repugnat sibi ad¬</Unicode>
                </TextEquiv>
            </TextLine>
            <TextLine id="r2l41" custom="readingOrder {index:38;}">
                <Coords points="237,1854 931,1863 1091,1854 1091,1815 237,1826"/>
                <Baseline points="242,1847 284,1847 326,1845 368,1845 410,1845 452,1844 494,1844 537,1844 579,1844 621,1844 663,1844 705,1844 747,1844 789,1845 832,1845 874,1845 916,1845 958,1845 1000,1845 1042,1844 1085,1844"/>
                <TextEquiv>
                    <Unicode>ditio relationum: sine quibus personae multiplicari non </Unicode>
                </TextEquiv>
            </TextLine>
            <TextLine id="r2l42" custom="readingOrder {index:39;}">
                <Coords points="246,1892 1076,1894 1076,1856 246,1864"/>
                <Baseline points="252,1886 292,1884 333,1884 374,1884 415,1883 456,1883 497,1883 538,1883 579,1883 620,1883 661,1883 701,1883 742,1883 783,1883 824,1883 865,1883 906,1884 947,1884 988,1884 1029,1884 1070,1883"/>
                <TextEquiv>
                    <Unicode>possunt: quia essentia continet vnitatem, relatio mul</Unicode>
                </TextEquiv>
            </TextLine>
            <TextLine id="r2l43" custom="readingOrder {index:40;}">
                <Coords points="252,1939 1091,1936 1091,1896 1059,1891 252,1895"/>
                <Baseline points="257,1925 298,1924 339,1923 381,1923 422,1923 464,1923 505,1923 546,1923 588,1922 629,1922 671,1922 712,1922 753,1922 795,1922 836,1922 878,1922 919,1922 960,1922 1002,1923 1043,1923 1085,1923"/>
                <TextEquiv>
                    <Unicode>siplicat trinitatem: vt ait Doe in lib de trin. Et istam for</Unicode>
                </TextEquiv>
            </TextLine>
            <TextLine id="r2l44" custom="readingOrder {index:41;}">
                <Coords points="248,1974 991,1982 1092,1977 1092,1939 248,1945"/>
                <Baseline points="254,1964 295,1964 337,1962 378,1962 420,1962 462,1962 503,1961 545,1961 586,1961 628,1961 670,1961 711,1961 753,1961 794,1962 836,1962 878,1962 919,1962 961,1962 1002,1962 1044,1962 1086,1962"/>
                <TextEquiv>
                    <Unicode>te rationem intendebat Commentator 12 metaph cum</Unicode>
                </TextEquiv>
            </TextLine>
            <TextLine id="r2l45" custom="readingOrder {index:42;}">
                <Coords points="246,2014 1083,2012 1083,1973 1059,1970 246,1972"/>
                <Baseline points="252,2004 293,2003 334,2003 375,2003 417,2003 458,2001 499,2001 540,2001 582,2001 623,2001 664,2001 705,2001 747,2000 788,2000 829,2000 870,2000 912,2000 953,2000 994,2000 1035,2001 1077,2001"/>
                <TextEquiv>
                    <Unicode>ait. Antiqui putauerunt trinitatem esse in Deo, &amp; vo¬</Unicode>
                </TextEquiv>
            </TextLine>
            <TextLine id="r2l46" custom="readingOrder {index:43;}">
                <Coords points="240,2052 1094,2053 1075,2010 240,2013"/>
                <Baseline points="246,2043 288,2043 330,2042 372,2042 414,2041 456,2040 498,2040 541,2040 583,2039 625,2039 667,2039 709,2039 751,2039 793,2039 836,2039 878,2039 920,2040 962,2040 1004,2040 1046,2042 1089,2043"/>
                <TextEquiv>
                    <Unicode>luerunt euadere dicentes quod sunt tres, &amp; vnus Deus, </Unicode>
                </TextEquiv>
            </TextLine>
            <TextLine id="r2l47" custom="readingOrder {index:44;}">
                <Coords points="236,2090 998,2098 1087,2090 1087,2054 236,2057"/>
                <Baseline points="242,2082 284,2082 326,2082 368,2082 410,2082 452,2081 494,2081 536,2081 578,2081 620,2079 662,2079 704,2079 746,2079 788,2079 830,2079 872,2079 914,2079 956,2079 998,2079 1040,2079 1082,2079"/>
                <TextEquiv>
                    <Unicode>&amp; nescierunt euadere, quia cum substantia fuerit nume¬</Unicode>
                </TextEquiv>
            </TextLine>
            <TextLine id="r2l48" custom="readingOrder {index:45;}">
                <Coords points="235,2132 1088,2143 1073,2091 235,2102"/>
                <Baseline points="240,2121 282,2121 324,2121 366,2120 408,2120 450,2120 492,2120 534,2120 576,2120 618,2120 661,2120 703,2120 745,2120 787,2120 829,2120 871,2120 913,2120 955,2118 997,2118 1039,2118 1082,2117"/>
                <TextEquiv>
                    <Unicode>rata, congregatum erit ens vnum per intentionem vnam</Unicode>
                </TextEquiv>
            </TextLine>
            <TextLine id="r2l49" custom="readingOrder {index:46;}">
                <Coords points="243,2175 354,2167 499,2183 515,2168 582,2172 575,2127 557,2137 527,2126 507,2139 473,2131 430,2142 410,2133 384,2145 345,2128 243,2132"/>
                <Baseline points="248,2162 273,2162 298,2162 323,2162 348,2160 374,2160 399,2159 424,2158 449,2157 475,2157 500,2157 525,2157 550,2158 576,2160"/>
                <TextEquiv>
                    <Unicode>additam congregato.</Unicode>
                </TextEquiv>
            </TextLine>
            <TextLine id="r2l51" custom="readingOrder {index:47;}">
                <Coords points="270,2215 1089,2220 1089,2172 1040,2166 270,2172"/>
                <Baseline points="276,2199 316,2199 356,2199 397,2199 437,2199 477,2198 518,2198 558,2198 598,2198 639,2198 679,2198 719,2198 760,2198 800,2198 840,2198 881,2198 921,2198 961,2198 1002,2198 1042,2196 1083,2196"/>
                <TextEquiv>
                    <Unicode>1e Praeterea, Diony. de di no ait quod non est au¬</Unicode>
                </TextEquiv>
            </TextLine>
            <TextLine id="r2l52" custom="readingOrder {index:48;}">
                <Coords points="239,2248 1097,2255 1096,2211 1048,2204 239,2207"/>
                <Baseline points="245,2240 287,2239 329,2238 371,2238 414,2238 456,2237 498,2237 541,2237 583,2237 625,2237 668,2237 710,2237 752,2237 794,2237 837,2237 879,2237 921,2237 964,2237 1006,2237 1048,2237 1091,2237"/>
                <TextEquiv>
                    <Unicode>dendum aliquid dicere, nec etiam cogitare de superstan</Unicode>
                </TextEquiv>
            </TextLine>
            <TextLine id="r2l53" custom="readingOrder {index:49;}">
                <Coords points="253,2287 1086,2286 1085,2257 1047,2248 253,2248"/>
                <Baseline points="258,2279 299,2279 340,2277 381,2277 422,2277 463,2276 504,2276 545,2276 586,2276 627,2276 669,2276 710,2276 751,2276 792,2276 833,2276 874,2276 915,2276 956,2276 997,2276 1038,2276 1080,2276"/>
                <TextEquiv>
                    <Unicode>tiali, &amp; occulta deitate praeter ea, quae diuinitus ex san¬</Unicode>
                </TextEquiv>
            </TextLine>
            <TextLine id="r2l54" custom="readingOrder {index:50;}">
                <Coords points="240,2328 1079,2329 1085,2286 240,2296"/>
                <Baseline points="245,2318 286,2316 328,2316 370,2315 412,2315 453,2315 495,2315 537,2315 579,2315 620,2315 662,2315 704,2315 746,2315 787,2315 829,2315 871,2315 913,2315 954,2315 996,2315 1038,2315 1080,2315"/>
                <TextEquiv>
                    <Unicode>ctis eloquiis nobis sunt expressa. Sed in toto sacro cano¬</Unicode>
                </TextEquiv>
            </TextLine>
            <TextLine id="r2l55" custom="readingOrder {index:51;}">
                <Coords points="255,2366 1095,2362 1094,2328 1053,2323 254,2327"/>
                <Baseline points="260,2357 301,2357 342,2357 384,2357 425,2357 467,2357 508,2355 550,2355 591,2355 633,2355 674,2354 715,2354 757,2354 798,2354 840,2352 881,2352 923,2352 964,2354 1006,2354 1047,2354 1089,2355"/>
                <TextEquiv>
                    <Unicode>ne, nec in aliqua sui parte iuuenitur expressum, quod in</Unicode>
                </TextEquiv>
            </TextLine>
            <TextLine id="r2l56" custom="readingOrder {index:52;}">
                <Coords points="255,2406 1028,2415 1091,2403 1091,2364 254,2366"/>
                <Baseline points="260,2397 301,2396 342,2396 383,2396 425,2395 466,2394 507,2394 549,2394 590,2394 631,2394 673,2393 714,2393 755,2393 796,2393 838,2393 879,2393 920,2393 962,2394 1003,2394 1044,2394 1086,2394"/>
                <TextEquiv>
                    <Unicode>diuinis sint tres personae: licet enim inueniatur, quod</Unicode>
                </TextEquiv>
            </TextLine>
            <TextLine id="r2l57" custom="readingOrder {index:53;}">
                <Coords points="252,2451 1097,2447 1097,2408 1061,2403 252,2405"/>
                <Baseline points="257,2435 298,2436 340,2436 382,2436 424,2436 465,2436 507,2435 549,2435 591,2435 632,2435 674,2433 716,2433 758,2433 799,2433 841,2433 883,2433 925,2433 966,2433 1008,2433 1050,2435 1092,2435"/>
                <TextEquiv>
                    <Unicode>sint tres, tamen fallacia consequentis videtur esse, sunt</Unicode>
                </TextEquiv>
            </TextLine>
            <TextLine id="r2l58" custom="readingOrder {index:54;}">
                <Coords points="253,2486 687,2490 678,2444 629,2455 569,2443 253,2451"/>
                <Baseline points="258,2477 284,2475 310,2475 337,2474 363,2474 390,2473 416,2472 443,2472 469,2472 495,2472 522,2472 548,2474 575,2474 601,2474 628,2474 654,2474 681,2475"/>
                <TextEquiv>
                    <Unicode>tres, ergo sunt tres personae.</Unicode>
                </TextEquiv>
            </TextLine>
            <TextLine id="r2l59" custom="readingOrder {index:55;}">
                <Coords points="270,2524 949,2533 1088,2521 1088,2485 269,2492"/>
                <Baseline points="275,2513 315,2513 355,2513 396,2513 436,2513 477,2513 517,2513 557,2513 598,2513 638,2513 679,2513 719,2513 759,2513 800,2513 840,2513 881,2513 921,2513 961,2511 1002,2511 1042,2511 1083,2511"/>
                <TextEquiv>
                    <Unicode>17 Praeterea, si sunt tres personae in diuinis, aut diffe¬</Unicode>
                </TextEquiv>
            </TextLine>
            <TextLine id="r2l60" custom="readingOrder {index:56;}">
                <Coords points="251,2569 1090,2566 1079,2519 251,2520"/>
                <Baseline points="257,2553 298,2553 339,2553 381,2553 422,2552 464,2552 505,2552 546,2552 588,2552 629,2552 671,2552 712,2550 753,2550 795,2550 836,2550 878,2550 919,2550 960,2550 1002,2550 1043,2549 1085,2549"/>
                <TextEquiv>
                    <Unicode>rent ab essentia, aut penitus sunt idem. Si primo modo</Unicode>
                </TextEquiv>
            </TextLine>
            <TextLine id="r2l61" custom="readingOrder {index:57;}">
                <Coords points="246,2603 1045,2603 1085,2601 1085,2563 246,2565"/>
                <Baseline points="251,2592 292,2592 333,2592 375,2592 416,2592 458,2592 499,2592 540,2591 582,2591 623,2591 665,2591 706,2591 747,2589 789,2589 830,2589 872,2589 913,2589 954,2589 996,2588 1037,2588 1079,2588"/>
                <TextEquiv>
                    <Unicode>tunc erit quaternitas in diuinis. Si secundo modo tun¬</Unicode>
                </TextEquiv>
            </TextLine>
            <TextLine id="r2l62" custom="readingOrder {index:58;}">
                <Coords points="254,2642 1090,2643 1090,2601 254,2614"/>
                <Baseline points="260,2633 301,2633 342,2631 383,2631 425,2631 466,2631 507,2630 548,2630 590,2630 631,2630 672,2628 713,2628 755,2628 796,2628 837,2628 878,2628 920,2627 961,2627 1002,2627 1043,2627 1085,2627"/>
                <TextEquiv>
                    <Unicode>contineunt multae contradictiones manifestae: Frit enim</Unicode>
                </TextEquiv>
            </TextLine>
            <TextLine id="r2l63" custom="readingOrder {index:59;}">
                <Coords points="258,2682 1098,2675 1098,2643 1041,2639 258,2641"/>
                <Baseline points="263,2672 304,2670 345,2670 387,2670 428,2670 470,2669 511,2669 553,2669 594,2669 636,2669 677,2669 718,2669 760,2670 801,2670 843,2669 884,2669 926,2669 967,2669 1009,2669 1050,2667 1092,2667"/>
                <TextEquiv>
                    <Unicode>dem multiplicatum, &amp; non multiplicatum, ad se, &amp; non</Unicode>
                </TextEquiv>
            </TextLine>
            <TextLine id="r2l64" custom="readingOrder {index:60;}">
                <Coords points="249,2720 1091,2725 1091,2676 249,2684"/>
                <Baseline points="255,2712 296,2711 338,2711 379,2711 421,2711 462,2711 504,2711 545,2711 587,2709 628,2709 670,2709 712,2709 753,2709 795,2709 836,2709 878,2708 919,2708 961,2708 1002,2708 1044,2707 1086,2706"/>
                <TextEquiv>
                    <Unicode>ad se: ad aliud &amp; non ad aliud communicabile, &amp; non con</Unicode>
                </TextEquiv>
            </TextLine>
            <TextLine id="r2l65" custom="readingOrder {index:61;}">
                <Coords points="258,2767 1091,2756 1068,2715 258,2721"/>
                <Baseline points="263,2750 304,2749 345,2748 386,2748 427,2748 468,2748 509,2747 550,2747 591,2747 632,2747 674,2747 715,2747 756,2747 797,2747 838,2747 879,2747 920,2747 961,2747 1002,2747 1043,2747 1085,2747"/>
                <TextEquiv>
                    <Unicode>municabile; generans &amp; non generans; genitum, &amp; non</Unicode>
                </TextEquiv>
            </TextLine>
            <TextLine id="r2l66" custom="readingOrder {index:62;}">
                <Coords points="258,2789 1093,2806 1100,2758 257,2769"/>
                <Baseline points="263,2789 304,2789 346,2790 387,2790 429,2790 470,2789 512,2789 553,2789 595,2789 636,2789 678,2787 720,2787 761,2787 803,2787 844,2787 886,2786 927,2786 969,2786 1010,2786 1052,2786 1094,2786"/>
                <TextEquiv>
                    <Unicode>venitum, spirans, &amp; non spirans, spiratum &amp; non spiratum</Unicode>
                </TextEquiv>
            </TextLine>
            <TextLine id="r2l67" custom="readingOrder {index:63;}">
                <Coords points="249,2836 1095,2842 1074,2792 249,2800"/>
                <Baseline points="254,2828 295,2828 337,2828 379,2828 421,2828 462,2828 504,2828 546,2828 588,2828 629,2828 671,2826 713,2826 755,2826 796,2826 838,2826 880,2826 922,2825 963,2825 1005,2825 1047,2825 1089,2826"/>
                <TextEquiv>
                    <Unicode>differens, &amp; non differens. Essentia enim non differt a fi-</Unicode>
                </TextEquiv>
            </TextLine>
            <TextLine id="r2l68" custom="readingOrder {index:64;}">
                <Coords points="251,2878 878,2879 878,2841 823,2834 286,2850 251,2836"/>
                <Baseline points="257,2867 287,2867 318,2867 349,2867 380,2867 410,2867 441,2867 472,2867 503,2867 533,2867 564,2867 595,2867 626,2867 656,2867 687,2867 718,2865 749,2865 779,2865 810,2865 841,2865 872,2864"/>
                <TextEquiv>
                    <Unicode>lio: &amp;pater, qui est essentia, differt a filio </Unicode>
                </TextEquiv>
            </TextLine>
            <TextLine id="r2l69" custom="readingOrder {index:65;}">
                <Coords points="286,2917 1092,2915 1079,2872 286,2878"/>
                <Baseline points="291,2907 330,2907 370,2907 410,2906 450,2906 489,2906 529,2906 569,2906 609,2906 648,2906 688,2906 728,2904 768,2904 807,2904 847,2904 887,2904 927,2904 966,2904 1006,2904 1046,2904 1086,2904"/>
                <TextEquiv>
                    <Unicode>Infringetur etiam forma svllogismi expositorij. quem</Unicode>
                </TextEquiv>
            </TextLine>
            <TextLine id="r2l70" custom="readingOrder {index:66;}">
                <Coords points="252,2957 875,2965 1094,2952 1094,2917 251,2918"/>
                <Baseline points="257,2948 298,2948 340,2946 381,2946 423,2946 464,2946 506,2945 547,2945 589,2945 630,2945 672,2945 714,2945 755,2944 797,2943 838,2943 880,2943 921,2943 963,2943 1004,2943 1046,2942 1088,2942"/>
                <TextEquiv>
                    <Unicode>philosophns i. priorum dicit habere euidentiam ex se. Dica¬</Unicode>
                </TextEquiv>
            </TextLine>
            <TextLine id="r2l71" custom="readingOrder {index:67;}">
                <Coords points="252,2995 1085,2996 1096,2960 252,2962"/>
                <Baseline points="257,2987 298,2985 340,2985 382,2985 423,2985 465,2984 507,2984 548,2984 590,2984 632,2984 674,2984 715,2984 757,2984 799,2984 840,2984 882,2984 924,2982 965,2982 1007,2982 1049,2982 1091,2981"/>
                <TextEquiv>
                    <Unicode>tur enim sic. Haec essentia est haec paternitas, haec essentia</Unicode>
                </TextEquiv>
            </TextLine>
            <TextLine id="r2l72" custom="readingOrder {index:68;}">
                <Coords points="243,3038 1097,3034 1070,2990 243,3001"/>
                <Baseline points="248,3026 290,3025 332,3024 374,3024 416,3024 459,3024 501,3023 543,3023 585,3023 627,3023 670,3023 712,3023 754,3024 796,3024 838,3024 881,3024 923,3023 965,3023 1007,3023 1049,3023 1092,3023"/>
                <TextEquiv>
                    <Unicode>est haec filiatio, ergo haec filiatio est haec paternitas. conclu</Unicode>
                </TextEquiv>
            </TextLine>
            <TextLine id="r2l73" custom="readingOrder {index:69;}">
                <Coords points="248,3075 1032,3078 1088,3073 1088,3031 248,3035"/>
                <Baseline points="254,3065 295,3065 336,3064 378,3063 419,3063 461,3063 502,3063 544,3063 585,3062 627,3062 668,3062 709,3062 751,3062 792,3062 834,3062 875,3062 917,3062 958,3060 1000,3060 1041,3060 1083,3060"/>
                <TextEquiv>
                    <Unicode>sio falsa ergo aliqua praem issarum, &amp; qua ratione vna, ea</Unicode>
                </TextEquiv>
            </TextLine>
            <TextLine id="r2l74" custom="readingOrder {index:70;}">
                <Coords points="256,3115 1100,3110 1100,3080 1059,3070 256,3074"/>
                <Baseline points="261,3105 302,3104 344,3104 386,3104 427,3104 469,3102 511,3102 552,3102 594,3102 636,3102 678,3102 719,3102 761,3101 803,3101 844,3101 886,3101 928,3101 969,3101 1011,3101 1053,3101 1095,3102"/>
                <TextEquiv>
                    <Unicode>dem ratione, &amp; altera. lstis ergo &amp; forte quam pluribus</Unicode>
                </TextEquiv>
            </TextLine>
            <TextLine id="r2l75" custom="readingOrder {index:71;}">
                <Coords points="238,3153 1057,3164 1108,3154 1108,3110 238,3116"/>
                <Baseline points="243,3144 286,3144 329,3144 372,3143 415,3143 458,3143 501,3143 544,3143 587,3143 630,3143 673,3143 716,3143 759,3143 802,3143 845,3141 888,3142 931,3143 974,3143 1017,3143 1060,3143 1103,3143"/>
                <TextEquiv>
                    <Unicode>aluis sophismatibus haeretici poterant moueri supradicti,</Unicode>
                </TextEquiv>
            </TextLine>
            <TextLine id="r2l76" custom="readingOrder {index:72;}">
                <Coords points="235,3200 770,3200 770,3159 705,3151 235,3153"/>
                <Baseline points="240,3186 266,3185 292,3185 318,3185 344,3185 371,3184 397,3183 423,3183 449,3183 475,3183 502,3183 528,3183 554,3183 580,3183 606,3183 633,3182 659,3182 685,3182 711,3182 737,3182 764,3182"/>
                <TextEquiv>
                    <Unicode>ad negandum sanctam trinitatem.</Unicode>
                </TextEquiv>
            </TextLine>
            <TextEquiv>
                <Unicode>3 Praeterea, vnicui que fupposito naturae alicuius con¬
uenit actus illius naturae, nisi ex aliqua imperfectione in
pediatur: sed generatio est actus, seu opus naturae, vt testa
tur Damas: ergo si in diuinis est filius, &amp; spiritus sanctus,
aut generabunt, aut imperfecte habebunt naturam, quo¬
rum vtrumque est impossibile¬
ro Praeterea, ldem est, patrem se dicere, quod verbi
generare: sed, vt ait Ans in libs monologion, sicut pater di
cit se, ita &amp; filius, &amp; spiritus sanctus. Cum igitur idem sit pa
trem dicere, quod generare, vt idem Ans: dicit, ergo si¬
militer sicut pater generat, sic &amp; filius generat, &amp; spiritus
sanctus generat. Et sic in diuinis erunt tria verba genita,
&amp; per consequens plures, quam tres personae in diuinis
11 Praeterea, si pater ex hoc, quod perfecte intelligit, 
concipit, &amp; producit verbum : cum filius, &amp; spiritus san¬
ctus aeque perfecte intelligant, sicut pater, ergo &amp;c.
12 Praeterea, si pater amando filium, &amp; filius reaman
do patrem producunt spiritum sanctum, cum pater non
minus amet spiritum sanctum, quam filium, &amp; non mi-
nus reametur a spiritu sancto, quam a filio, ergo pater &amp;
spiritus sanctus producunt alium spiritum sanctum. Et eo
dem modo de filio respectu spiritus sancti potest argui¬
13 Praeterea, bonum est sui ipsius communicatiuum,
vt ait Dionysius: sed spiritui sancto attribuitur bonitas, 
sicut filio sapientia, &amp; patri potentia, ergo videtur, quod
propriissime spectet ad spiritum sanctum naturam suam
alteri communicare personae.
14 Praeterea, quod dicit perfectionem simpliciter int
tebus creatis, a nulla persona diuina debet excludi: sed 
osse communicare naturam dicit perfectionem simplici
ter in rebus creatis: quia, vt dicitur 4. metheorum, vnum
quodque tunc perfectum est, cum poterit sibi simile ge¬
nerare, ergo filius, &amp; spiritus sanctus possunt communi
care naturam diuinam. 
13 Praeterea, actui actualissimo, &amp; purissimo repugnat
omnis additio: quia omne recipiens additionem aliquo
modo est in potentia: sed Deus est actus actualissimus, &amp;
purissimus, vt patet 12. metaph. ergo repugnat sibi ad¬
ditio relationum: sine quibus personae multiplicari non 
possunt: quia essentia continet vnitatem, relatio mul
siplicat trinitatem: vt ait Doe in lib de trin. Et istam for
te rationem intendebat Commentator 12 metaph cum
ait. Antiqui putauerunt trinitatem esse in Deo, &amp; vo¬
luerunt euadere dicentes quod sunt tres, &amp; vnus Deus, 
&amp; nescierunt euadere, quia cum substantia fuerit nume¬
rata, congregatum erit ens vnum per intentionem vnam
additam congregato.
1e Praeterea, Diony. de di no ait quod non est au¬
dendum aliquid dicere, nec etiam cogitare de superstan
tiali, &amp; occulta deitate praeter ea, quae diuinitus ex san¬
ctis eloquiis nobis sunt expressa. Sed in toto sacro cano¬
ne, nec in aliqua sui parte iuuenitur expressum, quod in
diuinis sint tres personae: licet enim inueniatur, quod
sint tres, tamen fallacia consequentis videtur esse, sunt
tres, ergo sunt tres personae.
17 Praeterea, si sunt tres personae in diuinis, aut diffe¬
rent ab essentia, aut penitus sunt idem. Si primo modo
tunc erit quaternitas in diuinis. Si secundo modo tun¬
contineunt multae contradictiones manifestae: Frit enim
dem multiplicatum, &amp; non multiplicatum, ad se, &amp; non
ad se: ad aliud &amp; non ad aliud communicabile, &amp; non con
municabile; generans &amp; non generans; genitum, &amp; non
venitum, spirans, &amp; non spirans, spiratum &amp; non spiratum
differens, &amp; non differens. Essentia enim non differt a fi-
lio: &amp;pater, qui est essentia, differt a filio 
Infringetur etiam forma svllogismi expositorij. quem
philosophns i. priorum dicit habere euidentiam ex se. Dica¬
tur enim sic. Haec essentia est haec paternitas, haec essentia
est haec filiatio, ergo haec filiatio est haec paternitas. conclu
sio falsa ergo aliqua praem issarum, &amp; qua ratione vna, ea
dem ratione, &amp; altera. lstis ergo &amp; forte quam pluribus
aluis sophismatibus haeretici poterant moueri supradicti,
ad negandum sanctam trinitatem.</Unicode>
            </TextEquiv>
        </TextRegion>
        <TextRegion orientation="0.0" id="TextRegion_1602073535460_247" custom="readingOrder {index:1;}">
            <Coords points="1124,270 2002,270 2002,3229 1124,3229"/>
            <TextLine id="r4l4" custom="readingOrder {index:0;}">
                <Coords points="1154,359 1243,372 1258,361 1334,372 1349,363 1363,375 1390,364 1526,373 1535,329 1472,310 1436,328 1415,316 1390,335 1338,334 1312,320 1273,326 1221,311 1202,322 1155,308"/>
                <Baseline points="1160,351 1186,353 1212,354 1239,356 1265,356 1291,356 1318,357 1344,357 1370,357 1397,357 1423,357 1449,359 1476,359 1502,359 1529,360"/>
                <TextEquiv>
                    <Unicode>Sed ista non concludunt</Unicode>
                </TextEquiv>
            </TextLine>
            <TextLine id="line_1602073535626_250" custom="readingOrder {index:1;}">
                <Coords points="1132,400 1909,414 2008,402 2008,355 1927,381 1859,358 1787,379 1132,373"/>
                <Baseline points="1137,392 1185,393 1234,395 1283,395 1332,396 1380,396 1429,398 1478,398 1527,398 1575,398 1624,398 1673,398 1722,398 1770,398 1819,398 1868,396 1917,396 1965,396 2002,396"/>
                <TextEquiv>
                    <Unicode>1 Quia secundum Augu. rationem quantumlibet a¬</Unicode>
                </TextEquiv>
            </TextLine>
            <TextLine id="r4l7" custom="readingOrder {index:2;}">
                <Coords points="1122,439 1391,464 1917,446 1987,468 1987,413 1959,406 1122,412"/>
                <Baseline points="1128,431 1170,432 1213,434 1256,435 1298,435 1341,437 1384,437 1426,437 1469,437 1512,437 1555,438 1597,438 1640,438 1683,438 1725,438 1768,438 1811,438 1853,438 1896,438 1939,438 1982,438"/>
                <TextEquiv>
                    <Unicode>cutam sacrae scripturae contrariam non dubitamus esse</Unicode>
                </TextEquiv>
            </TextLine>
            <TextLine id="r4l8" custom="readingOrder {index:3;}">
                <Coords points="1119,483 1155,490 1193,480 1242,479 1265,491 1281,482 1294,487 1294,445 1278,441 1263,450 1255,442 1248,447 1227,438 1222,443 1119,442"/>
                <Baseline points="1124,471 1151,473 1179,474 1206,474 1234,474 1261,473 1289,474"/>
                <TextEquiv>
                    <Unicode>falsissimam</Unicode>
                </TextEquiv>
            </TextLine>
            <TextLine id="r4l10" custom="readingOrder {index:4;}">
                <Coords points="1144,520 1976,528 1965,484 1144,485"/>
                <Baseline points="1149,512 1190,512 1231,513 1272,513 1313,515 1354,515 1395,515 1436,515 1477,515 1518,515 1560,515 1601,515 1642,515 1683,515 1724,515 1765,515 1806,515 1847,515 1888,515 1929,515 1971,515"/>
                <TextEquiv>
                    <Unicode>2 Praeterea, si in: diuinis non esset pluralitas persona¬</Unicode>
                </TextEquiv>
            </TextLine>
            <TextLine id="r4l11" custom="readingOrder {index:5;}">
                <Coords points="1125,564 1964,567 1964,531 1825,521 1125,529"/>
                <Baseline points="1130,549 1171,551 1212,551 1254,552 1295,552 1337,552 1378,554 1419,554 1461,554 1502,554 1544,554 1585,554 1626,554 1668,552 1709,552 1751,554 1792,554 1833,554 1875,554 1916,554 1958,555"/>
                <TextEquiv>
                    <Unicode>rum, ibi non esset felicitas. consequens est falsum, ergo</Unicode>
                </TextEquiv>
            </TextLine>
            <TextLine id="r4l12" custom="readingOrder {index:6;}">
                <Coords points="1126,606 1973,604 1973,563 1126,563"/>
                <Baseline points="1131,590 1172,590 1214,591 1256,591 1298,591 1340,593 1382,593 1423,593 1465,593 1507,593 1549,593 1591,593 1633,593 1675,593 1716,593 1758,593 1800,593 1842,593 1884,594 1926,594 1968,594"/>
                <TextEquiv>
                    <Unicode>&amp; antecedens, falsitas consequentis nota est 10 ethic. &amp;</Unicode>
                </TextEquiv>
            </TextLine>
            <TextLine id="r4l13" custom="readingOrder {index:7;}">
                <Coords points="1135,636 1964,648 1964,602 1135,600"/>
                <Baseline points="1140,627 1183,629 1226,630 1269,630 1312,632 1355,632 1398,632 1441,632 1484,632 1527,632 1571,632 1614,632 1657,632 1700,632 1743,632 1786,632 1829,633 1872,633 1915,633 1959,635"/>
                <TextEquiv>
                    <Unicode>12. metaph probatur consequentia per fichar. 3. de tri</Unicode>
                </TextEquiv>
            </TextLine>
            <TextLine id="r4l14" custom="readingOrder {index:8;}">
                <Coords points="1121,681 1972,694 1972,646 1940,642 1121,639"/>
                <Baseline points="1127,666 1169,668 1211,668 1253,669 1295,669 1337,671 1379,671 1421,671 1463,671 1505,671 1547,671 1589,671 1631,671 1673,671 1715,671 1757,671 1799,671 1841,671 1883,671 1925,671 1967,672"/>
                <TextEquiv>
                    <Unicode>sic: quia perfecta iucunditas esse non potest, vbi deficit mu¬</Unicode>
                </TextEquiv>
            </TextLine>
            <TextLine id="line_1602073588854_293" custom="readingOrder {index:9;}">
                <Coords points="1121,716 1984,717 1954,689 1838,678 1121,683"/>
                <Baseline points="1127,705 1175,707 1223,708 1271,708 1319,710 1368,710 1416,710 1464,710 1512,710 1560,710 1609,710 1657,710 1705,710 1753,710 1801,710 1850,711 1898,711 1946,713 1978,713"/>
                <TextEquiv>
                    <Unicode>tuus amor, &amp; solum ponitur amor priuatus, &amp; solitarius.</Unicode>
                </TextEquiv>
            </TextLine>
            <TextLine id="line_1602073580574_284" custom="readingOrder {index:10;}">
                <Coords points="1125,763 1989,765 1989,735 1950,721 1125,718"/>
                <Baseline points="1131,743 1180,744 1230,747 1280,747 1330,749 1380,749 1430,749 1480,749 1530,749 1580,749 1630,749 1679,749 1729,749 1779,749 1829,750 1879,750 1929,752 1979,753 1983,753"/>
                <TextEquiv>
                    <Unicode>Vnde &amp; boe. in de tri. a2t. Nullius sine socio est iucunda</Unicode>
                </TextEquiv>
            </TextLine>
            <TextLine id="r4l17" custom="readingOrder {index:11;}">
                <Coords points="1128,808 1970,801 1970,769 1932,762 1128,761"/>
                <Baseline points="1133,786 1174,786 1216,786 1257,786 1299,788 1341,788 1382,788 1424,788 1465,789 1507,789 1549,789 1590,789 1632,789 1673,789 1715,789 1757,789 1798,789 1840,789 1881,788 1923,788 1965,788"/>
                <TextEquiv>
                    <Unicode>possessio. Sed Dei felicitas est summa iucunditas ergo &amp;c.</Unicode>
                </TextEquiv>
            </TextLine>
            <TextLine id="r4l18" custom="readingOrder {index:12;}">
                <Coords points="1133,845 1967,841 1967,811 1847,797 1133,806"/>
                <Baseline points="1139,827 1180,827 1221,827 1262,827 1303,827 1344,827 1385,827 1426,827 1467,827 1508,827 1550,827 1591,827 1632,827 1673,827 1714,828 1755,828 1796,828 1837,828 1878,828 1919,830 1961,830"/>
                <TextEquiv>
                    <Unicode>3 Item cum haeretici non negant sacram scripturam,</Unicode>
                </TextEquiv>
            </TextLine>
            <TextLine id="r4l19" custom="readingOrder {index:13;}">
                <Coords points="1128,871 1951,888 1968,849 1129,844"/>
                <Baseline points="1134,861 1175,863 1216,864 1258,864 1299,866 1341,866 1382,867 1423,867 1465,867 1506,867 1548,867 1589,867 1630,867 1672,867 1713,867 1755,867 1796,867 1837,867 1879,867 1920,867 1962,867"/>
                <TextEquiv>
                    <Unicode>ergo contra eos possunt adduci omnes auctoritates sacri</Unicode>
                </TextEquiv>
            </TextLine>
            <TextLine id="r4l20" custom="readingOrder {index:14;}">
                <Coords points="1135,913 1929,921 1929,885 1870,875 1135,876"/>
                <Baseline points="1140,903 1179,903 1218,905 1257,905 1296,906 1335,906 1374,906 1414,906 1453,906 1492,906 1531,906 1570,906 1609,906 1648,906 1688,906 1727,906 1766,906 1805,906 1844,906 1883,907 1923,908"/>
                <TextEquiv>
                    <Unicode>canonis, adductae per magistrum in ista distinctione:.</Unicode>
                </TextEquiv>
            </TextLine>
            <TextLine id="r4l22" custom="readingOrder {index:15;}">
                <Coords points="1164,952 1973,956 1966,915 1164,920"/>
                <Baseline points="1169,941 1211,942 1253,943 1295,944 1337,944 1379,945 1421,945 1463,947 1505,947 1547,947 1589,947 1631,947 1673,947 1715,947 1757,946 1799,945 1841,945 1883,944 1925,942 1968,941"/>
                <TextEquiv>
                    <Unicode>Ad primum ergo dicendum, quod minor est falsa;</Unicode>
                </TextEquiv>
            </TextLine>
            <TextLine id="r4l23" custom="readingOrder {index:16;}">
                <Coords points="1137,1005 1974,1000 1974,956 1137,950"/>
                <Baseline points="1143,980 1184,981 1225,981 1266,983 1308,983 1349,984 1390,984 1431,984 1473,984 1514,984 1555,984 1596,984 1638,984 1679,984 1720,984 1761,984 1803,984 1844,984 1885,984 1926,984 1968,983"/>
                <TextEquiv>
                    <Unicode>quia persona diuina cunsit relatiua, &amp; includat relationem</Unicode>
                </TextEquiv>
            </TextLine>
            <TextLine id="r4l24" custom="readingOrder {index:17;}">
                <Coords points="1125,1035 1976,1032 1956,994 1126,995"/>
                <Baseline points="1131,1019 1173,1020 1215,1020 1257,1022 1299,1022 1341,1023 1383,1023 1425,1023 1467,1023 1509,1023 1551,1025 1593,1025 1635,1025 1677,1023 1719,1023 1761,1023 1803,1023 1845,1023 1887,1022 1929,1022 1971,1022"/>
                <TextEquiv>
                    <Unicode>secundum suam, propriam rationem, ergo non est peni¬</Unicode>
                </TextEquiv>
            </TextLine>
            <TextLine id="r4l25" custom="readingOrder {index:18;}">
                <Coords points="1128,1079 1964,1079 1964,1043 1909,1032 1129,1038"/>
                <Baseline points="1134,1058 1175,1058 1216,1059 1257,1061 1299,1061 1340,1061 1381,1062 1422,1062 1464,1062 1505,1062 1546,1062 1587,1062 1629,1062 1670,1062 1711,1062 1752,1062 1794,1062 1835,1062 1876,1062 1917,1062 1959,1062"/>
                <TextEquiv>
                    <Unicode>tus eiusdem rationis cum essentia. Ad probationem dico¬</Unicode>
                </TextEquiv>
            </TextLine>
            <TextLine id="r4l26" custom="readingOrder {index:19;}">
                <Coords points="1139,1120 1963,1115 1963,1083 1915,1071 1139,1070"/>
                <Baseline points="1145,1101 1185,1100 1226,1100 1266,1100 1307,1100 1348,1101 1388,1101 1429,1101 1470,1101 1510,1101 1551,1101 1592,1101 1632,1103 1673,1103 1714,1103 1754,1103 1795,1103 1836,1103 1876,1103 1917,1101 1958,1101"/>
                <TextEquiv>
                    <Unicode>p licet sit idem esse essentiae diuinae &amp; personae: tamen</Unicode>
                </TextEquiv>
            </TextLine>
            <TextLine id="r4l27" custom="readingOrder {index:20;}">
                <Coords points="1133,1152 1965,1156 1954,1112 1134,1119"/>
                <Baseline points="1139,1137 1180,1139 1221,1139 1262,1139 1303,1140 1344,1140 1385,1140 1426,1140 1467,1140 1508,1140 1549,1140 1590,1140 1631,1140 1672,1140 1713,1140 1754,1140 1795,1140 1836,1140 1877,1140 1918,1140 1959,1142"/>
                <TextEquiv>
                    <Unicode>personae conuenit aliquod adesse, quod non conuenis</Unicode>
                </TextEquiv>
            </TextLine>
            <TextLine id="r4l28" custom="readingOrder {index:21;}">
                <Coords points="1134,1190 1972,1188 1972,1163 1908,1150 1135,1150"/>
                <Baseline points="1140,1175 1181,1176 1222,1176 1264,1178 1305,1179 1346,1179 1388,1179 1429,1181 1470,1181 1512,1181 1553,1181 1594,1181 1636,1181 1677,1181 1718,1181 1760,1181 1801,1181 1842,1181 1884,1180 1925,1179 1967,1179"/>
                <TextEquiv>
                    <Unicode>essentiae, vt essentia est. Et cum dicitur, diffinitio est ser¬</Unicode>
                </TextEquiv>
            </TextLine>
            <TextLine id="r4l29" custom="readingOrder {index:22;}">
                <Coords points="1127,1225 1893,1233 1964,1229 1964,1186 1127,1195"/>
                <Baseline points="1133,1217 1174,1217 1215,1217 1256,1217 1298,1218 1339,1218 1380,1218 1422,1218 1463,1220 1504,1220 1546,1220 1587,1220 1628,1220 1669,1220 1711,1220 1752,1220 1793,1220 1835,1220 1876,1219 1917,1218 1959,1218"/>
                <TextEquiv>
                    <Unicode>mo quid est esse rei demonstrans, dico, quod verum ess</Unicode>
                </TextEquiv>
            </TextLine>
            <TextLine id="r4l30" custom="readingOrder {index:23;}">
                <Coords points="1126,1267 1763,1265 1814,1290 1970,1267 1971,1234 1126,1224"/>
                <Baseline points="1131,1256 1172,1256 1214,1256 1256,1257 1297,1257 1339,1257 1381,1259 1422,1259 1464,1259 1506,1259 1548,1259 1589,1260 1631,1260 1673,1260 1714,1260 1756,1260 1798,1260 1839,1260 1881,1260 1923,1259 1965,1259"/>
                <TextEquiv>
                    <Unicode>diffinitio absoluti, sed diffinitio relatiui non exprimit esse</Unicode>
                </TextEquiv>
            </TextLine>
            <TextLine id="r4l31" custom="readingOrder {index:24;}">
                <Coords points="1137,1308 1557,1309 1577,1304 1578,1275 1423,1267 1387,1278 1337,1263 1315,1280 1267,1265 1137,1277"/>
                <Baseline points="1142,1296 1167,1295 1192,1295 1217,1295 1243,1295 1268,1295 1293,1295 1319,1296 1344,1296 1369,1296 1394,1297 1420,1298 1445,1298 1470,1299 1496,1299 1521,1299 1546,1299 1572,1299"/>
                <TextEquiv>
                    <Unicode>proprie loquendo, sed adesse</Unicode>
                </TextEquiv>
            </TextLine>
            <TextLine id="r4l33" custom="readingOrder {index:25;}">
                <Coords points="1159,1350 1910,1357 1976,1352 1976,1309 1159,1312"/>
                <Baseline points="1164,1334 1204,1334 1244,1335 1285,1335 1325,1335 1365,1335 1406,1337 1446,1337 1486,1337 1527,1337 1567,1337 1607,1337 1648,1338 1688,1338 1728,1338 1769,1338 1809,1338 1849,1338 1890,1338 1930,1338 1971,1338"/>
                <TextEquiv>
                    <Unicode>Ad secundum nego maiorem: quia quauis non sit plus</Unicode>
                </TextEquiv>
            </TextLine>
            <TextLine id="r4l34" custom="readingOrder {index:26;}">
                <Coords points="1127,1387 1976,1384 1960,1349 1857,1342 1703,1361 1127,1341"/>
                <Baseline points="1133,1373 1174,1373 1216,1374 1258,1374 1300,1374 1342,1374 1384,1375 1426,1376 1468,1376 1510,1376 1552,1377 1593,1377 1635,1377 1677,1377 1719,1377 1761,1377 1803,1377 1845,1377 1887,1377 1929,1377 1971,1377"/>
                <TextEquiv>
                    <Unicode>de bonitate in tribus personis, quam in vna; est tamen</Unicode>
                </TextEquiv>
            </TextLine>
            <TextLine id="r4l35" custom="readingOrder {index:27;}">
                <Coords points="1135,1420 1571,1429 1586,1425 1587,1392 1135,1385"/>
                <Baseline points="1140,1412 1165,1412 1191,1412 1217,1412 1243,1413 1269,1413 1295,1413 1321,1413 1347,1414 1373,1415 1399,1415 1425,1415 1451,1416 1477,1416 1503,1416 1529,1416 1555,1416 1581,1416"/>
                <TextEquiv>
                    <Unicode>eadem bonitas pluribus modis</Unicode>
                </TextEquiv>
            </TextLine>
            <TextLine id="r4l37" custom="readingOrder {index:28;}">
                <Coords points="1164,1465 1964,1463 1964,1432 1911,1421 1165,1425"/>
                <Baseline points="1170,1451 1209,1451 1248,1452 1288,1452 1327,1454 1367,1454 1406,1454 1446,1454 1485,1455 1525,1455 1564,1455 1603,1455 1643,1455 1682,1455 1722,1455 1761,1455 1801,1455 1840,1455 1880,1455 1919,1454 1959,1454"/>
                <TextEquiv>
                    <Unicode>Ad tertium dicedum, quod maior est vera secundum istum</Unicode>
                </TextEquiv>
            </TextLine>
            <TextLine id="r4l38" custom="readingOrder {index:29;}">
                <Coords points="1122,1499 1974,1513 1974,1474 1936,1463 1122,1461"/>
                <Baseline points="1127,1490 1169,1491 1211,1491 1253,1491 1295,1493 1337,1493 1379,1493 1421,1493 1463,1493 1505,1494 1547,1494 1589,1494 1631,1494 1673,1494 1715,1494 1757,1494 1799,1493 1841,1493 1883,1493 1925,1493 1968,1493"/>
                <TextEquiv>
                    <Unicode>sensum, puta, quod secundum istam conuenientiam absolu¬</Unicode>
                </TextEquiv>
            </TextLine>
            <TextLine id="r4l39" custom="readingOrder {index:30;}">
                <Coords points="1129,1540 1964,1545 1943,1503 1129,1506"/>
                <Baseline points="1134,1529 1175,1530 1216,1530 1257,1530 1299,1532 1340,1532 1381,1532 1422,1532 1464,1533 1505,1533 1546,1533 1587,1533 1629,1533 1670,1533 1711,1533 1752,1533 1794,1533 1835,1533 1876,1533 1917,1533 1959,1532"/>
                <TextEquiv>
                    <Unicode>tae entitatis, qua conueniunt in tertio, secundum illam</Unicode>
                </TextEquiv>
            </TextLine>
            <TextLine id="r4l40" custom="readingOrder {index:31;}">
                <Coords points="1134,1581 1967,1585 1958,1544 1134,1545"/>
                <Baseline points="1140,1568 1181,1569 1222,1569 1263,1571 1304,1571 1345,1571 1386,1571 1427,1572 1468,1572 1509,1572 1550,1572 1591,1572 1632,1572 1673,1572 1714,1571 1755,1571 1796,1571 1837,1571 1878,1571 1919,1572 1961,1572"/>
                <TextEquiv>
                    <Unicode>eandem conuenientiam conueniunt inter se, ergo non</Unicode>
                </TextEquiv>
            </TextLine>
            <TextLine id="r4l41" custom="readingOrder {index:32;}">
                <Coords points="1137,1620 1973,1629 1973,1592 1867,1578 1138,1580"/>
                <Baseline points="1143,1607 1184,1607 1225,1608 1266,1608 1308,1610 1349,1610 1390,1610 1431,1611 1473,1611 1514,1612 1555,1613 1596,1613 1638,1613 1679,1613 1720,1613 1761,1613 1803,1613 1844,1613 1885,1612 1926,1611 1968,1610"/>
                <TextEquiv>
                    <Unicode>plus concluditur, nisi quod paternitas, &amp; filiatio, siue pa¬</Unicode>
                </TextEquiv>
            </TextLine>
            <TextLine id="r4l42" custom="readingOrder {index:33;}">
                <Coords points="1128,1663 1967,1658 1967,1629 1889,1619 1128,1627"/>
                <Baseline points="1134,1646 1175,1647 1216,1647 1258,1649 1299,1649 1341,1650 1382,1650 1423,1650 1465,1650 1506,1650 1548,1650 1589,1650 1630,1652 1672,1650 1713,1650 1755,1650 1796,1650 1837,1650 1879,1650 1920,1650 1962,1650"/>
                <TextEquiv>
                    <Unicode>ter, &amp; filius entitate absoluta, qua conueniunt in diuina</Unicode>
                </TextEquiv>
            </TextLine>
            <TextLine id="r4l43" custom="readingOrder {index:34;}">
                <Coords points="1127,1697 1908,1709 1976,1698 1976,1658 1127,1663"/>
                <Baseline points="1133,1685 1174,1686 1216,1688 1258,1688 1300,1688 1342,1689 1384,1689 1425,1689 1467,1691 1509,1691 1551,1691 1593,1691 1635,1691 1677,1691 1718,1691 1760,1691 1802,1689 1844,1689 1886,1689 1928,1689 1970,1688"/>
                <TextEquiv>
                    <Unicode>essentia, sint idem, siue conueniant inter sc. Ex hoc tamen</Unicode>
                </TextEquiv>
            </TextLine>
            <TextLine id="r4l44" custom="readingOrder {index:35;}">
                <Coords points="1138,1735 1969,1738 1969,1698 1138,1700"/>
                <Baseline points="1143,1724 1184,1725 1225,1725 1266,1727 1307,1727 1348,1728 1389,1728 1430,1728 1471,1728 1512,1728 1553,1728 1594,1728 1635,1728 1676,1728 1717,1728 1758,1728 1799,1728 1840,1728 1881,1728 1922,1728 1964,1728"/>
                <TextEquiv>
                    <Unicode>non sequitur, quod sint idem inter se, quo ad formales</Unicode>
                </TextEquiv>
            </TextLine>
            <TextLine id="r4l45" custom="readingOrder {index:36;}">
                <Coords points="1131,1777 1964,1782 1964,1738 1132,1734"/>
                <Baseline points="1137,1763 1178,1764 1219,1764 1260,1765 1301,1766 1342,1767 1383,1767 1424,1767 1465,1767 1506,1767 1548,1767 1589,1769 1630,1769 1671,1767 1712,1767 1753,1767 1794,1767 1835,1767 1876,1767 1917,1767 1959,1767"/>
                <TextEquiv>
                    <Unicode>suas rationes, siuc quo ad suum adesse, penes quod habe</Unicode>
                </TextEquiv>
            </TextLine>
            <TextLine id="r4l46" custom="readingOrder {index:37;}">
                <Coords points="1131,1813 1976,1814 1976,1784 1924,1777 1131,1777"/>
                <Baseline points="1137,1802 1178,1803 1220,1805 1261,1805 1303,1805 1345,1806 1386,1806 1428,1806 1470,1806 1511,1806 1553,1806 1595,1806 1636,1806 1678,1806 1720,1806 1761,1806 1803,1806 1845,1806 1886,1806 1928,1806 1970,1806"/>
                <TextEquiv>
                    <Unicode>realem oppositionem. Secundum enim suum modum</Unicode>
                </TextEquiv>
            </TextLine>
            <TextLine id="r4l47" custom="readingOrder {index:38;}">
                <Coords points="1136,1852 1973,1865 1973,1824 1922,1819 1136,1821"/>
                <Baseline points="1142,1842 1183,1844 1224,1844 1265,1844 1307,1845 1348,1845 1389,1845 1431,1845 1472,1846 1513,1847 1555,1847 1596,1847 1637,1847 1678,1847 1720,1847 1761,1847 1802,1847 1844,1847 1885,1847 1926,1847 1968,1847"/>
                <TextEquiv>
                    <Unicode>adessendi non sunt idem tertio, cum illud tertium non </Unicode>
                </TextEquiv>
            </TextLine>
            <TextLine id="r4l48" custom="readingOrder {index:39;}">
                <Coords points="1130,1897 1979,1902 1979,1867 1854,1854 1131,1853"/>
                <Baseline points="1136,1881 1177,1883 1219,1883 1261,1884 1303,1884 1345,1884 1387,1884 1429,1884 1471,1884 1513,1884 1555,1884 1596,1884 1638,1884 1680,1884 1722,1884 1764,1884 1806,1884 1848,1884 1890,1884 1932,1886 1974,1886"/>
                <TextEquiv>
                    <Unicode>habeat modum adessendi, sed ad se essendi. lstud tamen,</Unicode>
                </TextEquiv>
            </TextLine>
            <TextLine id="r4l49" custom="readingOrder {index:40;}">
                <Coords points="1130,1933 1977,1940 1969,1900 1130,1897"/>
                <Baseline points="1136,1920 1177,1921 1219,1922 1261,1922 1303,1923 1344,1923 1386,1923 1428,1925 1470,1925 1511,1925 1553,1925 1595,1925 1637,1926 1678,1926 1720,1926 1762,1926 1804,1926 1845,1925 1887,1925 1929,1925 1971,1925"/>
                <TextEquiv>
                    <Unicode>domino concedente, euidentius declarabo cum venero</Unicode>
                </TextEquiv>
            </TextLine>
            <TextLine id="r4l50" custom="readingOrder {index:41;}">
                <Coords points="1141,1971 1773,1976 1773,1937 1141,1934"/>
                <Baseline points="1146,1961 1177,1961 1208,1962 1239,1962 1270,1962 1301,1962 1332,1964 1363,1964 1394,1964 1425,1964 1456,1964 1487,1964 1518,1964 1549,1964 1580,1964 1611,1964 1642,1964 1673,1964 1704,1964 1735,1964 1767,1964"/>
                <TextEquiv>
                    <Unicode>ad dist. 33. quia ibi proprie habebit locum</Unicode>
                </TextEquiv>
            </TextLine>
            <TextLine id="r4l52" custom="readingOrder {index:42;}">
                <Coords points="1171,2015 1976,2009 1976,1979 1948,1973 1171,1975"/>
                <Baseline points="1176,2000 1215,2001 1255,2001 1295,2001 1335,2003 1374,2003 1414,2003 1454,2003 1494,2003 1533,2003 1573,2003 1613,2003 1653,2003 1692,2003 1732,2003 1772,2003 1812,2003 1851,2003 1891,2003 1931,2003 1971,2003"/>
                <TextEquiv>
                    <Unicode>Ad quartum dicendum, quod diuinae essentiae repugnat</Unicode>
                </TextEquiv>
            </TextLine>
            <TextLine id="r4l53" custom="readingOrder {index:43;}">
                <Coords points="1138,2057 1980,2062 1966,2012 1138,2008"/>
                <Baseline points="1143,2042 1184,2042 1226,2041 1267,2040 1309,2040 1350,2040 1392,2040 1433,2042 1475,2042 1516,2042 1558,2042 1600,2043 1641,2043 1683,2043 1724,2043 1766,2043 1807,2043 1849,2043 1890,2043 1932,2042 1974,2042"/>
                <TextEquiv>
                    <Unicode>omnis pluralitas naturalis, siue essentialis, &amp; absoluta;</Unicode>
                </TextEquiv>
            </TextLine>
            <TextLine id="r4l54" custom="readingOrder {index:44;}">
                <Coords points="1131,2089 1677,2090 1677,2061 1612,2049 1511,2062 1487,2049 1131,2050"/>
                <Baseline points="1137,2082 1163,2081 1190,2081 1217,2079 1243,2079 1270,2079 1297,2079 1323,2079 1350,2079 1377,2081 1404,2081 1430,2081 1457,2081 1484,2082 1510,2082 1537,2082 1564,2082 1590,2081 1617,2081 1644,2080 1671,2079"/>
                <TextEquiv>
                    <Unicode>non autem personalis, &amp; relatiua. </Unicode>
                </TextEquiv>
            </TextLine>
            <TextLine id="r4l55" custom="readingOrder {index:45;}">
                <Coords points="1172,2129 1977,2140 1977,2099 1788,2081 1740,2101 1173,2094"/>
                <Baseline points="1178,2118 1217,2118 1257,2118 1296,2118 1336,2118 1376,2118 1415,2120 1455,2120 1495,2120 1534,2120 1574,2120 1614,2120 1653,2121 1693,2121 1733,2121 1772,2121 1812,2121 1852,2121 1891,2120 1931,2120 1971,2120"/>
                <TextEquiv>
                    <Unicode>Ad quintum dicendum, quod bonitas, &amp; malitia sunt op¬</Unicode>
                </TextEquiv>
            </TextLine>
            <TextLine id="r4l56" custom="readingOrder {index:46;}">
                <Coords points="1146,2167 1979,2177 1979,2140 1887,2128 1146,2125"/>
                <Baseline points="1151,2159 1192,2159 1233,2159 1274,2159 1315,2159 1356,2159 1397,2159 1439,2159 1480,2159 1521,2159 1562,2160 1603,2160 1644,2160 1685,2160 1727,2160 1768,2160 1809,2160 1850,2159 1891,2159 1932,2159 1974,2157"/>
                <TextEquiv>
                    <Unicode>posita, vel contraria, vel saltem priuatiue, &amp; ideo in eo¬</Unicode>
                </TextEquiv>
            </TextLine>
            <TextLine id="r4l57" custom="readingOrder {index:47;}">
                <Coords points="1131,2207 1931,2215 1975,2206 1975,2176 1131,2178"/>
                <Baseline points="1136,2196 1177,2196 1219,2196 1261,2196 1302,2198 1344,2198 1386,2198 1427,2198 1469,2198 1511,2198 1553,2198 1594,2199 1636,2199 1678,2199 1719,2199 1761,2199 1803,2199 1844,2199 1886,2198 1928,2198 1970,2198"/>
                <TextEquiv>
                    <Unicode>dem simul esse non possunt. Sic etiam vnitas essentiae, &amp; </Unicode>
                </TextEquiv>
            </TextLine>
            <TextLine id="r4l58" custom="readingOrder {index:48;}">
                <Coords points="1152,2246 1977,2249 1969,2205 1152,2209"/>
                <Baseline points="1157,2237 1197,2237 1238,2237 1279,2237 1319,2237 1360,2237 1401,2238 1441,2238 1482,2238 1523,2238 1564,2238 1604,2238 1645,2238 1686,2238 1726,2238 1767,2238 1808,2238 1848,2237 1889,2237 1930,2237 1971,2237"/>
                <TextEquiv>
                    <Unicode>luralitas essentiae, cum sint opposita, simul eidem inesse</Unicode>
                </TextEquiv>
            </TextLine>
            <TextLine id="r4l59" custom="readingOrder {index:49;}">
                <Coords points="1128,2287 1943,2294 1975,2288 1975,2249 1128,2255"/>
                <Baseline points="1133,2274 1174,2276 1216,2276 1258,2276 1300,2276 1342,2277 1384,2277 1425,2277 1467,2277 1509,2277 1551,2277 1593,2277 1635,2277 1677,2277 1718,2277 1760,2277 1802,2276 1844,2276 1886,2276 1928,2276 1970,2277"/>
                <TextEquiv>
                    <Unicode>non possunt. Sed vnitas essentiae, &amp; pluralitas personae non</Unicode>
                </TextEquiv>
            </TextLine>
            <TextLine id="r4l60" custom="readingOrder {index:50;}">
                <Coords points="1137,2324 1979,2326 1979,2292 1949,2289 1137,2284"/>
                <Baseline points="1143,2315 1184,2316 1226,2316 1267,2316 1309,2316 1350,2316 1392,2316 1433,2316 1475,2316 1516,2316 1558,2316 1600,2316 1641,2316 1683,2316 1724,2316 1766,2316 1807,2316 1849,2316 1890,2316 1932,2316 1974,2316"/>
                <TextEquiv>
                    <Unicode>opponuntur secundum aliquod genus oppositonum, er-</Unicode>
                </TextEquiv>
            </TextLine>
            <TextLine id="r4l61" custom="readingOrder {index:51;}">
                <Coords points="1140,2376 1174,2358 1903,2373 1903,2338 1862,2321 1753,2341 1713,2322 1140,2335"/>
                <Baseline points="1145,2357 1182,2355 1220,2354 1257,2354 1295,2354 1333,2354 1370,2354 1408,2354 1446,2354 1483,2354 1521,2355 1559,2355 1596,2355 1634,2355 1672,2355 1709,2355 1747,2355 1785,2355 1822,2355 1860,2355 1898,2354"/>
                <TextEquiv>
                    <Unicode>go non repugnat quin simul esse possint in diuinis. </Unicode>
                </TextEquiv>
            </TextLine>
            <TextLine id="r4l62" custom="readingOrder {index:52;}">
                <Coords points="1154,2404 1954,2407 1981,2401 1981,2356 1884,2376 1154,2368"/>
                <Baseline points="1160,2394 1200,2394 1241,2394 1282,2394 1323,2393 1364,2393 1404,2393 1445,2393 1486,2393 1527,2393 1568,2393 1608,2394 1649,2394 1690,2394 1731,2394 1772,2394 1812,2394 1853,2394 1894,2394 1935,2394 1976,2394"/>
                <TextEquiv>
                    <Unicode>Ad sextum nego antecedens: quia productiones diui¬ </Unicode>
                </TextEquiv>
            </TextLine>
            <TextLine id="r4l63" custom="readingOrder {index:53;}">
                <Coords points="1140,2444 1981,2440 1981,2412 1925,2403 1140,2411"/>
                <Baseline points="1145,2433 1186,2433 1228,2433 1269,2433 1311,2433 1352,2433 1394,2432 1435,2432 1477,2432 1518,2432 1560,2432 1602,2432 1643,2432 1685,2432 1726,2432 1768,2432 1809,2432 1851,2432 1892,2432 1934,2432 1976,2432"/>
                <TextEquiv>
                    <Unicode>nae differunt relatiue; ad probationem nego consequen¬</Unicode>
                </TextEquiv>
            </TextLine>
            <TextLine id="r4l64" custom="readingOrder {index:54;}">
                <Coords points="1147,2485 1986,2494 1986,2453 1948,2440 1147,2445"/>
                <Baseline points="1152,2472 1193,2472 1234,2472 1276,2472 1317,2472 1359,2472 1400,2471 1441,2471 1483,2471 1524,2471 1566,2471 1607,2471 1648,2471 1690,2472 1731,2472 1773,2472 1814,2472 1855,2472 1897,2472 1938,2472 1980,2472"/>
                <TextEquiv>
                    <Unicode>iam: quia non oportet tantam dare differentiam in prin</Unicode>
                </TextEquiv>
            </TextLine>
            <TextLine id="r4l65" custom="readingOrder {index:55;}">
                <Coords points="1132,2518 1984,2519 1984,2491 1947,2482 1132,2483"/>
                <Baseline points="1137,2511 1179,2511 1221,2511 1263,2510 1305,2510 1347,2510 1389,2510 1431,2510 1473,2510 1515,2510 1558,2510 1600,2510 1642,2510 1684,2510 1726,2510 1768,2510 1810,2510 1852,2510 1894,2510 1936,2510 1979,2510"/>
                <TextEquiv>
                    <Unicode>cipus, sicut in principiatis, ergo quauis non differant vo¬</Unicode>
                </TextEquiv>
            </TextLine>
            <TextLine id="r4l66" custom="readingOrder {index:56;}">
                <Coords points="1141,2560 1973,2570 1973,2527 1938,2519 1141,2523"/>
                <Baseline points="1146,2550 1187,2550 1228,2550 1269,2550 1310,2550 1351,2550 1392,2550 1433,2550 1474,2550 1515,2550 1557,2550 1598,2550 1639,2550 1680,2550 1721,2550 1762,2550 1803,2550 1844,2550 1885,2550 1926,2550 1968,2550"/>
                <TextEquiv>
                    <Unicode>luntas, &amp; intellectus, productiones tamen possunt differre</Unicode>
                </TextEquiv>
            </TextLine>
            <TextLine id="r4l67" custom="readingOrder {index:57;}">
                <Coords points="1140,2599 1985,2605 1985,2565 1885,2558 1140,2563"/>
                <Baseline points="1145,2589 1186,2589 1228,2589 1270,2589 1312,2589 1353,2589 1395,2589 1437,2589 1479,2588 1520,2588 1562,2588 1604,2588 1646,2588 1687,2588 1729,2588 1771,2588 1813,2588 1854,2588 1896,2588 1938,2588 1980,2588"/>
                <TextEquiv>
                    <Unicode>Ad septimum dicendum, quod duae sunt oppositiones re</Unicode>
                </TextEquiv>
            </TextLine>
            <TextLine id="r4l68" custom="readingOrder {index:58;}">
                <Coords points="1145,2637 1985,2639 1985,2605 1845,2594 1145,2601"/>
                <Baseline points="1151,2628 1192,2628 1233,2628 1275,2628 1316,2627 1358,2627 1399,2627 1441,2627 1482,2627 1524,2627 1565,2627 1606,2627 1648,2627 1689,2627 1731,2627 1772,2628 1814,2628 1855,2628 1897,2628 1938,2628 1980,2628"/>
                <TextEquiv>
                    <Unicode>atiuae, quarum ex prima habemus patrem, &amp; filium, ex</Unicode>
                </TextEquiv>
            </TextLine>
            <TextLine id="r4l69" custom="readingOrder {index:59;}">
                <Coords points="1143,2688 1977,2683 1959,2636 1143,2637"/>
                <Baseline points="1149,2666 1190,2666 1231,2667 1272,2667 1313,2667 1354,2667 1395,2667 1436,2667 1477,2667 1518,2667 1560,2667 1601,2667 1642,2667 1683,2667 1724,2667 1765,2667 1806,2667 1847,2667 1888,2667 1929,2668 1971,2669"/>
                <TextEquiv>
                    <Unicode>secunda solum spiritum sanctum: quia alterum opposi¬</Unicode>
                </TextEquiv>
            </TextLine>
            <TextLine id="r4l70" custom="readingOrder {index:60;}">
                <Coords points="1139,2723 1976,2718 1976,2687 1929,2674 1139,2687"/>
                <Baseline points="1145,2706 1186,2706 1227,2706 1268,2706 1310,2706 1351,2706 1392,2706 1434,2706 1475,2706 1516,2706 1558,2706 1599,2705 1640,2705 1681,2705 1723,2705 1764,2705 1805,2706 1847,2706 1888,2706 1929,2707 1971,2708"/>
                <TextEquiv>
                    <Unicode>torum secundae oppositonis non constituit personam</Unicode>
                </TextEquiv>
            </TextLine>
            <TextLine id="r4l71" custom="readingOrder {index:61;}">
                <Coords points="1153,2760 1985,2767 1964,2715 1153,2723"/>
                <Baseline points="1158,2748 1199,2747 1240,2747 1281,2745 1322,2745 1363,2745 1404,2745 1445,2745 1486,2745 1527,2745 1569,2745 1610,2745 1651,2745 1692,2745 1733,2745 1774,2745 1815,2745 1856,2745 1897,2745 1938,2746 1980,2747"/>
                <TextEquiv>
                    <Unicode>uta spiratio actiua: quae praesupponens supposita patris</Unicode>
                </TextEquiv>
            </TextLine>
            <TextLine id="r4l72" custom="readingOrder {index:62;}">
                <Coords points="1150,2793 1982,2802 1982,2766 1950,2756 1150,2760"/>
                <Baseline points="1155,2786 1196,2786 1237,2784 1278,2784 1319,2784 1360,2784 1401,2784 1442,2784 1483,2784 1524,2784 1566,2784 1607,2784 1648,2784 1689,2784 1730,2784 1771,2784 1812,2784 1853,2784 1894,2784 1935,2784 1977,2783"/>
                <TextEquiv>
                    <Unicode>filij constituta, fundatur in eis, prout sunt vnum prin¬</Unicode>
                </TextEquiv>
            </TextLine>
            <TextLine id="r4l73" custom="readingOrder {index:63;}">
                <Coords points="1150,2837 1978,2835 1948,2798 1150,2796"/>
                <Baseline points="1155,2826 1195,2826 1236,2825 1277,2825 1318,2825 1359,2825 1400,2825 1441,2825 1482,2825 1523,2825 1564,2823 1604,2823 1645,2823 1686,2823 1727,2823 1768,2823 1809,2823 1850,2823 1891,2824 1932,2825 1973,2825"/>
                <TextEquiv>
                    <Unicode>tipium spiritus sancti, habentes in se vnam communem</Unicode>
                </TextEquiv>
            </TextLine>
            <TextLine id="r4l74" custom="readingOrder {index:64;}">
                <Coords points="1147,2876 1965,2880 1979,2835 1147,2836"/>
                <Baseline points="1152,2865 1193,2864 1234,2864 1275,2864 1316,2864 1357,2864 1398,2864 1439,2864 1480,2864 1521,2864 1563,2864 1604,2864 1645,2864 1686,2864 1727,2864 1768,2864 1809,2864 1850,2864 1891,2864 1932,2864 1974,2864"/>
                <TextEquiv>
                    <Unicode>potentiam spiratiuam, &amp; ideo sola spiratio passiua consti¬</Unicode>
                </TextEquiv>
            </TextLine>
            <TextLine id="r4l75" custom="readingOrder {index:65;}">
                <Coords points="1143,2916 1217,2922 1225,2913 1403,2909 1420,2921 1469,2913 1469,2879 1163,2872 1143,2885"/>
                <Baseline points="1149,2904 1175,2904 1201,2904 1227,2904 1254,2904 1280,2904 1306,2904 1332,2904 1359,2904 1385,2904 1411,2904 1437,2904 1464,2904"/>
                <TextEquiv>
                    <Unicode>tuit spiritum sanctum,</Unicode>
                </TextEquiv>
            </TextLine>
            <TextLine id="r4l76" custom="readingOrder {index:66;}">
                <Coords points="1177,2962 1979,2952 1979,2922 1877,2905 1177,2919"/>
                <Baseline points="1182,2943 1221,2943 1261,2942 1300,2942 1340,2942 1379,2942 1419,2942 1458,2943 1498,2943 1537,2943 1577,2943 1617,2943 1656,2942 1696,2942 1735,2942 1775,2942 1814,2942 1854,2942 1893,2940 1933,2940 1973,2939"/>
                <TextEquiv>
                    <Unicode>Ad octauum dicendum, quod verbum Aug. sic est expo.</Unicode>
                </TextEquiv>
            </TextLine>
            <TextLine id="r4l77" custom="readingOrder {index:67;}">
                <Coords points="1149,2994 1983,3000 1968,2954 1149,2956"/>
                <Baseline points="1155,2982 1196,2981 1237,2981 1278,2981 1319,2981 1360,2981 1401,2981 1442,2981 1483,2981 1524,2981 1566,2982 1607,2982 1648,2982 1689,2982 1730,2982 1771,2982 1812,2982 1853,2982 1894,2981 1935,2981 1977,2981"/>
                <TextEquiv>
                    <Unicode>nendum, non enim non potuit i. non ex hoc impoten¬</Unicode>
                </TextEquiv>
            </TextLine>
            <TextLine id="r4l78" custom="readingOrder {index:68;}">
                <Coords points="1143,3034 1982,3026 1982,3001 1939,2990 1143,2995"/>
                <Baseline points="1148,3020 1189,3020 1230,3020 1272,3020 1313,3020 1355,3020 1396,3021 1438,3021 1479,3021 1521,3021 1562,3021 1603,3021 1645,3021 1686,3021 1728,3021 1769,3021 1811,3021 1852,3020 1894,3020 1935,3020 1977,3020"/>
                <TextEquiv>
                    <Unicode>tiam habuit. &amp; ex hac duplici negatione vere potest in¬</Unicode>
                </TextEquiv>
            </TextLine>
            <TextLine id="r4l79" custom="readingOrder {index:69;}">
                <Coords points="1146,3071 1985,3067 1985,3030 1146,3030"/>
                <Baseline points="1152,3060 1193,3060 1234,3060 1276,3059 1317,3059 1359,3059 1400,3059 1441,3059 1483,3059 1524,3059 1566,3059 1607,3059 1648,3059 1690,3059 1731,3060 1773,3060 1814,3060 1855,3060 1897,3060 1938,3060 1980,3060"/>
                <TextEquiv>
                    <Unicode>ferri, quod filius habet in se potentiam generatiuam, quae non</Unicode>
                </TextEquiv>
            </TextLine>
            <TextLine id="r4l80" custom="readingOrder {index:70;}">
                <Coords points="1159,3111 1986,3105 1986,3078 1942,3067 1159,3068"/>
                <Baseline points="1164,3099 1204,3099 1245,3098 1286,3098 1327,3098 1368,3098 1408,3099 1449,3099 1490,3099 1531,3099 1572,3099 1612,3099 1653,3099 1694,3099 1735,3099 1776,3099 1816,3099 1857,3099 1898,3099 1939,3099 1980,3099"/>
                <TextEquiv>
                    <Unicode>st aliud, quam diuina essentia, vt patebit in dist. 5. non</Unicode>
                </TextEquiv>
            </TextLine>
            <TextLine id="r4l81" custom="readingOrder {index:71;}">
                <Coords points="1156,3151 1950,3156 1984,3150 1984,3105 1156,3110"/>
                <Baseline points="1161,3137 1201,3137 1242,3138 1283,3138 1324,3138 1365,3138 1406,3138 1447,3138 1488,3138 1529,3139 1570,3140 1610,3140 1651,3140 1692,3140 1733,3140 1774,3140 1815,3140 1856,3140 1897,3138 1938,3138 1979,3138"/>
                <TextEquiv>
                    <Unicode>tamen potest progredi in actum generationis; quia huius¬</Unicode>
                </TextEquiv>
            </TextLine>
            <TextLine id="r4l82" custom="readingOrder {index:72;}">
                <Coords points="1141,3206 1420,3183 1971,3200 2000,3162 1140,3160"/>
                <Baseline points="1146,3180 1188,3179 1230,3179 1273,3179 1315,3179 1358,3180 1400,3180 1443,3180 1485,3180 1528,3180 1570,3180 1612,3180 1655,3180 1697,3180 1740,3180 1782,3180 1825,3179 1867,3179 1910,3177 1952,3176 1995,3174"/>
                <TextEquiv>
                    <Unicode>modi potentiam habet cum opposito respectu genera¬</Unicode>
                </TextEquiv>
            </TextLine>
            <TextEquiv>
                <Unicode>Sed ista non concludunt
1 Quia secundum Augu. rationem quantumlibet a¬
cutam sacrae scripturae contrariam non dubitamus esse
falsissimam
2 Praeterea, si in: diuinis non esset pluralitas persona¬
rum, ibi non esset felicitas. consequens est falsum, ergo
&amp; antecedens, falsitas consequentis nota est 10 ethic. &amp;
12. metaph probatur consequentia per fichar. 3. de tri
sic: quia perfecta iucunditas esse non potest, vbi deficit mu¬
tuus amor, &amp; solum ponitur amor priuatus, &amp; solitarius.
Vnde &amp; boe. in de tri. a2t. Nullius sine socio est iucunda
possessio. Sed Dei felicitas est summa iucunditas ergo &amp;c.
3 Item cum haeretici non negant sacram scripturam,
ergo contra eos possunt adduci omnes auctoritates sacri
canonis, adductae per magistrum in ista distinctione:.
Ad primum ergo dicendum, quod minor est falsa;
quia persona diuina cunsit relatiua, &amp; includat relationem
secundum suam, propriam rationem, ergo non est peni¬
tus eiusdem rationis cum essentia. Ad probationem dico¬
p licet sit idem esse essentiae diuinae &amp; personae: tamen
personae conuenit aliquod adesse, quod non conuenis
essentiae, vt essentia est. Et cum dicitur, diffinitio est ser¬
mo quid est esse rei demonstrans, dico, quod verum ess
diffinitio absoluti, sed diffinitio relatiui non exprimit esse
proprie loquendo, sed adesse
Ad secundum nego maiorem: quia quauis non sit plus
de bonitate in tribus personis, quam in vna; est tamen
eadem bonitas pluribus modis
Ad tertium dicedum, quod maior est vera secundum istum
sensum, puta, quod secundum istam conuenientiam absolu¬
tae entitatis, qua conueniunt in tertio, secundum illam
eandem conuenientiam conueniunt inter se, ergo non
plus concluditur, nisi quod paternitas, &amp; filiatio, siue pa¬
ter, &amp; filius entitate absoluta, qua conueniunt in diuina
essentia, sint idem, siue conueniant inter sc. Ex hoc tamen
non sequitur, quod sint idem inter se, quo ad formales
suas rationes, siuc quo ad suum adesse, penes quod habe
realem oppositionem. Secundum enim suum modum
adessendi non sunt idem tertio, cum illud tertium non 
habeat modum adessendi, sed ad se essendi. lstud tamen,
domino concedente, euidentius declarabo cum venero
ad dist. 33. quia ibi proprie habebit locum
Ad quartum dicendum, quod diuinae essentiae repugnat
omnis pluralitas naturalis, siue essentialis, &amp; absoluta;
non autem personalis, &amp; relatiua. 
Ad quintum dicendum, quod bonitas, &amp; malitia sunt op¬
posita, vel contraria, vel saltem priuatiue, &amp; ideo in eo¬
dem simul esse non possunt. Sic etiam vnitas essentiae, &amp; 
luralitas essentiae, cum sint opposita, simul eidem inesse
non possunt. Sed vnitas essentiae, &amp; pluralitas personae non
opponuntur secundum aliquod genus oppositonum, er-
go non repugnat quin simul esse possint in diuinis. 
Ad sextum nego antecedens: quia productiones diui¬ 
nae differunt relatiue; ad probationem nego consequen¬
iam: quia non oportet tantam dare differentiam in prin
cipus, sicut in principiatis, ergo quauis non differant vo¬
luntas, &amp; intellectus, productiones tamen possunt differre
Ad septimum dicendum, quod duae sunt oppositiones re
atiuae, quarum ex prima habemus patrem, &amp; filium, ex
secunda solum spiritum sanctum: quia alterum opposi¬
torum secundae oppositonis non constituit personam
uta spiratio actiua: quae praesupponens supposita patris
filij constituta, fundatur in eis, prout sunt vnum prin¬
tipium spiritus sancti, habentes in se vnam communem
potentiam spiratiuam, &amp; ideo sola spiratio passiua consti¬
tuit spiritum sanctum,
Ad octauum dicendum, quod verbum Aug. sic est expo.
nendum, non enim non potuit i. non ex hoc impoten¬
tiam habuit. &amp; ex hac duplici negatione vere potest in¬
ferri, quod filius habet in se potentiam generatiuam, quae non
st aliud, quam diuina essentia, vt patebit in dist. 5. non
tamen potest progredi in actum generationis; quia huius¬
modi potentiam habet cum opposito respectu genera¬</Unicode>
            </TextEquiv>
        </TextRegion>
    </Page>
</PcGts>
