2422 3555
194 242 1045 324 Dei, non sequitur, scio Deum esse immensum, ergo scio
196 309 1043 354 Dei immensitatem, quamuis bene sequitur, ergo scio im
192 353 1049 400 mensitatem Dei esse; non ergo concluditur, quod cognosci¬
201 389 1055 431 mus Dei passionem, licet posset concludi, quod sciamus
183 425 497 488 passionem Dei esse
306 506 945 588 ARTICVLVS II
334 591 914 680 Vtrum Deum esse sit per se notum
215 697 1052 747 SVANTVM ad tertium principale dicendum, quod
191 715 1048 784 R secundum boe, in lib de Hebdomadibus proposi¬
197 783 1052 830 tionem esse per se notam, dupliciter potest intelligi. Vno
189 822 1045 866 modo communiter omnibus; alio modo solum sapient
205 854 1047 902 bus. Exemplum ponit de primo, sicut omne totum est ma
205 895 1059 945 ius sua parte exemplum de secundo, sicut incorporalia
197 940 1049 982 non esse in loco. His praemissis dico, quod haec proposito
208 975 1050 1026 Deus est, per se nota est sapientibus, quamuis non commu
198 1014 912 1060 niter, & indifferenter, siue vulgariter omnibus
213 1060 1056 1099 1 Quia illa proposito est per se nota ad minus sapien
198 1089 1046 1146 tibus, cuius praedicatum est de essentia subiecti: sed essi
201 1131 754 1187 est idem, quod essentia Dei, ergo &c
202 1168 1056 1222 2 Praeterea, illud est per se notum esse, quod non po¬
198 1209 1042 1260 test cogitari non esse; quia, ut patet 4. meta. illa propositi
209 1255 1050 1297 est per se nota, que mente directe negari non potest, ue
210 1288 1059 1330 ouam nullus potest negare: sed nullus potest concipere
210 1330 1064 1376 Deum non esse, nisi valde sit insipiens: quia nihil a sapien
212 1366 1059 1413 te potest concipi cum opposito illius, quod est de sua for¬
205 1409 1065 1459 mali ratione, sed esse Dei est de sua formali, & intrinseca
207 1447 485 1497 ratione, ergo &c
216 1493 1061 1531 4 Praeterea, illa proposito est per se nota: cui quilibet
210 1522 1058 1567 sanae mentis assentit immediate sola praesupposita notitia
210 1564 1045 1608 terminorum, quantum ad ea, quae per terminorum uocam
207 1605 1057 1650 bula importantur: sed talis est haec proposito, Deus est;
209 1638 1058 1685 ergo &c. maior patet de se, & minor patet per Ans. proso
210 1680 1058 1726 logion. Dixi autem in praecedenti ratione directe, & in
202 1718 1058 1767 ista dixi praesupposita notitia terminorum: quia indirecte
203 1763 1058 1809 etiam primum principium negauit ille Heraclitus, ut pa¬
209 1796 1056 1843 tet 2 metaph etiam non cognito quid per terminos im¬
213 1835 831 1889 portatur, omne principium negari potest
204 1874 1050 1923 4 Praeterea, illa proposito est per se nota, in qua prae
210 1913 1058 1964 dicatum sic se habet ad subiectum, quod habita significa¬
211 1953 1061 2003 tione praedicati, & subiecti, statim cognoscitur inexisten¬
219 1997 1066 2043 tia praedicati in subiecto: ista, in qua esse pdicatur de Deo,
218 2037 686 2086 est huiusmodi, ergo &c.
232 2072 1056 2124 3 Praeterea, aliquae veritates secundae sunt per se notae
206 2111 1056 2160 ergo & veritas prima: consequentia patet: quia ignota cau
216 2156 1063 2200 sa necesse est effectum ignorare: sed veritas prima, quae
217 2190 1071 2240 Deus est, est causa omnis veritatis secundae, iuxta illud A¬
215 2233 1069 2283 uerrois. 2 metaphysice. Est enim quoddam ens per se ens,
209 2273 1067 2319 & per se verum, entitate, & veritate cuius omnia alia sunt
220 2307 1059 2361 entia, & vera: sed veritas prima non potest esse per se non
224 2352 1067 2399 ta, quantum ad cognitionem quidditatiuam, & essentialem
215 2393 1035 2442 ergo erit per se nota quantum ad esse, siue existentiam.
255 2423 1062 2478 Forte Heraclitus negaret antecedens: quia diceret, nu
224 2469 837 2517 lam veritatem esse per se notam.
242 2508 1069 2559 Sed illud nihil est: quia illud est per se notum esse,
216 2545 1068 2595 quod dum negatur necessario affirmatur : sed veritas ess
215 2585 1070 2640 huiusmodi, ergo &c, probatio assumptae: quia negans veri
227 2622 1076 2671 tatem, aut reputat se false negare, & tunc mente ponit ve
221 2669 1064 2713 ritatem, vel reputat se vere negare, & tunc iterum pone
219 2698 1064 2752 ret veritatem: quia cum nihil possit esse verum sine veri
224 2737 1074 2795 tate, talis negatio non posset esse vera, nisi veritas esse sup
219 2776 1083 2838 ponatur. Ista ergo veritas, vel est veritas prima, & tunc ha
222 2819 1071 2865 beo propositum, vel est veritas secunda, & tunc, quia om¬
216 2867 1085 2913 nis veritas secunda praesupponit primam, necessario sequi
215 2897 607 2953 tur idem, quod primo.
298 2932 1077 2989 Praeterea, id, cuius notitia est naturaliter intellectu;
219 2975 1076 3030 inserta, est per se notum, Deum esse est huiusmodi, vt ait
222 3016 441 3071 Damac. libr. I¬
236 3052 1085 3106 2 Praeterea, ista non est minus per se nota, Deus est,
225 3092 1087 3157 quam ista incorporalia non sunt in loco: sed secunda est
1100 248 1939 315 per se nota, vt vult Doc. in libro de Hebdomadibus, vbi
1097 310 1934 361 ait, Conmunis animi conceptio est, incorporalia inloco non
1095 355 1888 397 esse, ergo Deum esse erit communis animi conceptio
1125 390 1949 435 Sed contra istam conclusionem videntur aliqui esse,
1094 430 1942 478 praemittentes tamen hanc distinctionem, quod proposito¬
1098 462 1940 514 nem esse per se notam, potest intelligi dupliciter. Vno mo¬
1089 508 1931 552 do secundum se, & sic proposito est per se nota, cuius prae
1094 543 1932 586 dicatum est de ratione subiecti. Alio modo, quo ad nos, &
1092 580 1934 629 sic non sufficit praedicatum esse de ratione subiecti; sed o¬
1097 618 1932 673 portet nos scire quid est subiecti, per cuius notitiam co¬
1103 665 1940 711 gnoscere possumus necessariam connexionem, & inhaere¬
1088 695 1940 746 tiam praedicati cum subiecto. Et quia licet in hac proposi
1094 744 1931 782 tione, Deus est, praedicatum fit de ratione subiecti, tamer
1106 776 1940 828 quid est subiecti in via scire non possumus; ideo dicunt,
1102 816 1943 878 que ista proposito est per se nota primo modo, non autem
1097 853 1944 898 secundo modo. Et hanc conclusionem tam ipsi, quam se¬
1107 901 1811 949 quaces eorum multipliciter probant. Primo sic.
1161 929 1941 980 illa proposito non est per se nota quo ad nos, cuius
1096 978 1938 1021 subiecti quidditatem non cognoscunt nec omnes, nec etem ip¬
1104 1010 1936 1059 si sapientes: sed quidditas subiecti istius propositonis.
1101 1053 1664 1103 Deus est, est omnibus ignota, ergo &c.
1107 1094 1946 1137 2 Praeterea, id, quod demostratur, non est per se notum:
1094 1130 1946 1182 sed Deum esse demonstratur, vt patet. 8. physicorum. &
1103 1166 1862 1215 12. metaphysice, & in multis aliis locis philosophiae
1112 1205 1943 1263 3 Praeterea, notitia terminorum propositonis per se
1104 1258 1943 1295 notae immediate offert se intellectui: sed tam philosophi,
1114 1295 1937 1342 quam doctores moderni multum laborauerunt circa no¬
1105 1321 1946 1375 titiam terminorum praedictae propositonis: ergo non est
1107 1368 1283 1419 per se nota
1115 1398 1934 1450 4 Praeterea, quod est creditum, non est per se notum, De
1107 1441 1928 1493 esse est creditum iuxta illud Augus. lib. 2. de libero arbi
1113 1482 1945 1539 trio, quod scitur de Deo in praesenti, non est scientia con
1103 1520 1561 1576 templatum, sed fide creditum.
1115 1556 1945 1608 3 Praeterea, illa proposito non est per se nota quo ad
1101 1606 1947 1652 nos, in qua cognitis terminis quantum ad illud, quod cin
1104 1640 1957 1690 ca tales terminos primo occurrit intellectui, non statim
1108 1669 1950 1733 apparet necessaria connexio terminorum: sed proposito
1110 1711 1946 1769 predicta est huiusmodi: quia dato, quod circa hunc termi
1100 1757 1952 1809 num Deus primum apparens intellectui sit, quod ipse sit
1122 1797 1950 1842 prima causa, vel primum principium; adhuc non apparet
1106 1836 1949 1882 immediate, quod talis res habeat esse in rerum natura: quia
1118 1878 1952 1918 multi posuerunt processum in infinitum in causis, & cau¬
1107 1913 1960 1965 satis. Multi etiam posuerunt circulationem causarum, quo¬
1106 1958 1942 2002 rum quocunque dato, non est necesse esse aliquod pri¬
1109 1993 1381 2044 mum principium
1121 2000 1955 2077 4 Praeterea, proposito, cuius subiectum non potest con
1108 2064 1950 2126 cipi vno simplici conceptu, non est per se nota, donec co¬
1121 2095 1954 2167 gnoscantur partes illius conceptus esse compossibiles;
1107 2144 1950 2194 sed Deus, qui est subiectum praedictae propositonis, non
1112 2181 1954 2239 pot a viatore concipi vno simplici conceptu, viator enim
1121 2229 1961 2275 non potest concipere Deum, nisi concipiat ipsum, uel per
1122 2255 1958 2314 modum actus puri, vel entis infiniti, uel vltimi finis, vel
1131 2307 1958 2349 er modum alicuius alterius de consimilibus. Sed que istae
1125 2344 1952 2387 partes sint compossibiles, puta, purus actus, vel infinita er
1114 2380 1956 2426 titas &c non est per se notum: multi enim dubitauerunt, an
1121 2417 1948 2469 sit aliquod ens infinitu, ergo nec ipsa proposito erit pe
1118 2452 1954 2505 se nota; maior patet s. metaph vbi dicitur, quod enim in
1118 2486 1958 2559 se falsum est, de nullo potest esse verum, nec aliquid de eo.
1125 2529 1967 2589 3 Praeterca, Auicenna primo metaph suae dicit, Deum
1118 2578 1502 2626 esse, non est per se notum
1154 2579 1967 2669 Sed iste modus mihi non placet: quia nullus potest
1128 2649 1967 2703 vere, & scienter affirmare aliquam propositionem esse
1125 2703 1949 2748 per se notam, nisi ipse sciat, eam esse per se notam
1122 2733 1951 2781 nescientis enim signum est affirmare hoc, quod non
1119 2764 1962 2821 scit. Sed iste doctor dicit, & affirmat, praedictam
1131 2805 1958 2870 propositionem esse per se notam secundum se, & ho
1124 2839 1967 2906 in primo membro suae distinctionis, ergo vel affirmat
1135 2883 1961 2946 quod nescit, vel scit eam esse per se notam, & per conse¬
1129 2925 1964 2975 quens quo ad nos erit per se nota, quod contradicit secu¬
1133 2958 1970 3022 do membro suae distinctionis. Et ideo nisi aliud mihi oc¬
1125 3001 1967 3061 curreret, illam distinctionem non reputo esse veram: quia
1139 3039 1892 3090 primum membrum secundo videtur contradicere.
1164 3082 1992 3154 Ad Primum ergo dicendum, quod maior non est vera: quia
