2283 3540
101 215 951 294 ntelli gere est cum continuo & tempore, & ideo secun¬
102 283 944 326 dum hoc ipsum intelligere non videretur esse totaliter in
108 319 942 375 diuisibile. Sed quicquid sit de his, dico, quod iste assumi
108 367 951 413 nen simile pro simili, quia materia respectu ipsus genera
105 399 929 457 tionis est in potentia ad esse, sed potentia animae respe
92 438 942 491 eu ipsius intelligere est potentia ad operari, licet autem
100 476 945 525 aliquod creatum per essentiam suam possit immediate
102 516 938 570 susoipere esse, nulla tamen substantia creata potest imm
105 554 943 600 diate operari: quia substantia nullius operationis potest
99 598 932 642 esse immediatum principium, vt expresse dicit Commer
96 634 944 683 tr7 metaphysicae. Licet enim forma substantialis ipsius
99 672 941 722 ignis, el cuiuscunque alterius rei, sit principium principa¬
105 715 952 760 le, non tamen immediatum. Ignis enim principaliter pro
103 753 668 796 dutit ignem, tamen mediante calore.
119 793 944 844 Sed sorte dices; agens instrumentale non agit, nisi mo
103 829 940 875 um ab agente principali, ergo saltem illius motionis, si¬
99 869 900 916 ue infiuxus substantia erit principium immediatum.
122 906 940 953 nespondeo, licet, quando principale & instrumentali
95 948 937 992 sini suppositaliter distincta, necesse sit ipsum principal
90 995 944 1037 alquid motionis influere ipsi instrumentali, sine qua mo
92 1027 946 1071 tone instrumentale non tenderet in talem actionem; do¬
102 1066 948 1111 bbra enim numquam aedificaret, nisi a domificatore mo¬
93 1105 953 1146 reretur, tamen cum principale, & instrumentale sunt na¬
105 1146 953 1195 mraliter connexa, non oportet talem influxum fieri: quia
98 1186 950 1235 ponter solam naturalem assistentiam ipsius principalis
93 1226 943 1277 aeentis, ipsum instrumentale agit in virtute principalis
104 1261 949 1311 ansa autem istius ordinatae connexionis si quaeritur, di¬
99 1301 939 1351 t quod est ipsum generans dans principali virtutem prin
99 1338 937 1392 epalem, & instrumentali virtutem subordinatam, respe
99 1379 546 1433 tmillius principalis agentis.
111 1423 953 1469 Nec secunda solutio valet: quia licet vtrumque medium
108 1457 955 1508 nod ponis moditum sit ad propositum, fi tamen vni illo
93 1495 946 1546 um debemus assimilare ipsum intelligere, magis assim
90 1535 947 1588 DPitur medio compositonis: quia cum ipsum intellige¬
96 1583 949 1626 refi fuorum extremorum ad inuicem assimilatiuum, o¬
103 1618 944 1669 rertrt, quod participet naturam vtriusque extremi, obie
100 1652 953 1694 i scilicet & subiecti & sic distinctio tua directe est con
99 1693 956 1740 ta tenec exem pla tua valent quicquam in proposito, qui¬
105 1735 962 1778 nor loquimur de medio per se, & naturali, tu autem e-
109 1771 840 1823 templificas de medio per accidens, ac artificiali
129 1810 962 1862 Nec tertia solutio valet: quia doctor noster arguit de
99 1850 962 1897 intellectione, quia Angelus intelligit essentiam suam, quam
97 1890 974 1939 tne media specle intelligit, cum sit naturaliter praesens
100 1930 332 1980 suo intellectui
142 1966 964 2017 Nex quarta solutio valet: quia sicut propositum in pro
114 2004 970 2060 orto, hc oppositum in opposito. Si ergo phantasma il¬
109 2051 970 2096 hstratum per suam praesentiam esset causa persectionis
109 2082 959 2132 hndatae in essentia animae immediate, tunc per suam al
102 2123 969 2179 sentiam erit causa destructionis eiusdem persectionis, &
104 2174 968 2218 ret onsequens destructionis ipsius essentiae, sicut dedu¬
100 2203 496 2255 2i doctor in sua ratione
143 2243 805 2296 Potest etiam praedicta conclusio probari sic
150 2281 970 2324 1 Quaecunque sunt eadem realiter, impossibile est vnu
85 2324 966 2370 i esent aliter temanere, altero essentialiter corrupto, seo
111 2359 966 2411 vrtus vifiua essentialiter, & realiter cortumpitur manet.
112 2396 974 2448 eientia animae incorrupta; Maior patet & singulariter in
115 2446 962 2495 rrepofito cum essentia animae fit incorruptibilis, & cor
119 2473 967 2523 rptibile & ineorruptibile differunt genere, vt dicitur i¬
111 2514 962 2562 metaph minorem probo: quia tum aliquis efficitur caecus
116 2554 975 2601 Fec non potest esse propter solam cessationem ab actu vi
114 2596 965 2643 dendi quia sic, qui clauderet oculos fieret caecus, ergo o
122 2631 964 2688 prtet, quod caecitas contingat propter corruptionem al
119 2672 976 2724 tum; intrinseci principij visionis, quod principium nos
114 2711 605 2768 arpellamus potentiam visiuam.
142 2737 974 2799 rorte Dices, quod non corrumpitur potentia visiua, sec
121 2783 978 2837 terumpitur pupilla, quae est organum illius potentiae, si¬
126 2823 980 2883 ne qua illa potentia, cum sit organica, non potest suam
125 2872 476 2929 eretationem exercere
150 2913 979 2957 Des non valet: quia dato, quod omnes potentiae sini
135 2942 975 2998 nem realiter, quod essentia animae, tunc non habes qua
132 2988 989 3034 re vna magis sit organica, quam alia, vel vna sit magis se¬
150 3025 407 3080 arata, quam alia.
150 3064 991 3126 Rem, potentia organica subiectiue fundatur in organo
992 222 1835 290 a quo dicitut organica, cum ergo eorrupto subiecto con¬
1001 283 1830 332 rumpatur omne illud, quod fundatur in eo, ergo corru¬
992 330 1712 380 pta pupilla, non poterit talis potentia remanere
1039 370 1826 410 2 Praeterea, si potentiae animae essent realiter idem cum
987 400 1834 448 essentia animae, tunc esset idem realiter inter se, falsitas
988 448 1834 484 consequentis est nota: quia intellectus differt realiter a
987 476 1857 521 voluntate, & virtus visiua ab auditiua, & sic de singulis,
1000 516 1858 565 consequentia patet 1. physicorum, vbi dicitur. Quae vnii
991 555 1619 610 & eidem sunt eadem, inter se sunt eadem
1035 602 1816 651 bed forte aliqui contrariae opinionis dicerent, illud ci
983 633 1356 688 sequens non esse falsum.
1023 675 1828 720 ldeo probo illam falsitatem per aliam consequentiam
986 721 1822 762 sic. Si potentiae non differrent realiter, operationes poter
990 749 1827 798 tiarum non differrent realiter, falsitatem istius consequen
987 792 1829 840 tis ipsi negare non possunt: quia videre non est audire, nec
996 826 1863 884 intelligere est velle, & sic de aliis; consequentiam probo. I
992 877 1862 921 quia dicitur 2. de anima, quod opinatiuum differt ab in¬
993 918 1863 956 tellectiuo: qua opinari differt ab intelligere, sic a simili &c
1028 942 1820 1004 3 Praeterea, impossibile est, operationes genere diffe
995 987 1843 1030 rentes esse ab vno creato principio immediate, sed opera
996 1027 1833 1074 tiones appetitiuae, & cognitiuae differunt genere; Maior
1001 1069 1842 1120 patet, quia sicut ait Aristo. 3. physicorum, si potentia aegro
996 1113 1750 1152 tandi sunt idem, tunc sanari, & aegrotari erunt idem
1022 1140 1838 1186 4 Praeterea, ea quae sunt in secunda specie qualitatis,
987 1188 1840 1231 differunt realiter ab essentia animae, cum illa sint acciden
1002 1224 1826 1271 tia absoluta, essentia autem animae sit substantia, sed om-
992 1258 1832 1309 nes potentiae animae, tam actiuae, quam passiuae sunt in se
999 1300 1361 1353 cunda specie qualitatis.
1021 1337 1830 1383 T Praeterea, si potentiae animae essent idem realiter quod
996 1376 1844 1426 essentia: tunc vnum indiuisibile fundamentum creatum
993 1414 1838 1467 fundaret simul oppositas relationes, quod est proprium
996 1454 1844 1501 solius essentiae diuinae, cui hoc potest conuenire ratione
999 1494 1841 1541 suae illimitationis infinitae: consequentiam probo: quia
1015 1533 1836 1580 potentiarum animae quaedam sunt actiuae; quaedam passi¬
999 1573 1838 1621 nae; actiuum autem, & passiuum fundant oppositas relatio
1004 1619 1840 1663 nes. Item, cum vna potentia moueat aliam, idem esset mo¬
999 1651 1231 1705 tiuum suiipsius
1047 1679 1875 1735 lstam autem eandem conclusionem probat doctor con
1010 1733 1841 1777 munis quinque rationibus, quae quamuis legitime possini
995 1769 1850 1817 improbari, adducam tamen eas, & recitabo instantias con
1008 1811 1688 1858 tra eas gratia exercitij. Arguit enim primo sic
1050 1839 1841 1898 1 Si anima esset immediatum prrncipium operandi
1002 1887 1849 1929 semper habens animam, semper operaretur opera vitae,
1007 1920 1844 1981 quae sunt intelligere, & velle: quia ficut habens animam
1016 1962 1334 2016 ictualiter viuit, sic &c
1041 1998 1852 2056 2 Praeterea, sicut se habet essentia ad esse, sic se habet
1013 2042 1843 2097 potentia ad agere: ergo permutatim, sic se habebit essen¬
1008 2077 1850 2133 tia ad potentiam, sicut se habet esse ad agere, sed in nulla
1008 2120 1856 2172 creatura esse est idem, quod agere, ergo nec potentia erit
1013 2156 1846 2208 idem, quod essentia; nec cconuerso essentia erit idem quod potentia
1040 2202 1849 2249 3 Praeterea, diuersitas actuum arguit diuersitatem po¬
1011 2239 1857 2295 tentiarum. Sicut enim videmus, quod quia ignis calefa¬
1013 2275 1847 2322 cit, & tedit sursum, oportet, quod distincta, istorum actur
1013 2312 1859 2360 habeat principia, puta caliditatem, & leuitatem, sed intel
1013 2356 1628 2402 ligere, & velle differunt realiter, ergo &c
1044 2394 1853 2444 4 Praeterea, immediatum principium producendi opot
1020 2435 1853 2478 tet esse proportionatum effectui producto; quia in tali prin
1016 2472 1859 2517 cipio producens assimilat sibi productum: cum ergo in¬
1011 2501 1852 2557 telligere sit accidens, immediatum principium produet
1020 2545 1442 2597 uum sui etiam erit accidens
1047 2593 1852 2634 3 Praeterea, actu, & potentia sunt in codem genere, sec
1023 2627 1863 2673 actus intelligendi, & volendi sunt accidentia, ergo poten
1025 2666 1444 2712 tiae eorum erunt accidentia.
1053 2691 1859 2764 4 Praeterca, quidam alter confirmat dictam conclusio
1016 2748 1143 2802 nem sic.¬
1052 2751 1869 2833 lllud, quod de se non dicit ordinem ad actum, sed est
1026 2820 1856 2869 indifferens ad diuersos actus, oportet quod per aliquis
1024 2864 1861 2906 determinetur si aliquem istorum actuum determinati
1025 2896 1867 2948 debet principiare, sed essentia animae est indifferens ad
1029 2943 1870 2990 quemlibet suorum actuum, ergo illud, quo determinatur
1034 2979 1748 3028 ad distinctos actus suos, hoc vocamus potentiam
1070 3022 1867 3070 Sed licet conclusio sit verissima; ista tamen media mu
1038 3055 1475 3125 tipliciter possunt improbari¬
