2321 3549
441 236 1283 296 prum essendi, & aperandi, sed forma substantialis est im¬
438 288 1171 329 mediatum principium essendi, ergo & operandi¬
518 318 1280 364 Praeterea, operatio vitalis est a principio vitali, sec
434 358 1287 404 intelligere, & velle sunt operationes vitales, & sola es¬
445 404 1038 445 sentia animae est principium vitale.
448 440 1287 483 4 Praeterea, sicut iam dictum est, materia immediate
447 480 1279 532 patitur, ergo forma per se, & primo perficiens matetian
446 520 1285 571 immediate agit, iuxta illud 2. de generatione. Formae ess
440 557 956 606 agere, pati vero alterius potentiae
478 598 1286 645 3 Praeterea, illud est immediatum, & proprium prin
446 635 1301 685 cipium actionis, in quo agens assimilat sibi productum; sed
443 678 1222 723 in forma snbstantiali attenditur specifica assimilatio
476 713 1289 767 Et confirmatur: quia si hoc esset forma accidentalis, illa
443 752 847 805 ageret vltra suam speciem
513 791 1290 838 Preterea, forma substantialis potest immediate actu
437 831 1277 877 in se recipere, ergo poterit immediate actum ex se elice
440 872 1290 913 re. Antecedens patet: quia acciperet si accidens suum me¬
448 910 1274 962 diante alio accidente, esset processus in infinitum; conse
445 949 1275 994 quentia probatur: quia enti perfectiori magis debet attri
443 991 1276 1036 bui illud, quod est perfectae conditionis, quam illud, es
437 1031 1281 1084 imperfectae, sed actum elicere est perfectius, quam actun
447 1072 586 1123 recipere.
513 1090 1281 1161 Praeterea, natura est principium motus, & quietis
447 1154 1287 1198 eius in quod est per se, & non secundum accidens, vt di¬
443 1190 1292 1240 citur 2. physicorum: sed natura principaliter dicitur de
447 1225 929 1278 forma, vt ibidem patet, ergo &c.
459 1266 1296 1310 3 Praeterea, Commentator in de substantia orbis ait,
443 1312 1290 1352 qui tollit a re propriam operationem eius, tollit essentiam
446 1345 1289 1394 eius, ergo cum forma substantialis sit vera res, non debet
443 1383 908 1438 ab ipsa negari operatio propria
476 1423 1289 1467 Insuper probant ipsi conclusionem principalem au¬
450 1461 1292 1511 ctoritatibus. Dicit enim Deatus Augustinus 1o. de trin¬
442 1503 1283 1553 quod memoria, voluntas, & intelligentia, sunt vna vita
449 1541 776 1584 vna mens, vna natura
471 1581 1289 1627 Et in libro de spiritu, & anima dicitur de potentiis an¬
447 1623 1286 1671 mae in ordine ad essentiam. Naturales siquidem sunt ei
450 1668 1293 1711 nec aliud sunt quam ipsa; tota videt: tota visorum memi-
431 1701 1283 1747 nit: tota audit, & sonorum reminiscitur: tota odorat, &t.
434 1736 1295 1787 ta sapores sentit: tota tangit, tota simul approbat, & im¬
450 1780 1283 1826 probat: tota est voluntas, & haec omnia adiuncta sunt ani¬
443 1821 1049 1868 mae, vt vna res sit, sed officiis multiplex.
472 1856 1074 1899 Sed nec illa opinio continet veritatem.
458 1894 1284 1937 1 Quia illud, quod est immediatum principium actio
436 1940 1295 1987 nis, nos appellamus potentiam, sed relatio non potest esse
433 1978 1289 2032 principium, nec terminus actionis, vt patet s. physicorum,
444 2012 1175 2065 ergo potentiae animae non possunt esse respectus.
477 2056 1284 2104 2 Praeterea, dato quod essent respectus, cum quae¬
447 2091 1292 2142 dam animae potentiae sint actiuae, vt patet de intellectu
431 2133 1292 2175 agente, quaedam passiuae, vt patet de intellectu possibili¬
429 2171 1277 2216 sequitur illud impossibile, quod respectus oppositi actiui
434 2212 1286 2257 & passiui fundentur simul in eodem indiuisibili funda¬
443 2251 1287 2295 mento: quod sola fide tenemus esse possibile in ipsa diui¬
434 2288 1278 2340 na essentia, vel si qua ratione deberemus hoc sustincre
440 2328 1277 2372 oporteret huiusmodi rationem fundari in diuinae essentia
434 2368 1291 2425 infinitate, quae infinitas animae rationali non conuenit,
444 2403 1127 2449 cum ipsa sit creata, & per consequens limitata
477 2446 1287 2490 Ad primum igitur dicendum, quod maior est vera, sal¬
434 2486 1286 2529 ua semper possibilitate, & veritate, sed illud est impossibi
433 2525 1276 2572 le, vt iam declaraui: propter quod ait Deatus Augustinus
441 2564 1289 2612 quod maior est dissimilitudo, quam similitudo inter ima
434 2608 1287 2657 ginem creatam, & increatam trinitatem: quod forte pro
432 2643 1280 2693 tanto dixit, quod haec fundatur in rebus absolutis, illa at
443 2677 749 2732 tem existit in relatis
477 2718 1283 2772 Ad secundum dicendum, quod dato, quod libertas volunta¬
432 2760 1289 2802 tis sit nobilior omnibus aliis animae proprietatibus, com
431 2799 1278 2847 parata tamen ad animae essentiam, non est nobilior, cun
431 2840 1270 2885 causa sit praestantior effectu. Ipsa autem libertas, & cau
423 2878 1044 2928 saliter, & originaliter manat ab essentia
458 2909 1268 2969 Ad tertium dicendum, quod licet actus non addat su
449 2958 1284 3000 er ens in communi: quia tale additum esset nihil, cum
432 3000 1286 3051 illud, quod additur alteri, formaliter non sit ipsum, ergo
434 3037 1286 3075 tale additum esset non ens, sed actus bene addit, vt inue¬
422 3079 1280 3140 nitur in ente speciali: aequiuocatur etiam de potentia
1353 226 2160 290 quia argumentum procedit de potentia ad esse non au¬
1338 282 2023 322 tem loquimur de potentia ad agere.
1367 316 2163 361 Ad quartum dicendum, quod ratio, & sensus possunt
1334 356 2165 400 dupliciter sumi, vno modo prout ratio dicit animam ra¬
1328 397 2162 445 tionalem, & sensus animam sensitiuam, alio modo, prous
1338 436 2170 482 ratio dicit potentiam rationalem, puta intellectum, &
1335 478 2165 525 sensus potentiam sensitiuam: primo modo ab ipsis sumun¬
1334 518 2172 572 tur differentiae substantiales, non autem secundo modo.
1367 552 2160 597 Ad quintum dicendum, quod accidens vno modo su¬
1334 598 2166 637 mitur stricte, & sic propria passio distinguitur contra ac¬
1334 633 2165 683 cidens, alio modo large, & sic etiam propria passio dici¬
1334 666 2178 722 tur accidens: isto enim modo omne, quod non est substan
1334 710 2171 764 tia, est accidens. Et quia potentiae animae sunt quaedam pro¬
1340 745 2180 795 prietates, siue propriae passiones animae: ideo primo mo¬
1338 788 2166 839 do, scilicet stricte loquens de accidente, Augustinus ne¬
1328 827 1877 888 gat, potentias animae esse accidenti
1368 867 2169 911 Ad sextum dicendum, quod cum potentiae animae sini
1332 906 2173 960 ipsi animae totaliter connaturales, ideo quicquid anima
1334 956 2174 996 attingit mediante sua potentia, hoc dicitur immediate
1330 992 2169 1031 attingere; sicut enim illud, quod videt homo medianti
1331 1029 2180 1079 suo visu, hoc dicitur immediate videre, eo quod visus sit
1336 1067 1688 1113 sibi connaturalis, sic &c
1377 1102 2166 1155 Ad septimum dicendum, secundum quod aliquid es
1331 1145 2183 1199 supra se conuersiuum, sic competit sibi, vt sit principium
1341 1182 2178 1225 actus intelligendi, vel immediate, vel principaliter, puta
1331 1225 2179 1271 si est potentia, competit sibi immediate, si est substantia,
1331 1260 2183 1310 competit sibi principaliter, quamuis non immediate. Etiam
1329 1300 2181 1345 non oportet, quod tale quid intelligat, nisi ipsum esset
1332 1338 2176 1388 separatum, & per se existens; si autem est coniunctum ma
1325 1379 2189 1432 gnitudini non proprie intelligit, sed est ratio, siue prin¬
1333 1419 2178 1467 cipium intelligendi. Propter quod dicitur primo de ani¬
1337 1470 2178 1511 ma, si quis) dixerit animam intelligere, dicit eamatexere
1329 1498 2184 1553 aedificare, cuius ratio esse potest: quia per se agere praesup
1329 1540 2190 1592 ponit per se esse, ergo quamdiu anima non habet per so
1329 1579 1773 1627 esse, non habebit per se agere¬
1376 1618 2193 1670 Ad octauum dicendum, quod non est simile de parti¬
1335 1655 2189 1711 bus vestigij, & partibus imaginis: quia partes vestigij su¬
1328 1697 2187 1749 riuntur penes quaedam communia, quae omne ens simpli
1332 1739 2193 1789 citer consequuntur, & ideo nec differunt a suo fundamen¬
1335 1775 2193 1816 to, nec inter se, nisi sola ratione; sicut ergo loquimur de
1333 1815 2185 1857 bono, & vero, & ceteris consimilibus, quae totum ens eo
1333 1853 2192 1900 sequuntur, sic loquendum est de partibus vestigij, cum ipsa
1325 1893 2202 1935 in ente vniuersaliter reperiantur, partes autem imaginis
1328 1934 2201 1986 consequuntur naturam specialem, & ideo tam a se inui¬
1335 1972 2190 2017 cem, quam a suo fundamento poterunt differre realiter
1356 2013 2198 2057 Ad nonum diceret Doctor noster, quod intellectus
1332 2056 2196 2103 nullo modo potest separari ab essentia animae: quia in se¬
1328 2090 2196 2142 cundo suo super sententias dist. 10. q. 2. expresse dicit, quoi
1328 2130 2206 2171 qualitates ab omni subiecto separari implicat contradi¬
1339 2166 2208 2222 ctionem. De hoc tamen ad praesens non curo: quia alibi
1329 2209 2208 2255 forte oppositum tenebo ad honorem diuinae omnipoten
1332 2255 1755 2300 tiae, quam metiri nequimus
1370 2292 2210 2333 Quidam alter Doctor dicit, quod si separaretur, non
1329 2327 2212 2370 intelligeret; sicut Diaphanum coniunctum quantitati
1331 2367 2219 2418 est ratio recipiendi lumen, si tamen a quantitate separa¬
1329 2409 1827 2450 retur non posset lumen recipere.
1370 2443 2213 2492 Sed illud non valet: quia lumen non est aptum natum
1330 2490 2217 2533 recipi, nisi in re diuisibili, & ideo in separato a quanto
1325 2531 2213 2576 non recipitur. Hoc autem in proposito non obstat, cum
1322 2567 2222 2619 intelligere sit accidens indiuisibile, & ideo quamuis sit
1319 2608 2220 2662 actus manens in eliciente, posset intellectus separatus in
1330 2644 2221 2687 sum elicere, nisi aliud obstet. Dato igitur, quod Deus in¬
1333 2686 2229 2733 tellectum ab essentia animae separaret, & dato quod talis
1322 2726 2228 2768 intellectus separatus intelligeret, dico, quod adhuc non esset
1325 2764 2231 2818 beatus, proprie loquendo de beatitudine: quia non esset
1329 2800 2228 2852 ibi fruitio, & perfectae dilectionis complacentia, sine qua
1323 2844 2240 2889 non potest esse; proprie loquendo, beatitudo: quia fruitio¬
1326 2881 2231 2937 & complacentia sunt proprij actus voluntatis, hic autem
1322 2918 1901 2961 intellectus esset separatus a voluntate
1371 2958 2240 3005 bed forte dices, dato, quod Deus separet intellectum
1329 3004 2243 3051 cum voluntate, vtrum tunc talis intellectus esset beatus
1370 3037 2258 3083 Dico, quod non: quia eo ipso, quod essent separata ab
1334 3081 2256 3137 essentia, & non haberent sabiectum commune, in quo
