2391 3547
217 233 1097 289 coniungerentur, ideo actus vnius potentiae in nullo pos¬
216 290 1088 338 set alteri cooperari, ita quod complacentia voluntatis in
234 320 1087 366 nullo causaret, aut augeret delectationem intellectus, nec
229 362 1093 414 speculatio intellectus, quantum ad ostensionem oblecti
222 403 1085 450 diligibilis in nullo posset cooperari dilectioni voluntatis
231 438 1089 500 & hoc stante illa hypothesi, quod essent penitus separata
225 483 1028 527 a subiecto, & nullum haberent subiectum commune¬
260 529 1073 569 Ad decimum dicendum, quod sicut non quaelibet re
232 561 1082 608 materialis est sua potentia passiua, sed sola prima materi¬
225 596 1088 649 fic etiam non quilibet actus substantialis, vel quaelibes
234 635 1085 687 forma substantialis est sua potentia actiua, sed solus pri¬
228 675 1083 730 mus, & purus actus, siue prima substantia, quae est ipse Deus
263 717 1081 766 Ad dictum Commentaroris dico, quod quamuis trans
225 761 1086 804 mutatio faciat nos scire, quod materia sit pura potentia
228 789 1080 844 nulla tamen operatio facit scire, quod aliqua forma citr¬
230 827 1082 881 Deum sit purus actus. Et ideo licet in aliquo sit simile, in
225 867 944 928 illo tamen, quod ratio concludit, non est simile
271 915 773 962 Ad vndecimum, nego minorem
285 921 1086 1001 Ad probationem pimam dico, quod forma substantia¬
225 988 1083 1040 lis est, principium agendi principale; accidentalis autem
243 1031 1085 1084 est principium immediatum, nulla enim substantia crea¬
231 1074 1070 1119 ta est principium agendi immediatum, vt patet 7. meta
230 1107 1086 1160 physic, expresse per Commentatorem, & idem patet per
238 1147 1070 1198 philosophum in lib, de sensu & sensato, vbi sic ait. lgni¬
228 1182 1075 1236 & terra, & quodcumquae aliud secundum id, quod est es
231 1223 1081 1274 sentialiter, non est natum agere vel pati, sed secundum
233 1263 686 1320 quod habent cont rarietatem
266 1289 1072 1354 Ad probationem dico, qood licet simul agere, & princ
224 1344 1081 1400 paliter, & immediate sit maioris perfectionis, hoc tamen
239 1391 1072 1438 proprie in nulla creatura reperitur, sed in solo creatoro
235 1425 1082 1474 quia in creaturis substantia agit mediante accidente, &
233 1460 1085 1505 ideo non immediate, & accidens agit in virture substan¬
231 1499 1082 1550 tiae, & ideo non principaliter. Dato igitur quod simul non
237 1549 1082 1592 concurrant in eodem, sed necessario sumantur distincte
230 1576 1079 1631 tunc agere principaliter est multo maioris perfectionis
240 1615 609 1670 quam agere immediate.
275 1631 1088 1707 Sed Forte dices, accidentia in sacramento altaris sinc
230 1692 1085 1739 subiecto subsistunt, & tamen agunt immediate, & per con
231 1738 1083 1786 sequens concurrunt in eodem creato agere immediate;
233 1771 1076 1826 & agere principaliter, cum nullum sit subiectum virtutu
240 1816 403 1868 cuius agat.
284 1825 1079 1905 nespondeo, quod non minus agit in virtute sustentan¬
236 1887 1081 1933 tis, cum separatum est a subiecto, quam prius: quia sicut
241 1926 1088 1980 fingulariter a Deo sustentatur, sic specialiter virtute Dei
230 1976 1076 2022 agit. Posset etiam dici, quod tale accidens cum separatu
234 2014 1082 2061 in suis naturalibus, in nullo penitus corrumpitur, aut mu
233 2050 1088 2100 tatur; & ideo separatur cum illa virtute, quam habuit prius
233 2085 1086 2138 ex illa naturali coniunctione cum subiecto. Sicut igitur
227 2129 1080 2174 semen animalis ab eo decisum dicitur generare non in
237 2166 1077 2216 virture propria, sed in virtute illius animalis, a quo deci
231 2204 1076 2249 sum est, dato etiam quod tale animal sit corruptum, sic t.
244 2244 1077 2285 le accidens, quamuis sit separatum, agit in virtute illiu
230 2283 1088 2335 subiecti, in cuius virtute competebat sibi agere, quando
244 2322 1076 2379 coniunctum erat. Exemplum etiam de graui, quod phili
233 2366 1083 2415 sophus 8. physicorum dicit se deorsum mouere in virtu¬
239 2414 1082 2454 te generantis, quod tamen graue suo generanti pro tunc
236 2438 1081 2493 quando se mouet non apparet esse coniunctum: quia ge¬
233 2476 668 2535 nerans potest essc corruptum
272 2490 1089 2577 Ad secundam probationem dicendum, quod illud, quod
240 2551 1082 2610 dat immediate esse substantiale, cum sit substantia, non
239 2606 1081 2657 debet immediate agere, sed principaliter, vt iam patuit.
283 2632 1079 2688 Ad tertium dicendum, quod tam intellectus, qua
248 2684 1076 2727 etiam voluntas potest dici principium vitale, eo qud imme
237 2713 1085 2761 diate fundatur in essentia animae, quae principaliter dici¬
242 2753 1095 2803 tur principium vitale, eo quod omnis vitalis operatio prin¬
241 2795 497 2846 cipaliter sit ab ea
296 2811 1079 2883 od quartum dicendum, vt superius dictum est, vel po¬
227 2873 1087 2924 test dici, quod non est simile: quia actus, ad quem materia
241 2921 1079 2961 est in potentia, primo, & principaliter est forma spbstan¬
231 2949 1081 2996 tialis, & ideo sua potentia potest esse substantia, sed actus;
230 2987 1075 3046 ad quem anima est in potentia, est accidens, & ideo anima
240 3025 681 3080 potentia debet dici accidens
270 3049 1075 3127 Ad quintum dicendum, quod illud, in quo producen
1141 238 2009 315 assimilat sibi productum, est principium principale, non
1143 290 1485 344 autem immediatum.
1170 335 2010 389 Ad confirmationem dicedum, quod non repugnat ali
1141 376 2000 424 cui in virtute alterius agere vltra suam speciem, quamuis
1131 408 1748 457 hoc sibi repugnet in virtute propria.
1174 428 1989 505 Ad sextum nego consequentiam. ad probationem di¬
1143 490 1994 544 co, quod illud, quod est perfectius, puta agere principaliter,
1155 529 1748 580 est nobilius quam agere immediate.
1170 553 1983 624 Ad septimum dicendum, quod quia natura principalite
1137 601 1980 661 dicitur de forma substantiali, ideo talis forma est princi
1149 651 1986 707 ale principium per se ipsum, & motus, & quietis eius
1143 678 1305 732 in quo est.
1179 721 1985 776 Ad octauum dicendum, quod non tollimus a forma sub
1133 740 1983 827 stantiali propriam operationem: quia dicimus, quod sit prin¬
1140 798 1914 855 cipium principale eius, quamuis non immediatum.
1181 831 1980 894 Ad dictum Augustini dicendum, quoed anima praedicatur
1134 872 1988 920 de suis potentijs praedicatione causali: qua praedicatione
1149 916 1982 970 quodlibet subiectum praedicari potest de sua propria pas¬
1134 952 1989 1003 sione. lsto enim modo dicit Arist. in de sensu. & sensato;
1140 997 1994 1042 que odor est fumalis euaporatio. Quia autem Augustinus
1131 1028 1988 1079 dicit, vna mens, vna vita, vna natura, per hoc vult exclude
1134 1071 1983 1128 re pluralitatem animarum, quasi diceret, hae tres poten¬
1139 1114 1979 1152 tiae non sunt tres animae, sed sunt tres proprietates eius¬
1130 1154 1985 1205 dem naturalis animae. Consimiliter enim posset aliquis
1131 1190 1985 1237 dicere: caliditas, siccitas, & leuitas, sunt vnus ignis: quia
1134 1227 1980 1288 sunt proprietates eiusdem ignis. Potest etiam dici, quod
1131 1274 1971 1323 triplex est totum, scilicer totum vniuersale, totum inte¬
1130 1315 1983 1364 grale, & totum virtuale. Primum totum, scilicet totum
1138 1352 1971 1403 vniuersale reseruatur in qualibet sua parte secundum
1132 1387 1979 1440 se sumpta, & secundum essentiam, & secundum virtutem;
1141 1428 1976 1475 pecundum, nec secundum essentiam, nec secundum virtu
1128 1473 1970 1521 tem; Tertium, quamuis non secundum essentiam, tamer
1127 1510 1979 1556 secundum virtutem. Et ideo primum praedicatur de qua
1134 1542 1967 1592 libet sua parte essentialiter, & virtualiter, siuc causaliter
1134 1588 1971 1639 pecundum nec essentialiter, nec causaliter; Tertium quam
1128 1625 1979 1687 uis non essentialit er: tamen virtualiter, siue causaliter de
1134 1654 1640 1714 qualibet sui parte potest praedicari
1160 1709 1967 1746 Ad aliud dicendum, quod ille liber non reputatur auten¬
1125 1720 1978 1791 ticus: dicitur enim, quod ille liber non sit factus per Augusti
1128 1778 1976 1827 num, sed per quendam fratrem ordinis Cisterciens. Posset
1131 1818 1971 1868 tamen ad illam auctoritatem eodem modo responderi
1137 1852 1764 1909 sicut iam dictum est ad auctoritatem Aug¬
1167 1877 1971 1949 Est etiam adhuc opinio medium tenens inter praedi¬
1129 1917 1999 1982 cta, quae ponit, quod anima respectu illarum operationum,
1134 1978 1968 2024 quibus non communicat corpori, est sua potentia, sed res
1140 2013 1965 2056 pectu illarum, quibus communicat corpori, differt reali¬
1127 2056 1677 2105 ter a sua potentia. Ratio primi est ill¬
1167 2077 1964 2136 1 Si intellectus intelligeret per aliquam qualitatem
1140 2130 1967 2172 leterminatam, & non immediate per seipsum, tunc intel
1131 2170 1976 2213 lectus non esset oppositorum, nec posset omnia intellige
1125 2211 1970 2254 re. consequens est falsum: quia potentiae rationales sunt
1129 2251 1974 2296 ad opposita, & 3. de anima dicitur, Necesse est intellectu
1138 2286 1971 2340 quia omnia intelligit, immixtum esse; probatur consequen
1138 2325 1961 2375 tia: quia agens determinatum per aliquam qualitatem non
1134 2364 1970 2419 agit, nisi secundum determinatam rationem; ergo si ani¬
1128 2401 1976 2464 ma intelligeret per potentiam, quae est qualitas determi
1134 2440 1520 2502 nata, tunc posset in omnia
1161 2456 1970 2531 2 Praeterea, naturae rationali ex hoc, quod est separata a
1124 2520 1957 2570 materia, conuenit intelligere, sed anima per suam essen
1139 2559 1965 2618 tiam est separata a materia: quia secundum substantiam
1137 2598 1608 2650 uam non est educta de materia,
1169 2641 1959 2700 Rationes secundae conclusionis omitto: quia conclu¬
1137 2674 1372 2728 sionem concedo
1167 2715 1958 2768 Sed prima conclusio non valet: quia intellectus possi¬
1130 2753 1959 2804 bilis est omnia fieri, 3. de anima, & ibidem ait Commer
1134 2803 1964 2843 tator, qued intellectus possibilis est pura potentia in genere
1124 2839 1952 2884 intelligibilium. Intellectus vero agens est omnia facert
1133 2875 1963 2924 & est actu ens, vt dicitur ibidem, sed impossibile est, quoc
1128 2918 1959 2965 vnum, & idem realiter indistinctum sit actu ens in aliqus
1128 2959 1954 3001 genere, & sit pura potentia in eodem, ergo ipsa anima enm
1125 2998 1955 3048 est realiter idem omnibus suis potentiis, quarum opera
1132 3023 1653 3073 tionibus non communicat corpori.
1160 3065 1959 3133 Ad primum ergo nego consequentiam, potest tamet
