2350 3509
197 209 1028 288 Sed illa opinio directe videtur esse contra determinatio
165 282 1034 321 ne sanctae matris ecclesiae, ideo tanquam erronea est peni
159 319 1018 361 tus respuenda. Omne enim, quod generatur, accipit essi
170 361 1019 407 ab alio, & dicitur relatiue ad ipsum, sed diuina essentia non
176 392 1027 444 dicitur relatiue, siue ad aliud, sed ad se, nec accipit esse ab
164 436 996 482 alio, sed omnia habent esse a diuina essentia, ergo &c
212 472 1025 514 Forte dices, vt in filio est, accipit esse ab alio, sia patre.
171 512 1025 555 Non valet quia etiam secundum te, eadem essentia peni
178 552 1022 593 tus indiuisa, quae est in filio, est in patre, & in patre non
181 591 1015 634 habet esse ab alio; si ergo in filio habet esse ab alio, tun¬
182 632 1028 679 vmum, & idem penitus indiuisum, & simpliciter absolutum
174 667 1022 724 habebit esse ab alio, & non habebit esse ab alio, quod est
174 705 552 755 euidens contradictio.
213 750 1022 794 Ad primum dicendum, quod maior est auctoritas ec¬
174 789 1017 839 clesiae orthodoxae, quae in generali concilio determinauis
178 823 1020 868 hanc opinionem esse erroneam, quam sit auctoritas Ri¬
180 864 1019 912 chardi, vel cuiuscunque alterius doctoris sancti; pot tamen
179 902 1016 953 Richardus excusari: quia determinatio concilij videtur
177 949 1029 993 venisse post illa dicta fichardi, quamuis illi non sint ex¬
174 977 1021 1027 cusabiles, qui contra illam concilij determinationem to
171 1019 901 1072 mere alserere praesumunt opinionem praedictam
206 1062 1022 1110 Ad secundum dicendum, quod Augustinus per talia verba
174 1101 1012 1150 non intendit dicere essentiam esse genit am, sed commu
177 1138 1027 1186 nicatam. Etiam potest sic exponi, pater genuit illud, quod
179 1177 1021 1221 en substantialiter: quia sicut pater est in filio secundum
183 1214 1018 1260 nostantiam, vt patet loan. I4 sic pater est filius substan¬
193 1251 1025 1297 ater, siue secundum substantiam: quia sunt vna substan
188 1292 1014 1344 AEt cum ait, deitas Christi nata est, debet exponi; id est, i
185 1334 1013 1375 muitatem communicata est a natura patris tanquam.
189 1375 1016 1420 mneipio, quo pater producit, vt superius etiam exposu
170 1406 1016 1449 A actoritates, & eodem modo dicendum est ad di¬
177 1443 588 1492 cum Hilarij simili modo.
207 1486 1026 1528 Ad tertium dicendum, quod sapientia supponit pro perso
165 1524 1019 1574 naflu, & non essentia, & hoc non ratione minoris abstra
157 1564 1016 1610 cionis, sicut videtur argumentum praetendere, sed ratio.
165 1603 1024 1648 ee appropriationis: quia licet sit communis tribus, appro
160 1651 1026 1699 retatur tamen filio: essentia autem sic est communis, quod
160 1679 473 1730 nalli appro priatur.
182 1715 1019 1768 Od quartum dicendum, quod magister non accipit ibi es¬
150 1761 1012 1797 sentiam pro persona, sic, quod essentia sit gignens, vel ge¬
155 1798 1022 1844 nita, sed vult per hoc exprimere, quod gignens, & geni¬
158 1836 1020 1894 tum sint idem in essentia, quamuis differant realiter re¬
180 1873 395 1922 cione diuina
196 1914 1022 1956 Ad quintum dicendum, quod patet eius solutio per
161 1954 1020 1998 ra quae dicta sunt in primo articulo, solutione tertij, &
182 1990 444 2045 tarti argumenti
135 2029 1023 2085 Seeundo contra praedictam veritatem sunt quidam,
179 2072 1021 2119 ramuis non ita directe, sicut illi iam dicti, dicetes, quod
164 2113 1011 2154 rima essentia non generatur per se, sed gencratur per ac
144 2149 1015 2198 Aena Primam conclusionem cum suis rationibus concu
152 2187 1017 2239 do ideo motiua eorum, quo ad hoc non adduco ad pre
158 2230 976 2278 . Secundam autem conclusionem ipsi probant sic
162 2266 1021 2314 T Vbicunque compositum, vel habens se ad modum
147 2314 1025 2357 compo sati generatur per se ibi componentia, vel haben¬
147 2347 1018 2394 se ad modum componentium, generantur per accidens. il
147 2386 1025 2431 patet quia dato bene, quod componentia sint priora compo
148 2416 1023 2475 Sto, tamen secundum esse, quod habent in composito, sunt
162 2472 1016 2512 periora composito, & per consequens vt sic gencrantui
158 2502 1017 2547 generationem composit, sed filius, qui per se genera¬
152 2538 1016 2592 torm dininis, secundum nostrum modum intelligend
156 2589 964 2629 ponitur ex diuina essentia, & relatione, ergo &c.
165 2613 1021 2667 2 Praeterea, quamuis secundum nostrum modum in¬
176 2653 1031 2704 eendi essentia praeintelligitur habere esse antequam
174 2691 1018 2743 D o, tamen secundum modum essendi, quo est in fi¬
153 2731 1026 2785 Tonom pot est praeintelligi: quia secudum illum modum
163 2776 1024 2817 endi non est in patre, ergo saltem secundum talem mo
160 2809 651 2868 dum essendi essentia generatur
238 2847 1028 2905 Draeterea, id, quod generationi secundum nostrum
173 2889 1025 2943 nedum intelligendi praeexistit, & per actum genetatio¬
153 2937 1010 2979 n nit in se lormam, cum qua vnum suppositum con
158 2961 1022 3017 Pinat, quod proprie generatur, illud videtur esse subiectu
228 3016 1013 3057 racionis, & per consequens per accideus gencratur
167 3044 1025 3103 entia diuina est huiusmodi, ergo &c. probatio illius:
1089 227 1919 301 quia per actu generationis accipit in se filiationem, cum
1082 276 1631 337 qua constituit suppositum ipsius filij
1098 315 1925 372 4 Praeterea, philosophus metaph 7. ait, quod compositum
1070 364 1925 411 genetatur per se, forma vero, & materia generantur per
1071 403 1937 442 accidens: sed essentia diuina in generatione filij videtur
1071 440 1913 493 habere rationem materiae, cum sit eadem in vtroque ter¬
1078 477 1695 523 mino generationis, puta in patre & filio.
1116 515 1914 561 Et confirmatur: quia omi potentiae actiuae correspondet ali
1076 561 1937 611 qua potentia passiui; sed in patre oenerante est aliqua poten
1073 596 1936 639 tia actiua, qua generat, ergo in filio genito erit aliqua po¬
1071 637 1906 677 tentia passiua, qua generatur: haec aut non pot esse nisi es¬
1067 670 1907 716 sentia diuina, ergo &c. Item si in diuina generatione ef
1064 711 1917 757 sentia non teneret locum materiae, tunc filius non genera¬
1071 747 1906 796 retur, sed potius crearetur consequens falsum est, & he¬
1067 794 1905 840 reticum, probatur consequentia: quia illud, quod non fi
1074 827 1905 875 ex aliquo, illud fit ex nihilo, & per consequens creatur.
1080 865 1829 910 sed illud, ex quo fit aliquid, habet locum materiae.
1082 906 1911 958 3 Praeterea, passiua generatio in aliquo signo priori¬
1070 947 1901 987 tis praecedit filium genitum: igitur vt sic precedit, aut sul
1073 982 1906 1032 sistit in se ipsa, aut in essentia: non in seipsa: quia secudum
1070 1019 1904 1075 Aug. nulla relatio potest seipsa subsistere, ergo in essen¬
1071 1064 1901 1104 tia, & per consequens essentia saltem per accidens gene
1080 1102 1909 1147 tatur: quia omne illud, in quo est passiua generatio, ali¬
1089 1137 1395 1196 uo modo genetatur.
1154 1146 1910 1229 Praeterea, si pater genuisset filium de substantia alie
1073 1223 1903 1266 na, illa substantia per accidens fuisset genita, ergo eu genuit
1067 1259 1913 1302 cum de substantia propria sua substantia aliquo modo dicet
1073 1294 1901 1337 esse genitae quia si ignis generaret aliquid de sua substanti¬
1079 1335 1902 1387 non minus sua substantia diceretur generari, quam dicatur ge
1065 1372 1898 1418 nerari aliena substantia, si ex ea ignis aliquid generabit
1101 1407 1492 1459 Sed illa non concludunt.
1139 1444 1904 1495 Quia illud, quod generatur per accidens, non habet
1068 1489 1903 1531 esse per se, sed solum sibi competit esse per esse illius, quod
1083 1530 1904 1580 teneratur per se, sed essentia diuina non habet esse per sup
1071 1566 1898 1615 positum, sed magis econuerso. Omnis enim natura, qua
1065 1602 1908 1649 acquirit esse in supposito, non est suum esse, nec per con¬
1070 1646 1913 1697 sequens est de se formali necesse esse, quae omnia sunt fal
1071 1680 1529 1723 sa, loquendo de diuina essentia
1086 1731 1905 1773 2 Praeterea, essentia per generationem communicata,
1066 1762 1908 1802 in qua nullum esse, quod praehabuit, corrumpitur, nec ali¬
1074 1798 1907 1849 quod nouum esse inducitur, illa non generatur per accidens
1077 1840 1900 1891 ad modum materiae: essentia diuina in generatione filij ess
1077 1877 1905 1928 huiusmodi, ergo &c. maior patet: quia ex hoc di materia
1073 1917 1899 1958 naturalis per accidens generari: quia esse, quod praehabuit.
1074 1957 1911 1995 corrumpitur, & nouum esse in ipsam inducitur; illarum igi¬
1064 1993 1904 2042 tur conditionum dato opposito, debet etiam concludi op¬
1071 2040 1908 2083 positum; minot patet quo ad illam parte, quod nullum esse
1071 2072 1911 2124 essentiae diuinae corrumpitur per diuinam generationem.
1087 2111 1906 2155 robo eam, quo ad alteram partem, scilicet quod per illam
1076 2158 1897 2198 penerationem nullum esse nouum in ipsam inducatur
1068 2200 1902 2241 quia actus infinitus actiuari non potest per aliquam super
1074 2226 1914 2287 uenientem actualitatem: quia infinitum non capit addi¬
1070 2265 1731 2309 tionem, sed essentia diuina est actus infinitus
1106 2303 1911 2343 Et confirmo hoc idem sic, quia omne perfectibile, & re
1064 2341 1902 2394 cipiens esse, habet rationem potentiae passiuae, quae actu
1078 2381 1907 2431 puro simpliciter repugnat, & per consequens necessario
1064 2420 1904 2477 repugnabit essentiae diuinae, quae est actus omnino purus;
1070 2456 1379 2511 vt patet, 12. metaph¬
1092 2472 1910 2542 3 Praeterea, id, quod generatur per accidens, non habet
1073 2540 1903 2587 esse, nisi in eo, quod generatur per se: sed diuina essentia
1073 2574 1906 2635 non habet esse in solo filio, sed illud idem esse, quod ha¬
1067 2614 1706 2657 bet in filio, habet in patre, & spiritu sancto.
1143 2653 1901 2695 Praeterea, quandocunque aliquid generatur per
1064 2695 1914 2740 accidens, necesse est esse suum differre ab esse generan¬
1078 2731 1914 2777 tis; sed esse diuinae essentiae non differt ab esse patris,
1071 2769 1194 2823 ergo &c.
1116 2804 1904 2848 Ad primum ergo dicendum, quod aliquod componentium
1071 2847 1902 2897 sic shabet, quod nec dimittit esse, quod habuit ante illud com¬
1080 2897 1901 2937 positum, nec acquirit esse in composito,. de illo maior est sim¬
1083 2921 1907 2973 liciter falsa, sed essentia diuina est huiusmodi, vt patuit,
1074 2963 1910 3014 ergo &c. Etiam posset dici, quod filius nec est composi¬
1074 3003 1920 3053 tus, nec habet se ad modum composit: quia, sicut infra pa
1077 3039 1849 3102 tebit, persona diuina est aeque simplex, sicut essentia
