2317 3543
482 244 1319 322 Ad secundum dicendum, quod ratione illius modi os¬
450 302 1305 352 sentia diuina, vt est in filio, dicitur communicata, non ta¬
461 348 1136 393 men propter talem modum debet dici genita
488 367 1299 433 Ad tertium dicendum, quod maior est vera, si id, quod
446 423 1308 469 appellas ibi subiectum, recipit esse a tali forma, & actua¬
456 463 1307 508 tur & perficitur ab ea: sed essentia diuina non recipit esse a
449 496 1295 549 filiatione, nec actiuat, nec perficitur per ea, ergo non valet
498 533 1295 591 Ad quartum dicendum, quod forma, & materia dicuntus
462 582 1299 635 generari per accidens: quia per generationem capiunt non
449 617 1015 665 uum esse, ecod prius non habuerunt.
494 651 1308 705 Ad minorem, & ad suas confirmationes patebit in quar¬
443 697 645 754 to principali
494 725 1296 784 Ad quintum dicendum, quod nullum prius est in diui¬
452 768 1301 822 nis, in quo passiua generatio ante subsistat, quam filius sit
459 820 1305 871 genitus, sicut infra patebit, cum materiam de priori, & po
448 851 860 905 steriori in diuinis tractabo.
491 870 1293 944 Ad sextum dicendum, quod si pater aliquid produce¬
458 927 1305 982 ret de aliena substantia, illa posset dici producta, eo quod
455 970 1311 1026 caperet nouum esse per talem productionem: sic autem
456 1009 783 1069 non est in proposito.
582 1079 1204 1156 ARTICVLVS III.
504 1171 1242 1232 Vtrum Diuima essentia debeat dici formalis
662 1214 1092 1296 terminus actus notionalis.
524 1292 1314 1370 VANTVM ad tertium principale, vtrum diuina es
455 1332 1313 1425 Csentia debeat dici formalis terminus actus notiona
454 1395 1305 1457 lis, dico quod essentia diuina est formalis terminus actus
464 1440 1311 1497 notionalis, siue ipsius generationis, de qua ad praesens
451 1487 625 1541 loquimur.
467 1486 1298 1576 1 Quia id est formalis terminus generationis, quod:
466 1553 1314 1620 generante ipsi genito taliter communicatur, quod genitum
474 1590 1314 1650 eneranti in ipso principaliter assimilatur: essentia diuina
465 1629 1301 1687 est huiusmodi, ergo &c. maior patet, quia illud, in quo si¬
473 1672 1296 1733 tit finalis intentio generantis videtur habere rationen
464 1709 1299 1769 termini generationis; sed finis generantis est assimilare s
458 1752 1308 1807 bi genitum, siue producere sibi similes; minor patet de se:
465 1786 1300 1855 quia filius in relatione a patre distinguitur : sed in essen¬
458 1831 944 1893 tia sibi perfectissime assimilatur,
501 1843 1307 1922 Forte dices, quod in essentia non est in diuinis assimilatio,
470 1903 1311 1961 ed totalis identitas: quia vnitas in substantia est identi¬
460 1943 1113 2007 tas, vnum autem in qualitate est similitudo.
494 1983 1299 2043 Respondeo quod sicut qualitas in diuinis, puta boni¬
470 2020 1314 2079 tas, vel sapientia, est substantia, sic similitudo in diuinis est
461 2062 1313 2121 identitas: omnis enim perfecta similitudo, in qua nihil dis¬
465 2114 1310 2157 simile reperitur, pot, & det dici identitas, & econuerso.
473 2140 1299 2196 2 Praeterea, in diuinis est vera generatio, ergo termi-
462 2178 1298 2238 nus eius formalis est substantia; antecedens patet ex prae¬
465 2221 1296 2277 cedentibus, sed probo consequentiam: quia Vt patet. 5
473 2260 1311 2311 physico, sicut vera alteratio terminatur ad qualitatem, &
465 2306 1308 2352 augmentatio ad quantitatem, sic vera generatio ad sub¬
458 2346 1314 2393 stantiam, cum igitur in diuinis non sit substantia, nisi di¬
461 2386 798 2436 uina essentia, ergo &c
506 2412 1320 2470 Sed contrarium istius quidam tenentes arguunt multi
476 2453 1188 2513 liciter contra illam conclusionem. Primo sic.
545 2477 1305 2547 Omnis terminus formalis alicuius productionis ca¬
479 2532 1308 2588 it esse per talem productionem, sed essentia diuina non
472 2570 1305 2627 capit esse per generationem, tum quia vere est in patre,
480 2607 1303 2665 secundum idem esse, quo postea habet esse in filio; illuc
469 2648 1320 2706 autem quod actu est ens generari non potest, ut patet pri
473 2691 1299 2746 mo physicorum, tum etiam quia ad oppositum istius mi
462 2736 1308 2789 noris sequitur contradictio, scilicet quod eadem res haberet
464 2765 1311 2827 esse a se, & haberet esse ab alio, & vnuni, & idem caperet
467 2808 806 2870 esse, & non caperet esse
508 2827 1311 2901 Praeterea, ipsi ponunt immediate alias duas rationes,
486 2883 1310 2949 uae solum uidentur esse probatio maioris ia dictae rationis,
497 2925 1317 2978 1 Primo sic, quamuis terminus relationis non capiat
473 2962 1311 3022 esse per relationem, tamen formalis terminus productio¬
461 2999 1323 3060 nis necessario capit esse per productionem. Hanc differentiam
463 3039 1308 3101 inter relationem, & productionem ponit Simplicius su¬
472 3079 1310 3152 per praedicamentis, sed generatio diuina est vera produm.
1326 248 1551 312 ctio, ergo &c.
1361 260 2180 345 2 Item, sicut formale principium actionis est illud, que
1356 330 2180 393 gens agit, sic formalis terminus est, quo actum agitur;
1340 380 2184 421 sed propter quod vnumquodaue tale, & illud magis; er¬
1348 403 2193 469 go formalis terminus productionis magis capit quodlit exvi
1349 448 1943 506 productionis, quam ipsum productum
1368 486 2248 545 3 Item confirmant hoc per Commentatorem, quia 7. con
1353 525 2178 576 metaphysicae, ait. quod quia subiectum formae non habet es¬
1350 564 2178 618 se nisi per formam, ideo actio agentis non dependet a su¬
1349 603 2186 659 biecto, nisi secundum quod dependet a forma: & inde est, quod
1355 641 2183 701 generat formam, immo non generat subiectum, nisi qui
1355 692 1619 744 generat formam.
1358 727 2184 774 2 Praeterea, illud, quod in altero praeexistens alicui ge
1349 767 2189 812 nito communicatur, non est formalis terminus generatio
1346 798 2202 849 nis: propter hoc enim cum ex aere sit ignis, raritas praeexi
1356 843 2196 897 tens in acre, postea existens in igne, non est formalis ter¬
1345 875 2284 937 minus istius generationis. Et ideo secudum Comentato. cap. 1
1356 908 2293 968 tem in de substantia orbis, & 4 coeli & mundi, dimesiones com. 4
1340 958 2192 1015 sunt ingenerabiles, & incorruptibiles, pro eo que manent
1343 998 2193 1049 eedem in genito, quae preexistebant in corrupto, sed es¬
1343 1036 2196 1089 sentia vere existens in patre communicatur filio, ergo &e.
1419 1079 2196 1133 Praeterea, sicut in mortuorum resurrectione, quam¬
1349 1106 2198 1164 uis anima vniatur corpori, & ipsum viuificando constituat
1346 1163 2195 1214 personam humanam, non tamen dicitur in tali vnione
1347 1190 2203 1247 anima esse terminus alicuius generationis, ex eo quod prae¬
1333 1229 2204 1280 existebat ante illam vnionem, sic quamuis diuina essentia
1352 1272 2196 1327 vniatur filiationi ad constitutionem personae filii, non ta
1359 1309 2190 1360 nen dicetur terminus generationis, eo que in patre praee¬
1348 1352 1802 1407 xistere intelligitur tali vnioni
1420 1380 2202 1443 Praeterea, omne producens habet habitudinem rea
1350 1441 2208 1481 lem ad terminum suae productionis; sed pater non habet a¬
1349 1466 2199 1526 liquam habitudinem realem ad essentiam, vt est in filio;
1364 1511 2208 1563 uia extrema realis habitudinis differunt realiter, pater
1355 1549 2060 1603 autem non differt realiter ab essentia, ergo &c
1408 1573 2215 1647 Quidam alij ad idem arguunt sic. Formalis termi¬
1352 1633 2202 1680 nus generationis generatur saltem per accidens, sed essen¬
1343 1676 2081 1722 tia diuina nec generatur per se, nec per accidens
1363 1710 2207 1756 e Praeterea, idem numero non potest esse principium
1364 1738 2217 1794 enerationis, & terminus, sed essentia diuina est princi¬
1362 1787 1793 1841 ium generationis, ergo &c
1364 1806 2211 1878 3 Praeterea, termins generationis realiter distinguit a
1362 1871 2220 1919 generante, sed essentia diuina non distinguit a patre, ergo &c.
1385 1898 2218 1951 Sed istam doctrinam non capio posse stare, salua veritate,
1361 1937 2222 2003 quia si essentia diuina non esset terminus generationis
1352 1976 2213 2029 ipsius filii, tunc filius ex vi paternae generationis non esset
1349 2016 2227 2074 Deus consequens est falsum, & quasi vndique contra di¬
1356 2068 2228 2110 cta sanctorum, consequentiam probo: quia filius non est Deus
1361 2096 2226 2155 nisi ratione deitatis, quam habet a patre, haec autem dei¬
1359 2135 2230 2186 tas, vt est in filio, non respicit generationem sub ratione
1367 2173 2226 2228 rincipij; quia, ut sic, est in patre, nec sub ratione generan¬
1363 2215 2220 2271 is, quia ipsa non generat, nec sub ratione totalis termi¬
1350 2261 2235 2310 ni: quia talis terminus est ipse filius: igitur non poteris fin
1371 2293 2232 2347 ere aliquam habitudinem, sub qua essentia diuina, vt est
1358 2332 2226 2390 n filio, respiciat generationem, nisi habitudinem, siue ra¬
1355 2376 2225 2428 tionem formalis termini, qua negata, non poteris dicere,
1355 2412 2242 2478 quoe per essentiam diuinam aliquid competat filio virtute
1365 2463 2229 2510 generationis, nec per consequens filius esset Deus uirtu¬
1351 2490 2237 2544 te diuinae generationis: quia hoc praedicatum competit
1350 2531 1946 2584 filio per ipsam essentiam, ut est in filio.
1367 2559 2244 2629 2 Praeterea, relatio diuina, puta filiatio non pot esse for
1361 2610 2232 2661 malis terminus generationis, ergo essentia erit huiusmo¬
1347 2655 2244 2698 diterminus; consequentia patet: qa in filio nihil poterimus
1367 2687 2244 2740 ssignare pro huiusmodi termino, nisi filiationem, uel es¬
1352 2729 2250 2778 sentiam: Antecedens probo: quia ut patet 5. physicorum,
1353 2762 2240 2822 Relatio nec potest esse principium actionis, nec terminus;
1393 2802 2257 2859 Ad primum igitur dicendum, quod maior non est vera, ni
1355 2843 2319 2902 si in tali productione, vbi productum prius fuit in potentia So
1352 2883 2252 2935 ad esse, quam actu existeret, & vbi natura producti, quae
1349 2922 2243 2979 est terminus productionis, aliquo modo differt realiter
1351 2965 2259 3015 a natura producentis, quae est principium productionis;
1363 3007 2256 3054 ed omnia ista deficiunt in proposito: quia productum in
1352 3050 2244 3091 diuinis numquam fuit in potentia ad esse, cum ab aeternd
1355 3077 2260 3143 actualiter habuerit esse, & sit purissimum necesse esse
