2385 3535
222 259 1072 330 cerba. Secunda istarum partium diuiditur in tres partes:
218 322 1070 365 Ea primo magister respondet ad rem, & secundum ve¬
201 359 1071 403 m Secundo dat istantiam ad hominem, Et tertio
219 407 1063 450 opicit contra praedictam responsionem. Secunda ibi, Di
213 441 1065 489 tcamus igitur verbum. Tertia ibi, Sed contra haec opponi¬
226 478 1061 520 tur; Et haec in duas: quia primo ponit huiusmodi obie¬
221 517 1077 561 ctionem, Secundo annectit eius solutionem. Secunda ibi,
228 555 1067 604 Haec autem facile est refellere &c. Quia magister in ista
221 596 1067 648 distin. dicit, quod Deus non omnia vult sua voluntate, quae
217 634 773 688 scit sua scientia; gratia istius quaero.
519 711 785 771 Quastio I
231 796 1044 865 An scientia, & voluntas, ac ceterae perfectiones
363 843 957 911 in Deo differant inter se formaliter
538 912 774 963 ex natura rei.
219 1383 1070 1437 VTRVM scientia, & voluntas, ac ceterae perfectiones
248 1420 1065 1471 V quae formaliter in Deo dicuntur esse, differant inter
213 1461 1070 1509 se formaliter ex natura rei. Et videtur quod sic: quia ex¬
211 1499 1074 1537 trema contradictionis simul verificari non possunt de vno
213 1537 1068 1583 & eodem penitus indistincto realiter, vel saltem forma¬
209 1573 1062 1620 liter ex natura rei; sed exrrema contradictionis verifican¬
216 1618 1067 1666 tur de istis perfectionibus formaliter in Deo existentibus;
222 1654 1074 1700 quia sicut ait magister inlittera, Deus sua scientia scit
216 1700 1074 1745 mala, & tamen sua voluntate non uult mala.
248 1738 1062 1780 Contra, in re, quae omnino simplex est, nulla distinctio
213 1774 1064 1816 ex natura rei esse potest, sed Deus est res omnino sim¬
221 1814 1071 1865 plex, vt patebit infra in dist. 8. ergo &c. Hic quattuor sunt
221 1853 1064 1900 uidenda. Cum enim scientia, & voluntas, ac ceterae con-
220 1893 1065 1940 similes perfectiones simpliciter, quae formaliter in Dec
230 1938 1065 1978 ponuntur communi, & vsitato nomine attributa dican¬
225 1973 1074 2019 tur; ideo primo videndum est, quid sit attributum, Secun
215 2009 1072 2056 do videndum est de eo, quod quaestio querit. Tertio, da¬
219 2047 1069 2093 to, quod non sint in Deo attributa distincta formaliter
215 2088 1069 2136 ex natura rei, vtrum distingui possint per intellectum
212 2127 1073 2171 coneipientem diuinam essentiam secundum se, sine omni
221 2163 1073 2211 comparatione. Et quarto, dato, quod non, vtrum talium
208 2208 1073 2243 attributorum distinctio secundum rationem per quem-
216 2245 1068 2289 cumque intellectum, siue creatum, siue increatum, neces¬
216 2280 1075 2332 sario sumatur per comparationem eorum ad creaturas in
218 2314 683 2382 quibus realiter distinguuntur.
471 2371 981 2456 RESOLVTIO.
230 2477 1080 2527 cum attributum sit perfectio sumplicit ex communis creatori, &m
254 2521 1081 2569 rreaurae secundum quandam analogiam ex innot escentia cvea
266 2562 1088 2613 turarum inueftigata in creatore, persbicue colligitur, perfectio
263 2598 1075 2638 nes attribut ales nullo pacto posse farm aliter dictingui in ipsa
273 2635 1085 2677 Deo ex naura vei intrinse vespectu cuiuscumque intellectus:
271 2673 1079 2719 litet in ordine ad creaturas, & extrinsece, nonnullam distin¬
271 2712 725 2773 ctionem poni inter tas, necesse sit
483 2795 824 2861 Quid sit attributum.
373 2877 823 2966 ARTICVLV S
261 2978 1082 3047 SVANTVM ad primum quid si attributum, Dico,
272 3023 1060 3078 q attributum nihil aliud esse videtur, nisi perfo
234 3068 1083 3112 cho simpliciter comunis creatori, & creaturae, secundum
227 3117 1079 3165 quandam analogiam ex innotescentia creaturarum inuc
1114 268 1970 327 stigata in creatore. Per hoc, quod dicitur perfectio, attribu¬
1115 319 1973 365 tum distinguitur a supposito diuino quod non potest ha
1122 365 1973 409 pere rationem perfectionis respectu diuinae essentiae. Per.
1114 398 1964 445 hoc, quod dicitur perfectio simpliciter, differt ab illis, quae in
1113 442 1958 492 creaturis non dicunt perfectionem vbicumque, sicut esse
1123 478 1958 524 tudibile est in asino perfectionis, in homine tamen si po¬
1112 515 1970 567 neretur diceret imperfectionem. Per hoc quod dicitur.
1116 559 1961 598 communis creatori, & creaturae, differt ab his, quae crea¬
1114 594 1962 640 turae conuenire non possunt, sicut deitas, immensitas, om
1114 633 1959 679 nipotentia, & cetera consimilia Per hoc, quod dicitur
1121 674 1966 711 secundum quandam analogiam, &c. differt ab his, quae
1113 708 1971 764 fide credimus Deo conuenire, & maxime quantum ad
1112 759 1961 805 ea, quae ex merae diuinae libertatis arbitrio dignoscimus
1114 793 1959 844 dependere, sicut est esse incarnatum, de virgine natum, &
1121 830 1959 884 consimilia, talia namque ex creaturis nequaquam possu¬
1113 868 1370 924 mus inuestigare.
1126 948 1958 1005 ARTICVLV. SII.
1113 1027 1957 1094 Vtrum scientia & voluntas ac ceterae perfectiones
1250 1078 1967 1155 m Deo differant inter se formaliter
1414 1144 1653 1196 ex natura ret.
1125 1225 1955 1287 SVANTVM ad secundum principale, vtrum scien¬
1137 1261 1955 1305 tia, & voluntas, ac ceterae perfectiones, quae for¬
1112 1300 1968 1346 maliter dicuntur esse in Deo, differant inter se formaliter,
1112 1344 1951 1386 ex natura rei, dicendum, quod huiusmodi perfectiones
1107 1379 1947 1429 attributales non possunt esse in Deo formaliter distincto
1110 1418 1315 1471 ex natura rei¬
1133 1457 1949 1502 1 Quia vbi non potest dari alia, & alia forma, ibi non
1116 1499 1946 1544 potest dari ex natura rei formalis differentia: sed in Dec
1117 1537 1958 1580 non potest dari alia, & alia forma, ergo &c. Maior patet
1125 1580 1982 1625 er locum a coniugatis: quia sicut aliqua non possunt dif
1110 1613 1971 1659 ferre substantialiter, nisi per aliam, & aliam substantiam,
1122 1660 1967 1697 sic non possunt aliqua differre formaliter, nisi per aliam,
1119 1695 1974 1736 & aliam formam: Minor est nota: quia vbicumque in eo¬
1116 1732 1961 1779 dem sunt plures formae: vel ambae praesupponunt quan¬
1122 1772 1958 1823 dam tertiam potentiam, quam informant, vel vna est in
1115 1820 1961 1861 potentia ad aliam, & perfectibilis est per eam : ergo ne¬
1126 1851 1979 1892 tessario faciunt compositionem, & per consequens in Deo
1121 1888 1676 1933 esse non possunt.
1135 1929 1973 1976 2 Praeterea, si attributa diuina differrent formaliter,
1118 1974 1965 2015 tunc in diuinis esset diuersum esse formale, consequens
1128 2006 1971 2058 est falsum, ergo & antecedens; consequentia patet: quia
1134 2045 1969 2095 ppositorum oppositae sunt causae, sed id, quo res est for¬
1122 2086 1966 2128 maliter una, hoc est sibi ratio vnius esse formalis: ergo id,
1136 2126 1970 2174 uo res est formaliter distincta, erit sibi ratio distincti es¬
1131 2167 1976 2204 e; falsitatem consequentis probo: quia quanto plura di¬
1119 2201 1967 2244 stincta esse sunt in aliquo, tanto est compositus, maxime
1122 2237 1967 2291 loquendo de esse absoluto. Cum igitur diuina attributa
1124 2280 1962 2324 sint infinita, sequeretur, quod Deus esset compositor omni
1127 2316 1958 2362 creatura: quia haberet infinita esse formalia formaliter
1119 2361 1961 2413 distincta, quorum quodlibet secundum suam formalem
1121 2402 1711 2441 rationem diceret entitatem absolutam.
1156 2436 1959 2483 Et confirmo illam probationem: quia tres diuinae per¬
1125 2468 1960 2516 sonae habent vnum, & idem esse, ergo attributa diuina
1129 2514 1954 2561 non possunt differre in esse: Antecedens ponit August
1128 2558 1957 2601 & omnes sancti doctores ipsum profitentur: consequen¬
1125 2594 1970 2641 tia patet: quia ea, quae in diuinis differunt realiter, magis
1128 2630 1961 2685 videntur accedere ad diuersitatem in esse, quam quae sunt
1126 2665 1961 2711 idem realiter, sed secundum fidem sanctam, diuinae per¬
1119 2711 1966 2769 sonae differunt realiter, attributa vero sunt idem realiter.
1156 2748 1973 2801 Sed contrarium istius ponunt quidam doctores dicen
1125 2790 1973 2830 tes, quod perfectiones attributales in diuinis sunt ex natura
1125 2825 1958 2871 rei formaliter distinctae praeter omnem actum cuiuscum
1124 2872 1969 2921 que intellectus. Quod probant multipliciter. Primo sic¬
1141 2909 1975 2950 1 Nullum ens reale praesupponit necessario aliquid fa
1133 2942 1961 2997 ctum per intellectum, sed personae filij, & spiritus sancti
1127 2983 1963 3032 quarum quaelibet est ens reale, & sunt realiter distincta
1139 3024 1963 3071 praesupponunt distinctionem intellectus diuini & volun¬
1134 3065 1973 3115 tatis, ergo talis distinctio intellectus, & voluntatis
1133 3105 1975 3160 no poterit esse per actum intellectus, siue distinctionem
