2374 3542
207 265 1061 333 4 Preterea, secundum beatum Aug. Deus est eo sapiens,
201 330 1074 379 quo iustus, sed si formaliter differrent sapientia, & iusti¬
207 362 901 414 tia, alio formaliter esset sapiens, & alio iustus.
213 408 1072 448 2 Praeterea, sicut se habent plura ad vnum, sic se habet
206 442 1066 490 vnum ad plura, sed illa, quae sunt realiter plura, non pos¬
195 485 1069 534 sunt esse vnum, nisi secundum rationem, ergo vnus Deus
207 528 1078 568 non poterit in se habere plura attributa, nisi secundum
200 565 374 615 rationem.
289 602 1071 650 Praeterea, quaecunque sunt identice vnum, sunt sum
201 646 1064 690 me vnum, & per conse quens non possunt differre forma
211 678 1076 730 liter: sed attributa diuina secundum doctores, contra quos
216 725 732 766 hic arguitur, sunt identice vnum.
218 760 1066 809 3 Praeterea, illa non differunt formaliter, quae sic se ha
207 795 1073 846 bent, quod ab vno cum reduplicatione sumpto, non vere
213 837 1075 889 negatur alterum, sed illa non est vera sapientia diuina, in
216 883 1079 932 quantum sapientia diuina non est iustitia diuina, ergo sa¬
218 912 932 973 pientia Dei non differt formaliter a sua iustitia
234 952 1065 1006 1o Preterea, quicquid conuenit rei ex sua natura, cir
213 991 1068 1043 eumscripta omni operatione intellectus, conuenit sibi rea¬
215 1039 1075 1090 liter; si igitur ex natura rei diuina attributa distinguun¬
214 1068 1065 1122 tur, tunc realiter distinguuntur, quod est contra illo
209 1118 905 1164 met, & contra catholicam fidem, ergo &c.
264 1148 1067 1198 Ad primum igitur motinum illius opinionis dicendum
218 1193 557 1249 que minor non est vera
255 1233 1075 1277 Ad probationem dicendum, quod quamuis intellectus, &
228 1266 1068 1320 toluntas non differant ex natura rei formaliter, tamet
221 1305 1083 1370 possumus ostendere quare filius producatur per modum
218 1346 1059 1396 intellectus, & spiritus sanctus per modum voluntatis,
222 1389 1077 1437 Nam, vt videmus m nobis ipsis, actus amoris produci non
224 1423 1077 1481 potest, nisi praesupponat aliquid productum per intelle¬
219 1463 1076 1518 ctum, ideo spiritui sancto, qui procedit tam a persona pro
222 1501 1076 1553 ducta, quam a non producta, puta a patre, & filio, appro¬
225 1540 1081 1596 priare debemus emanationem per modum amoris; sed fi
213 1580 1085 1636 ho, qui ab vno tantum procedit, & solum a non produ¬
225 1620 1085 1674 cto, tanquam nullum productum praesupponenti, debemus
228 1672 1072 1719 appropriare emanationem per modum intellectus, sius
221 1698 1079 1751 naturae. Etiam illud, in qno fundatur illa ratio, stare non
224 1736 1082 1797 potest, scilicet que intellectus, & voluntas, sint duae distin¬
224 1780 1079 1833 ctae formalitates, prout sunt principia illarum emanatio¬
222 1823 1082 1869 num: quia si vna formalitas tantum esset principium ge¬
219 1857 1076 1909 nerationis filij, cum omnes formalitates filio genito pe¬
225 1903 1078 1957 generationem communicentur, tunc communicatun
234 1932 1080 1995 per generationem excederet formale principium gene¬
233 1970 1091 2028 tandi, quod est inconueniens, sicut inconueniens est prin
233 2013 926 2072 tipiatum excedere suum formale principium
267 2051 1088 2103 Et confirmo hoc sic. Nullum enim productum ex vi
233 2091 1089 2155 productionis suae capere potest, quod virtualiter, vel for¬
229 2128 1080 2187 maliter non continetur in suo formali principio product
231 2174 1079 2222 uo, secundum quod est eius formale principium, sed for¬
227 2221 1082 2263 malitas voluntatis, quae per se est distincta contra alias for¬
228 2247 1089 2306 malitates, vt distincta est non continet per se, nisi quod per
239 2286 1088 2347 tinet ad velle, & amare: Si ergo ut sic est principium spi¬
239 2326 1097 2384 ritus sancti, tunc spiritus sanctus virtute suae productionis
243 2378 1094 2421 non haberet intellectum, & eadem ratione filius non ha¬
240 2412 526 2462 beret voluntatem.
291 2444 1088 2501 ad secundum dicendum, quod quamuis bonitati, &
237 2482 1100 2541 sapientiae, & ceteris attributis assignentur aliae, & aliae dif
239 2524 1091 2580 finitiones in quantum distinctae reperiuntur in creaturis;
225 2562 1095 2611 fitamen praerisae sumantur vt sunt in Deo, fic eorum est
231 2601 1091 2653 vna tatum diffinito, sicut eorum est vna quidditas, & vna
249 2643 1088 2694 natura : Vnde si aliquis vt in Deo sunt multiplici diffini¬
243 2679 1089 2740 tione ea diffiniret, hoc esset pro tanto: quia ea imperfectu
242 2726 1093 2774 cognosceret, & ideo ipsa diffiniret ad instar eorum, quae
243 2765 566 2819 in creaturis videret.
279 2797 1088 2857 Ad tertium dicendum, quod illa ratio est contra fa
248 2837 1100 2892 tientes eam: quia cum secundum eos intuitiua notitia sit
240 2887 1091 2935 ipsius rei secundum realem, & actualem, & praesentialen
245 2919 1095 2967 existentiam, igitur, si Deus cognoscit distinctionem attr
242 2961 1102 3015 butorum cognitione intuitiua, oportet quod talis distin¬
249 3003 1100 3048 ctio esset realiter existens, quod est contra eos: quia ipsi hoc
246 3032 1104 3086 negant, & bene: quia salua illa decretali de summa trinita
240 3078 1103 3132 te, & fide catholica, necesse est negare realem distinctio¬
240 3119 746 3180 nem attributorum diuinorum.
1149 260 1975 326 Ad formam igitur rationis dicedum, quod Deus cognoscit
1118 325 1978 379 psa attributacognitione intuitiua, distinctionem tamen attribu
1116 362 1976 408 torum non cognoscit esse: nisi secundum rationem, puta in or
1113 400 1971 447 dine ad creaturas: quia aliter non sunt distincta & ideo a ve
1113 438 1968 496 ro intellectu non cognoscuntur aliter esse distincta. Et li
1113 480 1970 528 cet illa distinctio sit tantum secundum rationem a Deo ta¬
1109 522 1964 567 men clarissime cognoscuntur, & si omnem claram noti¬
1122 557 1963 601 tiam appellas intuitiuam, concedo tecum hanc notitiom
1127 596 1973 641 Dei esse intuitiuam: si autem solum appellas illam intui¬
1124 635 1973 679 tiuam, quae terminatur ad realem extra intellectum exi¬
1109 677 1960 724 stentiam, tunc talis notitia non est intuitiua: quia huius
1113 716 1966 764 modi distinctio, ad quam terminatur, non existit reali¬
1113 755 1465 807 ter extra int ellectum.
1149 801 1975 842 Ad quartum dicendum, quod talia nomina non sunt svno
1116 841 1973 883 nima: quia eo ipso, quod significata talium nominum conci¬
1121 871 1969 923 pimus per comparationem ad creaturas, in quibus reali¬
1119 912 1975 959 ter, & quidditatiue sunt distincta, huiusmodi attributa con
1112 947 1967 995 cipimus sub diuersis rationibus, Intellectus tamen perfe¬
1127 988 1967 1035 ctus, qui talium attributorum significatum perfecte con-
1113 1037 1963 1081 ciperet sine omni comparatione ad ea, in quibus realiter
1116 1064 1970 1118 distinguuntur, non imponeret eis plura nomina; sed vnum
1123 1113 1974 1160 nomen tantum, etiam dato, quod vt sic imponeret eis plura
1119 1155 1798 1200 nomina, illa nomina penitus essent svnonima
1149 1195 1970 1229 Ad quintum dicendum, quod secundum illos doctores,
1125 1222 1967 1273 qui ponunt, quod distinctio attributorum non causatur a
1121 1266 1967 1314 diuino intellectu, sed ab humano, diceretur, quod talis
1123 1308 1963 1351 distinctio non attribuitur diuino intellectui, nec naturae
1122 1339 1973 1386 Sed dato, quod intellectus diuinus concipiat essentiam
1118 1377 1973 1425 suam in ordine ad praedictas perfectiones in creaturis distin
1124 1418 1967 1470 cte repertas, & secundum hoc concipiat distincte suam
1127 1461 1960 1509 perfectionem, adhuc talis distinctio attribuetur intelle¬
1127 1502 1966 1549 ctui, & non naturae, non pro tanto, quod intellectus diui¬
1121 1540 1972 1586 nus ibi aliquid faciat, quod non faciat natura, sed pro tan
1123 1580 1976 1637 to que in his, vbi intellectus distinguitur a natura, talis di¬
1131 1616 1895 1663 stinctio rationis attribuitur intellectui, non naturae.
1140 1655 1982 1706 Etiam potest dici ad quintum, quod distinctio attribu¬
1120 1692 1967 1740 torum eo modo, quo attribuitur intellectui, puta effecti¬
1125 1739 1965 1781 ue, causaliter, eodem modo potest attribui diuinae natu¬
1122 1780 1979 1825 rae. Si autem ex hoc infertur, quod distinctio attributo¬
1128 1816 1973 1859 rum sit in Deo ex natura rei, tunc praeter alios defectus,
1127 1859 1973 1899 qui hic possent assignari, committitur duplex fallacia, sci¬
1124 1887 1980 1939 licet aequiuocationis: quia mutatur medium, & figurae di¬
1125 1937 1978 1975 ctionis: quia mutatur effectiuum in subiectiuum: non enim
1130 1967 1980 2015 nego, quin omne, quod efficit diuinus intellectus, ef¬
1134 2005 1979 2055 ficiat etiam diuina natura, & per consequens efficit
1137 2045 1982 2095 llam distinctionem rationis: sed propter hoc attributa
1125 2081 1976 2137 non sunt intrinsece in natura diuina formaliter distin¬
1124 2124 1982 2175 cta, ita quod natura subiectiue patiatur in se illam attri¬
1137 2171 1973 2214 butorum distinctionem. si enim haberet in se huiusmo¬
1133 2200 1973 2256 di distinctionem, tunc non efficeret eam. Tota igitui
1131 2248 1983 2294 ratio procedit ex suppositone falsa, scilicet quod di¬
1136 2279 1984 2335 stinctio attributorum ita conueniat intellectui, quod
1131 2324 1334 2377 non naturae.
1178 2364 1978 2419 Ad sextum dicendum, quod licet consequentia sit bona,
1129 2404 1982 2449 accipiendo in consequenti sapientiam, & iustitiam inde¬
1133 2438 1981 2495 finite: quia tunc verificabitur pro sapientia, & iustitia diui
1137 2478 1980 2530 na, si tamen accipiuntur distributiue, & vniuersaliter, tumo
1139 2514 1982 2569 consequentia est falsa ratione iustitiae, & sapientiae huma
1131 2559 1981 2606 nae, & illo secundo modo uerba sonare videntur, igitur
1136 2605 1637 2645 simpliciter nego consequentiam.
1172 2636 1975 2685 Ad probationem dico, quod sapientia, & iustitia acce¬
1142 2671 1985 2718 pta in communi, sic quod Iy commune apprehendat eas,
1135 2708 1994 2760 vt sunt in Deo, & creaturis; tunc nec sunt idem secundum
1130 2750 1988 2804 formales rationes, nec distinguunt secundum formales ra
1143 2788 1982 2839 tiones, sed ut sunt in Deo, sunt ide, vt autem sunt in cre¬
1142 2835 1979 2881 turis, sic differunt. In minore igitur huius probationis sup¬
1143 2866 1988 2916 ponitur falsum, scilicet, quod sapientia, & iustitia sumpta
1147 2906 1987 2957 secundum suam totam communitatem differant forma¬
1143 2952 1724 2997 liter, sen secundum formales rationes.
1181 2980 1986 3042 Ad septimum dicendum, quod quamuis actus distin¬
1145 3035 1997 3079 guat, non tamen distinguit se a le, sed distinguit se ab alio.
1149 3065 1989 3117 Ex hoc ergo, quod attributa diuina sunt vnus summus
1151 3101 1988 3165 actus, qui est diuina essentia, bene sequitur, quod tali¬
