2309 3547
436 267 1282 322 actus sit maxime distinctus ab omni eo, quod non est ta¬
424 320 1273 372 lis actus, non tamen sequitur, quod sit distinctus in seipso
474 356 1281 411 Ad octauum dicendum, quod memoria diuina, & volum
425 399 1278 437 tas sunt vna diuina essentia, & vt sic non conueniunt sibs
425 436 1278 482 contradictoria praedicata ista tamen vna res simplicissima
428 481 1280 531 puta diuina essentia, vt coniuncta respectui generationis
438 516 1281 559 actiuae est faecunda memoria, & vt sic est principium pro
438 555 1269 598 ductiuum, siue verbi generatiuum: sed vt coniuncta spin
441 597 1274 642 tioni actiuae est principium spiratiuum, siue spiritus sancti pro
429 635 1276 678 ductiuum, & vt sic posset dici faecunda voluntas. Ex quo
432 677 1277 725 patet, quod non verificantur de memoria, & voluntate
428 723 1278 763 predicata contradictoria secundum quod attributa sunt,
433 760 1266 801 sed secundum que concernunt praedictos respectus originis.
473 789 1280 833 Ad nonum dicendum, quod tales conceptus nec sunt
431 828 1273 869 ficti, nec vani, quando concipiuntur in ordine ad extra
432 867 1271 915 vbi eis vera, & realis distinctio correspodet. Si autem in¬
429 909 1279 952 tellectus perfecte cognosceret essentiam Dei, vane
431 946 1277 999 formaret de eo diuersos conceptus absque praedicta
439 987 674 1039 comparatione.
474 1026 1273 1069 Ad decimum dicendum, quod minor est falsa quantum
431 1062 752 1117 ad ambas suas partes.
472 1107 1272 1155 Ad primam probationem dico, quod intelligere diui¬
423 1146 1268 1189 num nec seipso formaliter distinguitur ab aliis attributi
429 1183 1267 1227 nec per aliud intelligere: sed distinguitur ab eis secun¬
428 1224 1271 1272 dum, quod Deus suum intelligere comparat ad creatum
438 1262 1271 1302 intelligere: quod quidem creatum intelligere realiter
429 1303 1280 1347 differt a ceteris perfectionibus, ex qua comparatione con
423 1343 1272 1390 cipietur diuinum intelligere differre a ceteris attributis
430 1378 737 1421 secundum rationem
465 1422 1274 1469 Ad confirmationem dicendum, quod actus realiter dis
436 1458 1269 1499 ferens a potentia praesupponit potentiam ex natura rei
422 1499 1275 1547 si autem non differt, tunc praesupponit potentiam, nisi
435 1535 1265 1587 idem dicatur praesupponere seipsum, actus autem diui
425 1571 892 1627 nus non differt a sua potentia
470 1617 1277 1662 Ad alteram partem minoris dicendum, quod sifiat ta
431 1646 1271 1698 lis distinctio per nostrum intellectum, ex hoc non sequi¬
435 1693 1265 1744 tur, quod perfectio diuina sit respectus rationis, sed beni
429 1735 1277 1777 sequitur, quod distinctio talium diuinarum perfectionum
420 1774 1073 1814 sit quid rationis, vel respectus rationis.
462 1812 1280 1863 Ad auctoritatem Dam. dicendum, quod essentia diui¬
433 1854 1268 1904 na dicitur pelagus non cuiuscumque, sed substantiae. &
423 1895 1271 1944 quia dicit substanitiae, satis dat intelligere, quod non intel
417 1933 1270 1974 ligit de infinitate multitudinis distinctae, & ideo nonfa¬
426 1969 1265 2013 cit ad propositum illius doctoris: diuina enim essentia d
432 2008 1274 2056 citur pelagus substantiae infinitum, eo quod substantia di
424 2048 1269 2092 uina omnem perfectionem substantialiter, & vnit issime
417 2088 1274 2133 comprehendit quantumcunque sparsa sit, & distincta
417 2123 605 2171 in creaturis.
456 2161 1267 2214 Ad auctoritatem Aug. dicendum, quod non oportet
418 2206 1263 2256 quod similitudo currat per omnes pedes, alias auctorita
416 2247 1258 2288 esset contra te, sicut contra me: quia tu met negas perfe
423 2282 1266 2327 ctiones diuinas distingui realiter, & tamen habes ex fide
425 2327 1262 2377 concedere diuinas personas differre realiter; sufficit igi
417 2371 1269 2413 tur, quod sit ibi aliqua similitudo. Nec intendit ibi Aug¬
425 2403 1265 2448 necessario concludere, quia articulus sanctae trinitatis non
430 2443 1266 2494 potest necessaria ratione probari. Est igitur hoc simile, quod
420 2480 1263 2521 sicut diuinae perfectiones non derogant simplicitati por
426 2517 1259 2564 sonae, sic diuinae personae non derogant simplicitati esser
418 2560 1262 2600 tiae, quia non maiorem compositionem faciunt relatiua
426 2605 1275 2649 realiter distincta in eadem essentia, quam absoluta secun
418 2630 1071 2689 dum rationem distincta in eadem persona
447 2679 1259 2720 Ad vndecimum dicendum, quod quamuis intellectu
422 2717 1262 2765 possit intelligere sapientiam, & iustitiam differre formal
419 2762 1266 2805 ter, non tamen intellectus verus intelligit ea, vt in Deo
419 2789 1259 2851 sunt, differre formaliter circumscripta omni comparatio
414 2828 599 2882 ne ad extra
416 2875 1257 2918 Ad duodecimum dicendum, quod quaelidet perfectio
420 2918 1253 2958 attr ibutalis, vt in Deo est, cum sit idem, quod diuina es
411 2948 1256 3002 sentia, est formaliter infinita, nec vt sic est conmunicabili¬
416 2993 1259 3044 creaturae, nisi in quadam sui similitudine participata: sed
424 3033 1256 3079 vt vnum attributum per nostrum intellectum alteri con
412 3067 1259 3113 distinguitur, puta prout ad extra comparantur, sic distin¬
417 3101 1256 3160 guuntur, & a diuina natura, & inter se. lllud autem totu
1336 262 2173 333 procedit ex actu rationis, & ideo non potest ex hoc argui
1335 318 2174 382 differentia formalis ex natura rei, sed sola differentia
1331 358 1464 403 rationis.
1331 401 2172 443 Ad decimum tertium dicendum, quod essentia Dei quamuis
1329 439 2173 483 vnit ssime omnem perfectionem contineat sine omni di
1327 477 2169 525 stinctione ex natura rei in ipsa tamen obiectiue omnia
1324 520 2156 567 relucent, & in hac relucentia obiectiua ipsa voluntas di¬
1333 559 2159 603 uina, siue ipse Deus plenam habet domini libertatem re¬
1322 600 2162 648 spectu omnis intellectus creati reuelandi vnicuique pro
1333 637 2174 693 sit vult, haec tamen magis clare patebunt circa finem 4li
1322 672 2055 733 bri, vbi haec materia est specialiter pertractanda
1441 757 2059 804 ARTICVLVSIII
1343 830 2132 894 Vtrum attributa distingisi possint per intellectum
1377 884 2113 961 concipientem diuinam essentiam secundum se
1543 947 1949 1006 sinc omni comparatione.
1393 1031 2172 1078 VANTVM ad tertium principale, vtrum attributa
1375 1066 2171 1123 eiuina distingui possint per intellectum conci¬
1332 1109 2171 1155 pientem diuinam essentiam secundum se sinc omni com
1325 1156 2163 1196 paratione ad extra, dicendum, quod nullus intellectu
1332 1191 2175 1231 potest ponere distinctionem diuinorum attributorum
1322 1227 2179 1268 sistendo in contemplatione diuinae essentiae quo ad in¬
1314 1269 2173 1319 tra, absque omni comparatione ad extra: quia ens simpli¬
1333 1308 2173 1352 cissimum non potest concipi secundum se, nisi sub vna ra
1324 1346 2039 1388 tione: diuina essentia est simplicissima, ergo &c
1328 1389 2161 1432 Sed contra istam conclusionem sunt aliqui sollemne
1319 1422 2168 1472 doctores, dicentes, quod distinctio attributorum sumi
1320 1466 2159 1515 tur a diuino intellectu per comparationem ad intra, ci
1320 1502 2167 1547 cumscripto omni producto ad extra, & producibili, & ere
1325 1542 2170 1592 to, siue creabili. lstud tamen (vt dicunt) non fiet intelle¬
1314 1585 2184 1630 ctu simplici: sed intellectu conferente essentiam diuinam
1319 1615 2185 1661 sub vna ratione apprehensam, ad seipsam apprehensam
1316 1661 2173 1707 sub alia ratione, puta concepta sub ratione veri potest com
1317 1704 2183 1750 parari ad seipsam sub ratione boni. Et illud probatur
1316 1732 1724 1789 multipliciter. Primo sic.
1313 1782 2174 1832 1 Quia ea, quae principalius conueniunt Deo, quan
1320 1824 2177 1864 creaturis, non debet Deo attribui in ordine ad creaturas
1320 1852 2177 1908 sed sapient ia, bonitas, & cetera attributa principalius com
1317 1897 2085 1940 ueniunt Deo, quam cuicumque creaturae, ergo &c
1342 1929 2187 1985 2 Praeterea, sicut sapientia, & bonitas differunt in Deo
1319 1968 2180 2022 ratione, sic sapientia, & deitas differunt ratione: sed di¬
1310 2014 2174 2064 stinctio sapientiae, deitatis, non potest colligi ex compa
1324 2056 2183 2100 ratione ad distinctionem repertam in creaturis, cum dei
1316 2095 2177 2150 tas non sit in creatura per modum alicuius creati, ergo
1311 2132 2177 2190 nec distinctio sapientiae, & bonitatis sumetur in ordini
1320 2168 1504 2220 ad creaturas;
1317 2208 2186 2269 3 Praeterea, quod est causa maioris distinctionis, potest es
1314 2245 2186 2293 se causa minoris distinctionis: sed faecuditas diuinae essen¬
1310 2289 2183 2347 tiae est causa, siue ratio distinctionis personarum, quae es
1305 2329 1968 2373 maior distinctione attributorum, ergo &c.
1332 2371 2183 2415 4 Praeterea, obiectum actus componentis, & re Hexi
1311 2413 2179 2458 necessario plura includit, vel secundum rem, vel ad mi-
1308 2450 2176 2489 nus secundum rationem: quia omnis composito, vel re¬
1301 2487 2186 2533 flexio aliquo modo implicat plura, vel simpliciter, vel se¬
1315 2534 2189 2580 cundum quid, vel secundum rem, vel secundum rationem,
1306 2565 2192 2619 sed Deus vnico actu suo (quamuis simplex, & rectus) in¬
1307 2614 2190 2661 telligit omnia obiectiue, quae nos possumus intelligere
1311 2647 2193 2702 actu componente, & diuidente, siue etiam actu reflexo;
1308 2683 2194 2739 circumscripta enim quacunque creatura adhuc Deus in¬
1308 2731 2176 2773 telligeret se esse, quod pertinet ad obiectum actus com
1305 2763 2180 2809 ponentis, & intelligeret se intelligere, quod pertinet ac
1305 2807 2192 2840 obiectum actus refsexi, ergo plura essent in Deo ad mi-
1302 2839 2186 2901 nus ratione distincta, circumscripta omni comparatio¬
1313 2876 1614 2930 ne ad extra.
1317 2917 2194 2967 3 Praeterea, ea quae competunt Deo in ordine ad crea
1309 2965 2183 3014 turam, dicuntur sibi causaliter conuenire, & non formali
1311 2997 2192 3039 ter: sed attributa diuina conueniunt Deo formaliter: vn¬
1296 3041 2186 3094 de si Deus non diceretur sapiens, vel bonus nisi causali¬
1303 3076 2190 3127 ter, non possemus dicere, quod magis esset formaliter sa
1302 3125 2160 3180 piens, vel bonus, quam quod formaliter sit lapis, uel lrgnum
