<?xml version="1.0" encoding="UTF-8" standalone="yes"?>
<PcGts xmlns="http://schema.primaresearch.org/PAGE/gts/pagecontent/2013-07-15" xmlns:xsi="http://www.w3.org/2001/XMLSchema-instance" xsi:schemaLocation="http://schema.primaresearch.org/PAGE/gts/pagecontent/2013-07-15 http://schema.primaresearch.org/PAGE/gts/pagecontent/2013-07-15/pagecontent.xsd">
    <Metadata>
        <Creator>prov=University of Rostock/Institute of Mathematics/CITlab|PLANET AI GmbH/Gundram Leifert/gundram.leifert@planet-ai.de:name=cod-P122zz-m2(htr_id=26330)::::v=2.6.7
prov=University of Rostock/Institute of Mathematics/CITlab|PLANET AI GmbH/Tobias Gruening/tobias.gruening@planet-ai.de:name=de.uros.citlab.module.baseline2polygon.B2PSeamMultiOriented:v=2.6.7
prov=University of Rostock/Institute of Mathematics/CITlab|PLANET AI GmbH/Tobias Gruening/tobias.gruening@planet-ai.de:name=/net_tf/LA73_249_0mod360.pb:de.uros.citlab.segmentation.CITlab_LA_ML:v=2.6.6
Transkribus</Creator>
        <Created>2020-10-05T23:22:28.225+02:00</Created>
        <LastChange>2020-10-19T01:51:34.405+02:00</LastChange>
        <TranskribusMetadata docId="505580" pageId="20953761" pageNr="131" tsid="46257539" status="IN_PROGRESS" userId="25065" imgUrl="https://files.transkribus.eu/Get?id=CWETCZILGHOSPWLHHRIIISSA&amp;fileType=view" xmlUrl="https://files.transkribus.eu/Get?id=DBZPSTHKSEQXTBSQWEOREHFX" imageId="16094959"/>
    </Metadata>
    <Page imageFilename="130.jpg" imageWidth="2387" imageHeight="3551">
        <ReadingOrder>
            <OrderedGroup id="ro_1603930956419" caption="Regions reading order">
                <RegionRefIndexed index="0" regionRef="r3"/>
                <RegionRefIndexed index="1" regionRef="r4"/>
            </OrderedGroup>
        </ReadingOrder>
        <TextRegion orientation="0.0" id="r3" custom="readingOrder {index:0;}">
            <Coords points="212,243 212,3184 1094,3184 1094,243"/>
            <TextLine id="r3l2" custom="readingOrder {index:0;}">
                <Coords points="214,349 1014,352 1067,342 1067,299 213,314"/>
                <Baseline points="219,333 261,335 303,335 345,335 387,335 429,335 471,335 514,333 556,332 598,332 640,330 682,330 724,329 766,329 809,328 851,327 893,327 935,327 977,329 1019,330 1062,332"/>
                <TextEquiv>
                    <Unicode>e Praeterea, si nulla esset creatura, adhuc Deus intelli</Unicode>
                </TextEquiv>
            </TextLine>
            <TextLine id="r3l3" custom="readingOrder {index:1;}">
                <Coords points="207,402 1065,380 1056,340 206,356"/>
                <Baseline points="212,375 254,377 296,377 339,376 381,375 423,375 466,375 508,374 550,372 593,372 635,371 677,371 720,369 762,369 804,369 847,369 889,369 931,369 974,369 1016,371 1059,372"/>
                <TextEquiv>
                    <Unicode>geret se sub ratione veri, &amp; diligeret se sub ratione boni</Unicode>
                </TextEquiv>
            </TextLine>
            <TextLine id="r3l4" custom="readingOrder {index:2;}">
                <Coords points="255,425 1071,423 1070,381 983,376 255,387"/>
                <Baseline points="261,414 301,414 341,414 381,413 421,413 462,412 502,411 542,411 582,410 622,410 663,410 703,408 743,408 783,408 823,408 864,408 904,408 944,408 984,408 1024,408 1065,410"/>
                <TextEquiv>
                    <Unicode>Praeterea, Quasi hoc idem arguit quidam alius doctor sic¬</Unicode>
                </TextEquiv>
            </TextLine>
            <TextLine id="r3l5" custom="readingOrder {index:3;}">
                <Coords points="249,464 1062,461 1061,423 248,429"/>
                <Baseline points="254,455 294,455 334,453 374,453 414,452 454,452 494,452 534,450 574,450 614,449 655,449 695,449 735,447 775,447 815,447 855,447 895,446 935,446 975,446 1015,446 1056,447"/>
                <TextEquiv>
                    <Unicode>1 Ista natura, in qua continentur virtualiter omne-</Unicode>
                </TextEquiv>
            </TextLine>
            <TextLine id="r3l6" custom="readingOrder {index:4;}">
                <Coords points="207,502 1070,502 1069,460 970,450 207,475"/>
                <Baseline points="213,494 255,493 298,492 340,492 383,491 425,491 468,489 510,489 553,489 595,488 638,488 681,488 723,488 766,486 808,486 851,486 893,486 936,486 978,486 1021,486 1064,486"/>
                <TextEquiv>
                    <Unicode>rationes attributales potentia distinguibiles, si obiiciatur</Unicode>
                </TextEquiv>
            </TextLine>
            <TextLine id="r3l7" custom="readingOrder {index:5;}">
                <Coords points="213,548 1043,544 1058,507 212,503"/>
                <Baseline points="218,533 259,531 301,531 343,530 384,530 426,530 468,528 509,528 551,528 593,527 635,527 676,527 718,527 760,525 801,525 843,525 885,525 926,525 968,525 1010,525 1052,525"/>
                <TextEquiv>
                    <Unicode>intellectui perfecte, &amp; distincte ipsam intelligenti, omne</Unicode>
                </TextEquiv>
            </TextLine>
            <TextLine id="r3l8" custom="readingOrder {index:6;}">
                <Coords points="213,589 1071,578 1070,544 1032,535 212,549"/>
                <Baseline points="218,570 260,571 302,570 345,570 387,570 429,570 472,569 514,569 556,567 599,567 641,567 683,566 726,566 768,564 810,564 853,564 895,564 937,564 980,564 1022,564 1065,564"/>
                <TextEquiv>
                    <Unicode>tales rationes reducentur in actum: sed essentia diuina</Unicode>
                </TextEquiv>
            </TextLine>
            <TextLine id="r3l9" custom="readingOrder {index:7;}">
                <Coords points="216,619 1071,618 1070,584 1008,574 216,590"/>
                <Baseline points="221,611 263,611 305,609 347,609 389,608 432,608 474,606 516,606 558,606 600,605 643,605 685,605 727,605 769,603 811,603 854,603 896,603 938,603 980,603 1022,603 1065,605"/>
                <TextEquiv>
                    <Unicode>respectu intellectus Dei est huiusmodi, igitur sicut plura</Unicode>
                </TextEquiv>
            </TextLine>
            <TextLine id="r3l10" custom="readingOrder {index:8;}">
                <Coords points="221,658 1046,661 1057,614 221,618"/>
                <Baseline points="227,650 268,650 309,648 350,648 392,648 433,647 474,647 515,647 557,646 598,645 639,645 680,645 722,644 763,644 804,644 845,644 887,644 928,643 969,642 1010,642 1052,642"/>
                <TextEquiv>
                    <Unicode>litas secundum rationem obiectiue ponitur in essenti</Unicode>
                </TextEquiv>
            </TextLine>
            <TextLine id="r3l11" custom="readingOrder {index:9;}">
                <Coords points="207,699 1074,701 1073,657 996,649 207,659"/>
                <Baseline points="212,689 254,689 297,687 340,687 383,687 426,686 468,686 511,686 554,684 597,684 640,684 682,684 725,684 768,684 811,683 854,683 896,683 939,683 982,683 1025,684 1068,684"/>
                <TextEquiv>
                    <Unicode>diuina intellecta, sic correspondenter subiectiue debet</Unicode>
                </TextEquiv>
            </TextLine>
            <TextLine id="r3l12" custom="readingOrder {index:10;}">
                <Coords points="219,761 291,737 757,746 757,692 218,704"/>
                <Baseline points="224,729 250,729 276,729 303,729 329,728 356,728 382,728 408,726 435,726 461,725 488,725 514,725 540,725 567,723 593,723 620,723 646,723 672,723 699,723 725,723 752,725"/>
                <TextEquiv>
                    <Unicode>poni in intellectus intelligibilitate,</Unicode>
                </TextEquiv>
            </TextLine>
            <TextLine id="r3l13" custom="readingOrder {index:11;}">
                <Coords points="250,779 1068,777 1067,734 943,722 250,752"/>
                <Baseline points="255,768 295,768 335,767 376,767 416,765 456,765 497,765 537,764 577,764 618,764 658,762 698,762 739,762 779,762 819,762 860,761 900,761 940,761 981,761 1021,762 1062,762"/>
                <TextEquiv>
                    <Unicode>2 Praeterea, non minus absolutum est intelligere di¬</Unicode>
                </TextEquiv>
            </TextLine>
            <TextLine id="r3l14" custom="readingOrder {index:12;}">
                <Coords points="217,819 1049,819 1066,775 216,777"/>
                <Baseline points="222,807 266,807 310,807 354,806 398,806 442,806 486,804 531,804 575,803 619,803 663,802 707,801 751,801 796,800 840,800 884,800 928,800 972,800 1016,800 1061,800"/>
                <TextEquiv>
                    <Unicode>uinum, quam sit suum esse: sed distinctum, &amp; perfectum</Unicode>
                </TextEquiv>
            </TextLine>
            <TextLine id="r3l15" custom="readingOrder {index:13;}">
                <Coords points="220,856 1031,857 1059,851 1059,814 220,821"/>
                <Baseline points="225,846 266,846 307,845 349,845 390,845 432,843 473,843 514,842 556,842 597,842 639,840 680,840 721,840 763,839 804,839 846,839 887,839 928,839 970,839 1011,840 1053,840"/>
                <TextEquiv>
                    <Unicode>esse diuinum non conexigit creaturam, ergo nec suum in</Unicode>
                </TextEquiv>
            </TextLine>
            <TextLine id="r3l16" custom="readingOrder {index:14;}">
                <Coords points="219,903 1044,903 1062,856 218,854"/>
                <Baseline points="224,885 265,885 307,884 348,884 390,884 432,884 473,882 515,882 556,882 598,881 640,881 681,881 723,879 764,879 806,879 848,879 889,879 931,879 972,879 1014,879 1056,879"/>
                <TextEquiv>
                    <Unicode>telligere, quo distincte, &amp; persecte intelligit seipsum</Unicode>
                </TextEquiv>
            </TextLine>
            <TextLine id="r3l17" custom="readingOrder {index:15;}">
                <Coords points="212,934 850,940 883,929 883,898 212,904"/>
                <Baseline points="218,923 251,923 284,923 317,923 350,923 383,923 416,923 449,921 482,921 515,920 548,920 581,919 614,918 647,918 680,918 713,918 746,918 779,918 812,918 845,920 878,920"/>
                <TextEquiv>
                    <Unicode>alias Dei beatitudo dependeret a creaturis.</Unicode>
                </TextEquiv>
            </TextLine>
            <TextLine id="r3l18" custom="readingOrder {index:16;}">
                <Coords points="269,979 1003,978 1059,973 1059,933 269,946"/>
                <Baseline points="275,963 313,963 352,962 391,962 430,962 469,960 508,960 547,960 586,959 625,959 664,959 702,957 741,957 780,957 819,957 858,957 897,957 936,957 975,959 1014,959 1053,959"/>
                <TextEquiv>
                    <Unicode>3 Praeterea, sicut posterius non potest esse causa prio</Unicode>
                </TextEquiv>
            </TextLine>
            <TextLine id="r3l19" custom="readingOrder {index:17;}">
                <Coords points="219,1011 1068,1011 1067,969 1034,967 219,984"/>
                <Baseline points="225,1005 266,1004 308,1004 350,1002 392,1002 434,1001 476,1001 517,1000 559,999 601,999 643,999 685,998 727,998 769,998 810,998 852,996 894,996 936,996 978,996 1020,995 1062,995"/>
                <TextEquiv>
                    <Unicode>ris, sic distinctio posterioris non potest esse causa distin¬</Unicode>
                </TextEquiv>
            </TextLine>
            <TextLine id="r3l20" custom="readingOrder {index:18;}">
                <Coords points="219,1054 1065,1056 1064,1016 986,1007 219,1019"/>
                <Baseline points="225,1044 266,1043 308,1043 350,1041 391,1040 433,1040 475,1039 516,1038 558,1037 600,1037 642,1037 683,1035 725,1035 767,1035 808,1035 850,1035 892,1035 933,1035 975,1035 1017,1035 1059,1035"/>
                <TextEquiv>
                    <Unicode>ctionis prioris: sed perfectiones attributales vt sunt in</Unicode>
                </TextEquiv>
            </TextLine>
            <TextLine id="r3l21" custom="readingOrder {index:19;}">
                <Coords points="219,1091 1065,1089 1064,1056 969,1046 219,1062"/>
                <Baseline points="225,1083 266,1083 308,1082 350,1080 391,1080 433,1079 475,1079 516,1078 558,1077 600,1077 642,1077 683,1077 725,1076 767,1076 808,1076 850,1076 892,1076 933,1076 975,1076 1017,1076 1059,1074"/>
                <TextEquiv>
                    <Unicode>creaturis, sunt posteriores seipsis, vt sunt in Deo: sapien¬</Unicode>
                </TextEquiv>
            </TextLine>
            <TextLine id="r3l22" custom="readingOrder {index:20;}">
                <Coords points="213,1140 1007,1133 995,1097 876,1083 213,1100"/>
                <Baseline points="218,1121 257,1121 296,1121 335,1119 374,1119 413,1118 452,1118 492,1118 531,1118 570,1116 609,1116 648,1116 687,1116 726,1116 766,1116 805,1115 844,1115 883,1115 922,1115 961,1115 1001,1115"/>
                <TextEquiv>
                    <Unicode>tia enim creata, est causata sapientia, quae est in Deo.</Unicode>
                </TextEquiv>
            </TextLine>
            <TextLine id="r3l23" custom="readingOrder {index:21;}">
                <Coords points="264,1178 1064,1159 1021,1120 264,1133"/>
                <Baseline points="269,1160 308,1160 348,1158 387,1158 427,1158 466,1158 506,1157 545,1157 585,1157 624,1155 664,1155 703,1155 743,1155 782,1154 822,1154 861,1154 901,1154 940,1154 980,1154 1019,1154 1059,1155"/>
                <TextEquiv>
                    <Unicode>Dicit ergo ille doctor, quod rationes attributales sunt</Unicode>
                </TextEquiv>
            </TextLine>
            <TextLine id="r3l24" custom="readingOrder {index:22;}">
                <Coords points="222,1222 986,1215 1061,1204 1061,1163 222,1183"/>
                <Baseline points="227,1202 268,1201 309,1200 351,1199 392,1197 434,1197 475,1196 516,1196 558,1196 599,1194 641,1194 682,1194 723,1194 765,1194 806,1193 848,1193 889,1193 930,1193 972,1193 1013,1193 1055,1193"/>
                <TextEquiv>
                    <Unicode>potentia distinguibiles in essentia diuina, &amp; per hoc dif</Unicode>
                </TextEquiv>
            </TextLine>
            <TextLine id="r3l25" custom="readingOrder {index:23;}">
                <Coords points="226,1249 1064,1243 1044,1204 226,1223"/>
                <Baseline points="231,1241 272,1239 313,1239 355,1238 396,1237 437,1236 479,1236 520,1235 561,1235 603,1235 644,1235 685,1233 727,1233 768,1233 809,1233 851,1233 892,1233 933,1233 975,1232 1016,1232 1058,1232"/>
                <TextEquiv>
                    <Unicode>ert ab aliis de formalitatibus, qui dicunt, quod sint actu</Unicode>
                </TextEquiv>
            </TextLine>
            <TextLine id="r3l26" custom="readingOrder {index:24;}">
                <Coords points="216,1290 1068,1288 1067,1255 1031,1239 216,1249"/>
                <Baseline points="221,1280 263,1278 305,1277 347,1277 389,1276 431,1275 473,1274 515,1274 557,1274 599,1272 641,1272 683,1272 725,1272 767,1272 809,1271 851,1271 893,1271 935,1271 977,1271 1019,1271 1062,1271"/>
                <TextEquiv>
                    <Unicode>formaliter distinctae. Per hoc autem, quod dicit intelle¬</Unicode>
                </TextEquiv>
            </TextLine>
            <TextLine id="r3l27" custom="readingOrder {index:25;}">
                <Coords points="228,1340 1038,1332 1058,1288 228,1290"/>
                <Baseline points="233,1319 274,1317 315,1317 356,1316 397,1316 438,1314 479,1314 520,1313 561,1313 602,1313 643,1311 684,1311 725,1311 766,1311 807,1311 848,1311 889,1310 930,1310 971,1310 1012,1311 1053,1311"/>
                <TextEquiv>
                    <Unicode>ctum diuinum ea distinguere ab intra, differt ab illis, qu</Unicode>
                </TextEquiv>
            </TextLine>
            <TextLine id="r3l28" custom="readingOrder {index:26;}">
                <Coords points="222,1379 1042,1367 1076,1360 1076,1326 222,1341"/>
                <Baseline points="228,1359 270,1358 312,1357 354,1355 396,1355 438,1353 480,1353 523,1352 565,1352 607,1350 649,1350 691,1350 733,1350 775,1350 818,1349 860,1349 902,1349 944,1349 986,1350 1028,1350 1071,1350"/>
                <TextEquiv>
                    <Unicode>ponunt talem distinctionem fieri solum in ordine ad crea</Unicode>
                </TextEquiv>
            </TextLine>
            <TextLine id="r3l29" custom="readingOrder {index:27;}">
                <Coords points="225,1408 1039,1407 1065,1403 1065,1361 225,1380"/>
                <Baseline points="230,1397 271,1395 312,1395 354,1395 395,1394 437,1394 478,1393 520,1392 561,1391 603,1391 644,1391 685,1389 727,1389 768,1389 810,1388 851,1388 893,1388 934,1388 976,1388 1017,1389 1059,1389"/>
                <TextEquiv>
                    <Unicode>turas. Et addit tertio, quod talis distinctio fiat per simpl</Unicode>
                </TextEquiv>
            </TextLine>
            <TextLine id="r3l30" custom="readingOrder {index:28;}">
                <Coords points="223,1452 1052,1446 1067,1404 222,1407"/>
                <Baseline points="228,1437 269,1437 311,1436 352,1434 394,1434 436,1433 477,1432 519,1431 561,1431 602,1430 644,1430 686,1428 727,1428 769,1428 811,1427 852,1427 894,1427 936,1428 977,1428 1019,1428 1061,1430"/>
                <TextEquiv>
                    <Unicode>cem intuitum, &amp; non per intellectum comparantem diui¬</Unicode>
                </TextEquiv>
            </TextLine>
            <TextLine id="r3l31" custom="readingOrder {index:29;}">
                <Coords points="226,1487 1056,1482 1030,1437 225,1456"/>
                <Baseline points="231,1476 274,1475 317,1475 360,1473 403,1472 446,1471 489,1470 532,1470 575,1469 618,1469 662,1467 705,1467 748,1467 791,1467 834,1467 877,1467 920,1467 963,1467 1006,1467 1050,1467"/>
                <TextEquiv>
                    <Unicode>nam essentiam sub ratione vnius attributi ad seipsar</Unicode>
                </TextEquiv>
            </TextLine>
            <TextLine id="r3l32" custom="readingOrder {index:30;}">
                <Coords points="219,1531 1061,1521 1060,1482 950,1475 218,1487"/>
                <Baseline points="224,1517 265,1516 307,1515 348,1514 390,1512 431,1511 473,1510 514,1509 556,1509 597,1508 639,1508 681,1508 722,1507 764,1506 805,1506 847,1506 888,1506 930,1506 971,1506 1013,1506 1055,1508"/>
                <TextEquiv>
                    <Unicode>sub ratione alterius attributi: quia eo ipso, quod poten¬</Unicode>
                </TextEquiv>
            </TextLine>
            <TextLine id="r3l33" custom="readingOrder {index:31;}">
                <Coords points="220,1567 1029,1563 1062,1558 1062,1521 220,1534"/>
                <Baseline points="225,1554 266,1554 308,1553 349,1553 391,1551 432,1551 474,1550 515,1550 557,1548 598,1548 640,1547 682,1547 723,1547 765,1545 806,1545 848,1545 889,1545 931,1545 972,1545 1014,1545 1056,1545"/>
                <TextEquiv>
                    <Unicode>tialiter sunt im diuina essentia quantum ad istam distin</Unicode>
                </TextEquiv>
            </TextLine>
            <TextLine id="r3l34" custom="readingOrder {index:32;}">
                <Coords points="217,1614 1029,1605 1072,1595 1072,1564 216,1569"/>
                <Baseline points="222,1593 264,1593 306,1592 348,1592 391,1590 433,1590 475,1589 517,1589 560,1587 602,1587 644,1586 686,1586 729,1585 771,1584 813,1584 855,1584 898,1584 940,1584 982,1584 1024,1586 1067,1586"/>
                <TextEquiv>
                    <Unicode>ctionem rationis per simplicem intuitum intellectus por</Unicode>
                </TextEquiv>
            </TextLine>
            <TextLine id="r3l35" custom="readingOrder {index:33;}">
                <Coords points="222,1644 976,1646 1062,1637 1070,1601 221,1610"/>
                <Baseline points="227,1634 268,1634 310,1632 352,1631 394,1630 436,1629 478,1628 520,1626 562,1626 604,1625 646,1625 687,1623 729,1623 771,1623 813,1623 855,1623 897,1623 939,1623 981,1624 1023,1625 1065,1626"/>
                <TextEquiv>
                    <Unicode>fecte essentiam cognoscentis, talis distinctio reducitur in</Unicode>
                </TextEquiv>
            </TextLine>
            <TextLine id="r3l36" custom="readingOrder {index:34;}">
                <Coords points="226,1691 1068,1672 1052,1635 225,1644"/>
                <Baseline points="231,1674 272,1673 314,1671 355,1671 397,1670 438,1668 480,1668 521,1667 563,1667 604,1665 646,1665 688,1665 729,1665 771,1664 812,1664 854,1664 895,1664 937,1664 978,1664 1020,1664 1062,1665"/>
                <TextEquiv>
                    <Unicode>actum, &amp; per hoc differt ab illis, quorum rationes adduxi</Unicode>
                </TextEquiv>
            </TextLine>
            <TextLine id="r3l37" custom="readingOrder {index:35;}">
                <Coords points="234,1733 260,1717 302,1726 324,1719 350,1734 391,1718 539,1724 538,1685 496,1690 475,1676 398,1693 349,1683 306,1696 233,1692"/>
                <Baseline points="239,1712 265,1712 292,1712 319,1711 345,1710 372,1709 399,1707 426,1707 452,1707 479,1707 506,1707 533,1709"/>
                <TextEquiv>
                    <Unicode>proxime ante istum</Unicode>
                </TextEquiv>
            </TextLine>
            <TextLine id="r3l38" custom="readingOrder {index:36;}">
                <Coords points="252,1762 1050,1758 1076,1753 1076,1713 252,1735"/>
                <Baseline points="258,1751 298,1749 339,1748 379,1748 420,1746 461,1745 501,1745 542,1743 583,1743 623,1743 664,1743 705,1742 745,1742 786,1742 827,1742 867,1742 908,1742 949,1742 989,1742 1030,1743 1071,1743"/>
                <TextEquiv>
                    <Unicode>Sed nec ista videntur esse vera. Deficit enim fundamen</Unicode>
                </TextEquiv>
            </TextLine>
            <TextLine id="r3l39" custom="readingOrder {index:37;}">
                <Coords points="217,1797 980,1805 1067,1792 1067,1764 216,1773"/>
                <Baseline points="222,1791 264,1790 306,1788 348,1788 390,1787 432,1785 474,1785 516,1784 558,1784 600,1782 642,1782 684,1782 726,1782 768,1781 810,1781 852,1781 894,1781 936,1781 978,1781 1020,1782 1062,1782"/>
                <TextEquiv>
                    <Unicode>tum primi doctoris; quia omnis comparatio praesupponii</Unicode>
                </TextEquiv>
            </TextLine>
            <TextLine id="r3l40" custom="readingOrder {index:38;}">
                <Coords points="225,1845 1068,1832 1060,1790 224,1802"/>
                <Baseline points="230,1827 271,1827 313,1827 354,1826 396,1826 438,1824 479,1824 521,1824 562,1823 604,1823 646,1823 687,1821 729,1821 770,1821 812,1821 854,1820 895,1820 937,1820 978,1820 1020,1820 1062,1821"/>
                <TextEquiv>
                    <Unicode>distinctionem comparabilium, vel secundum rem, vel sa</Unicode>
                </TextEquiv>
            </TextLine>
            <TextLine id="r3l41" custom="readingOrder {index:39;}">
                <Coords points="228,1884 1071,1879 1070,1835 1029,1828 227,1846"/>
                <Baseline points="233,1869 274,1869 316,1868 357,1866 399,1865 441,1865 482,1863 524,1863 565,1862 607,1862 649,1860 690,1860 732,1860 773,1860 815,1859 857,1859 898,1859 940,1859 981,1859 1023,1860 1065,1860"/>
                <TextEquiv>
                    <Unicode>tem secundum rationem: si ergo ex comparatione diui¬</Unicode>
                </TextEquiv>
            </TextLine>
            <TextLine id="r3l42" custom="readingOrder {index:40;}">
                <Coords points="228,1929 1068,1916 1067,1877 1024,1870 228,1891"/>
                <Baseline points="233,1910 274,1908 315,1907 357,1905 398,1904 440,1904 481,1902 523,1901 564,1900 606,1899 647,1899 688,1898 730,1898 771,1898 813,1898 854,1898 896,1898 937,1898 979,1898 1020,1899 1062,1899"/>
                <TextEquiv>
                    <Unicode>nae essentiae ad seipsam innasceretur distinctio rationis a</Unicode>
                </TextEquiv>
            </TextLine>
            <TextLine id="r3l43" custom="readingOrder {index:41;}">
                <Coords points="231,1960 1062,1957 1078,1915 231,1929"/>
                <Baseline points="236,1949 277,1947 319,1947 361,1946 403,1944 445,1943 487,1943 528,1941 570,1940 612,1940 654,1940 696,1938 738,1938 780,1938 821,1938 863,1938 905,1938 947,1938 989,1938 1031,1940 1073,1940"/>
                <TextEquiv>
                    <Unicode>tributorum, tunc essent distincta antequam distingueren</Unicode>
                </TextEquiv>
            </TextLine>
            <TextLine id="r3l44" custom="readingOrder {index:42;}">
                <Coords points="228,1997 315,2006 436,1992 532,2004 629,1987 629,1960 591,1949 460,1968 350,1954 299,1969 228,1967"/>
                <Baseline points="234,1989 260,1988 286,1986 312,1985 338,1985 364,1983 390,1983 416,1982 442,1982 468,1982 494,1982 520,1982 546,1982 572,1982 598,1982 624,1982"/>
                <TextEquiv>
                    <Unicode>tur, quod est contradictio. </Unicode>
                </TextEquiv>
            </TextLine>
            <TextLine id="r3l45" custom="readingOrder {index:43;}">
                <Coords points="267,2038 1020,2039 1069,2024 1069,1998 267,1999"/>
                <Baseline points="272,2025 311,2025 351,2024 390,2022 430,2022 470,2021 509,2021 549,2019 588,2019 628,2019 668,2018 707,2018 747,2018 786,2018 826,2018 866,2018 905,2016 945,2018 984,2018 1024,2018 1064,2018"/>
                <TextEquiv>
                    <Unicode>Fundamentum etiam secundi doctoris videtur defico</Unicode>
                </TextEquiv>
            </TextLine>
            <TextLine id="r3l46" custom="readingOrder {index:44;}">
                <Coords points="222,2083 1068,2069 1067,2024 222,2039"/>
                <Baseline points="228,2067 269,2066 311,2064 353,2063 394,2062 436,2061 478,2061 519,2060 561,2060 603,2058 645,2058 686,2058 728,2057 770,2057 811,2057 853,2057 895,2057 936,2055 978,2055 1020,2055 1062,2055"/>
                <TextEquiv>
                    <Unicode>re: quia in actu purissimo non potest esse intrinsece ali¬</Unicode>
                </TextEquiv>
            </TextLine>
            <TextLine id="r3l47" custom="readingOrder {index:45;}">
                <Coords points="238,2126 1076,2112 1060,2068 238,2087"/>
                <Baseline points="243,2106 284,2105 325,2103 367,2103 408,2102 449,2101 491,2100 532,2099 573,2098 615,2097 656,2097 697,2096 739,2096 780,2096 821,2094 863,2094 904,2094 945,2094 987,2096 1028,2096 1070,2096"/>
                <TextEquiv>
                    <Unicode>quid potentia distinguibile, quod non sit actu distinctum;</Unicode>
                </TextEquiv>
            </TextLine>
            <TextLine id="r3l48" custom="readingOrder {index:46;}">
                <Coords points="235,2164 1015,2155 1067,2144 1067,2112 235,2127"/>
                <Baseline points="240,2145 281,2144 322,2142 363,2142 404,2141 445,2139 486,2139 527,2138 568,2138 609,2136 651,2136 692,2136 733,2135 774,2135 815,2135 856,2135 897,2135 938,2135 979,2135 1020,2135 1062,2136"/>
                <TextEquiv>
                    <Unicode>quia quamuis haec proposito 3. physicorum, quod in per</Unicode>
                </TextEquiv>
            </TextLine>
            <TextLine id="r3l49" custom="readingOrder {index:47;}">
                <Coords points="236,2206 1044,2191 1066,2143 236,2164"/>
                <Baseline points="242,2186 285,2184 328,2183 371,2181 414,2180 457,2178 500,2178 543,2177 586,2177 629,2175 673,2175 716,2175 759,2174 802,2174 845,2174 888,2174 931,2174 974,2174 1017,2172 1061,2172"/>
                <TextEquiv>
                    <Unicode>petuis non differt esse, &amp; posse, patiatur calumniam quas</Unicode>
                </TextEquiv>
            </TextLine>
            <TextLine id="r3l50" custom="readingOrder {index:48;}">
                <Coords points="237,2236 987,2235 1067,2224 1067,2193 237,2206"/>
                <Baseline points="243,2226 286,2225 329,2223 372,2220 415,2219 458,2218 501,2217 544,2216 587,2216 630,2214 674,2214 717,2214 760,2213 803,2213 846,2213 889,2213 932,2213 975,2213 1018,2214 1062,2214"/>
                <TextEquiv>
                    <Unicode>tum ad ceteras intelligentias, tamen quantum ad ipiun</Unicode>
                </TextEquiv>
            </TextLine>
            <TextLine id="r3l51" custom="readingOrder {index:49;}">
                <Coords points="240,2278 1052,2270 1073,2229 239,2236"/>
                <Baseline points="245,2264 286,2263 327,2261 368,2260 409,2259 450,2258 491,2256 533,2256 574,2255 615,2255 656,2253 697,2253 738,2253 779,2252 821,2252 862,2252 903,2252 944,2252 985,2252 1026,2252 1068,2253"/>
                <TextEquiv>
                    <Unicode>Deum, &amp; maxime quo ad ea, quae sibi conueniunt ad in¬</Unicode>
                </TextEquiv>
            </TextLine>
            <TextLine id="r3l52" custom="readingOrder {index:50;}">
                <Coords points="235,2321 1071,2309 1070,2269 940,2261 235,2282"/>
                <Baseline points="240,2306 281,2303 322,2301 363,2301 405,2300 446,2298 487,2297 528,2296 570,2295 611,2294 652,2293 693,2292 735,2292 776,2291 817,2291 858,2291 900,2291 941,2291 982,2291 1023,2292 1065,2292"/>
                <TextEquiv>
                    <Unicode>tra, iam dicta proposito est infallibiliter vera. Cum ergo</Unicode>
                </TextEquiv>
            </TextLine>
            <TextLine id="r3l53" custom="readingOrder {index:51;}">
                <Coords points="235,2354 1046,2350 1073,2345 1073,2310 234,2322"/>
                <Baseline points="240,2345 281,2342 322,2342 364,2340 405,2339 447,2337 488,2336 529,2334 571,2334 612,2333 654,2333 695,2331 736,2331 778,2330 819,2330 861,2330 902,2330 943,2330 985,2330 1026,2331 1068,2331"/>
                <TextEquiv>
                    <Unicode>essentia diuina fit actus purissimus, non poterit esse in ex</Unicode>
                </TextEquiv>
            </TextLine>
            <TextLine id="r3l54" custom="readingOrder {index:52;}">
                <Coords points="236,2389 1073,2389 1073,2348 236,2353"/>
                <Baseline points="242,2381 283,2381 324,2379 365,2379 407,2378 448,2376 489,2376 531,2375 572,2373 613,2373 655,2372 696,2372 737,2370 778,2370 820,2370 861,2370 902,2370 944,2370 985,2370 1026,2371 1068,2372"/>
                <TextEquiv>
                    <Unicode>aliquid in potentia distinguibile, quod ab intra reduca¬</Unicode>
                </TextEquiv>
            </TextLine>
            <TextLine id="r3l56" custom="readingOrder {index:53;}">
                <Coords points="238,2438 964,2427 964,2390 237,2389"/>
                <Baseline points="243,2421 278,2421 314,2420 350,2418 386,2418 422,2417 457,2415 493,2414 529,2414 565,2412 601,2412 636,2411 672,2411 708,2410 744,2409 780,2409 815,2409 851,2409 887,2409 923,2409 959,2411"/>
                <TextEquiv>
                    <Unicode>tur ad actum. Ideo respondeo rationibus eorum</Unicode>
                </TextEquiv>
            </TextLine>
            <TextLine id="r3l57" custom="readingOrder {index:54;}">
                <Coords points="283,2471 1026,2467 1075,2460 1075,2426 282,2440"/>
                <Baseline points="288,2462 327,2459 366,2457 405,2456 444,2455 483,2454 522,2453 561,2451 600,2451 639,2450 679,2450 718,2450 757,2450 796,2449 835,2448 874,2448 913,2448 952,2448 991,2448 1030,2448 1070,2448"/>
                <TextEquiv>
                    <Unicode>Ad primum dico, quod quamuis entitas, &amp; perfectio</Unicode>
                </TextEquiv>
            </TextLine>
            <TextLine id="r3l59" custom="readingOrder {index:55;}">
                <Coords points="238,2517 1060,2508 1073,2463 237,2476"/>
                <Baseline points="243,2502 284,2501 325,2498 366,2497 408,2496 449,2495 490,2493 531,2492 573,2490 614,2490 655,2489 696,2489 738,2487 779,2487 820,2487 861,2487 903,2486 944,2486 985,2486 1026,2487 1068,2487"/>
                <TextEquiv>
                    <Unicode>attributorum principalius conteniat Deo, quam creatu</Unicode>
                </TextEquiv>
            </TextLine>
            <TextLine id="r3l60" custom="readingOrder {index:56;}">
                <Coords points="243,2555 1083,2543 1082,2506 965,2499 242,2516"/>
                <Baseline points="248,2543 289,2541 330,2538 372,2537 413,2535 455,2534 496,2532 538,2531 579,2531 621,2529 662,2528 703,2528 745,2528 786,2526 828,2526 869,2526 911,2526 952,2526 994,2526 1035,2526 1077,2526"/>
                <TextEquiv>
                    <Unicode>ris, distinctio tamen eorum principalius conuenit creatu</Unicode>
                </TextEquiv>
            </TextLine>
            <TextLine id="r3l61" custom="readingOrder {index:57;}">
                <Coords points="243,2594 1061,2585 1082,2543 242,2555"/>
                <Baseline points="248,2582 289,2580 330,2576 372,2575 413,2573 455,2572 496,2571 538,2570 579,2568 621,2568 662,2568 703,2567 745,2567 786,2567 828,2567 869,2567 911,2567 952,2567 994,2565 1035,2565 1077,2565"/>
                <TextEquiv>
                    <Unicode>ris, quam Deo: quia respectu eorundem distinctio ratio¬ </Unicode>
                </TextEquiv>
            </TextLine>
            <TextLine id="r3l62" custom="readingOrder {index:58;}">
                <Coords points="246,2636 1077,2616 1076,2583 996,2578 245,2596"/>
                <Baseline points="251,2621 292,2619 333,2616 374,2614 415,2612 456,2610 497,2610 538,2609 579,2608 620,2607 661,2607 702,2607 743,2606 784,2606 825,2606 866,2606 907,2606 948,2604 989,2604 1030,2603 1071,2601"/>
                <TextEquiv>
                    <Unicode>nis debet sumi ad instar distinctionis realis, &amp; non econ¬</Unicode>
                </TextEquiv>
            </TextLine>
            <TextLine id="r3l63" custom="readingOrder {index:59;}">
                <Coords points="250,2672 1045,2664 1085,2658 1084,2620 249,2637"/>
                <Baseline points="255,2660 296,2657 337,2655 378,2652 420,2651 461,2651 502,2649 543,2648 585,2646 626,2646 667,2645 708,2645 750,2645 791,2643 832,2643 873,2643 915,2643 956,2643 997,2643 1038,2643 1080,2643"/>
                <TextEquiv>
                    <Unicode>uerso: &amp; ideo ad imperfectionem Dei cederet, quod talis</Unicode>
                </TextEquiv>
            </TextLine>
            <TextLine id="r3l64" custom="readingOrder {index:60;}">
                <Coords points="243,2712 1063,2699 1084,2660 243,2675"/>
                <Baseline points="249,2700 290,2697 332,2695 373,2693 415,2691 456,2690 498,2688 539,2688 581,2687 622,2685 664,2685 705,2685 747,2685 788,2684 830,2684 871,2684 913,2684 954,2684 996,2684 1037,2684 1079,2684"/>
                <TextEquiv>
                    <Unicode>distinctio principalius esset in ipso, quam in creaturis;</Unicode>
                </TextEquiv>
            </TextLine>
            <TextLine id="r3l65" custom="readingOrder {index:61;}">
                <Coords points="250,2761 625,2732 1003,2741 1078,2733 1078,2701 250,2721"/>
                <Baseline points="255,2739 295,2737 336,2734 377,2732 418,2731 459,2729 500,2729 541,2727 582,2726 623,2726 664,2724 704,2724 745,2724 786,2723 827,2723 868,2723 909,2723 950,2723 991,2723 1032,2723 1073,2723"/>
                <TextEquiv>
                    <Unicode>quia tunc oportet talem distinctionem realiter esse in</Unicode>
                </TextEquiv>
            </TextLine>
            <TextLine id="r3l66" custom="readingOrder {index:62;}">
                <Coords points="241,2796 1080,2776 1079,2743 1020,2733 241,2758"/>
                <Baseline points="246,2783 287,2779 328,2775 370,2772 411,2770 453,2768 494,2766 535,2766 577,2765 618,2763 660,2763 701,2762 742,2762 784,2762 825,2762 867,2762 908,2762 949,2762 991,2760 1032,2760 1074,2760"/>
                <TextEquiv>
                    <Unicode>peo, &amp; pereosequens valde derogaretur diuinae simplicitati</Unicode>
                </TextEquiv>
            </TextLine>
            <TextLine id="r3l67" custom="readingOrder {index:63;}">
                <Coords points="285,2826 1077,2811 1076,2778 1016,2772 285,2792"/>
                <Baseline points="290,2816 329,2813 368,2812 407,2811 446,2808 485,2808 524,2807 563,2805 602,2805 641,2804 680,2804 719,2802 758,2802 797,2802 836,2801 875,2801 914,2801 953,2801 992,2801 1031,2801 1071,2801"/>
                <TextEquiv>
                    <Unicode>Ad secundum dicendum negando minorem: quia eo</Unicode>
                </TextEquiv>
            </TextLine>
            <TextLine id="r3l68" custom="readingOrder {index:64;}">
                <Coords points="246,2871 1082,2851 1072,2811 245,2827"/>
                <Baseline points="251,2858 292,2856 333,2853 374,2852 416,2850 457,2849 498,2847 540,2846 581,2844 622,2844 664,2843 705,2843 746,2841 787,2841 829,2841 870,2840 911,2840 953,2840 994,2840 1035,2840 1077,2840"/>
                <TextEquiv>
                    <Unicode>ipso, quod videmus in creaturis sapientiam, seu quamli¬</Unicode>
                </TextEquiv>
            </TextLine>
            <TextLine id="r3l69" custom="readingOrder {index:65;}">
                <Coords points="243,2909 1089,2896 1088,2854 243,2870"/>
                <Baseline points="249,2898 290,2895 332,2894 374,2891 415,2889 457,2887 499,2886 540,2885 582,2883 624,2882 666,2882 707,2881 749,2880 791,2880 832,2880 874,2880 916,2879 957,2879 999,2879 1041,2879 1083,2880"/>
                <TextEquiv>
                    <Unicode>bet aliam perfectionem realiter a suo differre subiecto, pos</Unicode>
                </TextEquiv>
            </TextLine>
            <TextLine id="r3l70" custom="readingOrder {index:66;}">
                <Coords points="245,2950 1083,2930 1064,2887 245,2910"/>
                <Baseline points="251,2936 292,2934 333,2933 374,2931 416,2929 457,2928 498,2927 540,2925 581,2924 622,2923 664,2922 705,2921 746,2921 787,2919 829,2919 870,2919 911,2918 953,2918 994,2918 1035,2918 1077,2918"/>
                <TextEquiv>
                    <Unicode>sumus concipere talia, vt ponuntur in diuinis, differre se¬</Unicode>
                </TextEquiv>
            </TextLine>
            <TextLine id="r3l71" custom="readingOrder {index:67;}">
                <Coords points="243,2990 1076,2968 1075,2934 959,2927 242,2950"/>
                <Baseline points="248,2975 289,2973 330,2972 371,2970 412,2969 453,2967 494,2966 535,2964 576,2963 617,2963 659,2961 700,2961 741,2960 782,2960 823,2958 864,2958 905,2958 946,2957 987,2957 1028,2957 1070,2957"/>
                <TextEquiv>
                    <Unicode>cundum rationem a deitate, quae secundum nostrum mo</Unicode>
                </TextEquiv>
            </TextLine>
            <TextLine id="r3l72" custom="readingOrder {index:68;}">
                <Coords points="238,3025 1064,3018 1095,3008 1094,2967 237,2993"/>
                <Baseline points="243,3015 285,3013 327,3011 369,3009 412,3006 454,3005 496,3004 539,3003 581,3002 623,3002 666,3000 708,3000 750,3000 792,3000 835,2999 877,2999 919,2999 962,2999 1004,2997 1046,2997 1089,2997"/>
                <TextEquiv>
                    <Unicode>dum intelligendi videtur se habere per modum subiecti</Unicode>
                </TextEquiv>
            </TextLine>
            <TextLine id="r3l73" custom="readingOrder {index:69;}">
                <Coords points="250,3062 779,3053 778,3022 740,3010 249,3030"/>
                <Baseline points="255,3054 280,3052 306,3051 332,3050 358,3048 384,3048 410,3047 436,3045 462,3045 488,3044 514,3042 539,3042 565,3041 591,3041 617,3040 643,3039 669,3039 695,3039 721,3039 747,3039 773,3038"/>
                <TextEquiv>
                    <Unicode>respectu huiusmodi perfectionum</Unicode>
                </TextEquiv>
            </TextLine>
            <TextLine id="r3l74" custom="readingOrder {index:70;}">
                <Coords points="297,3111 1047,3096 1090,3087 1090,3045 296,3060"/>
                <Baseline points="302,3090 341,3089 380,3087 419,3086 458,3084 497,3083 536,3083 576,3081 615,3081 654,3080 693,3080 732,3078 771,3078 810,3077 850,3077 889,3077 928,3075 967,3075 1006,3075 1045,3074 1085,3074"/>
                <TextEquiv>
                    <Unicode>Ad tertium dicendum, quod minor posset negari: quia</Unicode>
                </TextEquiv>
            </TextLine>
            <TextLine id="r3l75" custom="readingOrder {index:71;}">
                <Coords points="249,3143 1097,3131 1096,3086 249,3099"/>
                <Baseline points="255,3132 296,3131 338,3129 380,3127 422,3125 464,3123 505,3122 547,3122 589,3120 631,3119 673,3119 714,3117 756,3117 798,3116 840,3116 882,3116 923,3114 965,3114 1007,3114 1049,3114 1091,3113"/>
                <TextEquiv>
                    <Unicode>essentia est causa, siue ratio vnitatis, fiue conuenientiae</Unicode>
                </TextEquiv>
            </TextLine>
            <TextLine id="r3l76" custom="readingOrder {index:72;}">
                <Coords points="251,3196 1100,3179 1099,3131 249,3143"/>
                <Baseline points="255,3174 299,3173 343,3170 387,3168 431,3166 475,3164 519,3163 564,3162 608,3161 652,3159 696,3159 740,3158 784,3158 829,3156 873,3156 917,3156 961,3156 1005,3156 1049,3156 1094,3156"/>
                <TextEquiv>
                    <Unicode>personarum, &amp; ideo nen potest esse causa distinctionis, </Unicode>
                </TextEquiv>
            </TextLine>
            <TextEquiv>
                <Unicode>e Praeterea, si nulla esset creatura, adhuc Deus intelli
geret se sub ratione veri, &amp; diligeret se sub ratione boni
Praeterea, Quasi hoc idem arguit quidam alius doctor sic¬
1 Ista natura, in qua continentur virtualiter omne-
rationes attributales potentia distinguibiles, si obiiciatur
intellectui perfecte, &amp; distincte ipsam intelligenti, omne
tales rationes reducentur in actum: sed essentia diuina
respectu intellectus Dei est huiusmodi, igitur sicut plura
litas secundum rationem obiectiue ponitur in essenti
diuina intellecta, sic correspondenter subiectiue debet
poni in intellectus intelligibilitate,
2 Praeterea, non minus absolutum est intelligere di¬
uinum, quam sit suum esse: sed distinctum, &amp; perfectum
esse diuinum non conexigit creaturam, ergo nec suum in
telligere, quo distincte, &amp; persecte intelligit seipsum
alias Dei beatitudo dependeret a creaturis.
3 Praeterea, sicut posterius non potest esse causa prio
ris, sic distinctio posterioris non potest esse causa distin¬
ctionis prioris: sed perfectiones attributales vt sunt in
creaturis, sunt posteriores seipsis, vt sunt in Deo: sapien¬
tia enim creata, est causata sapientia, quae est in Deo.
Dicit ergo ille doctor, quod rationes attributales sunt
potentia distinguibiles in essentia diuina, &amp; per hoc dif
ert ab aliis de formalitatibus, qui dicunt, quod sint actu
formaliter distinctae. Per hoc autem, quod dicit intelle¬
ctum diuinum ea distinguere ab intra, differt ab illis, qu
ponunt talem distinctionem fieri solum in ordine ad crea
turas. Et addit tertio, quod talis distinctio fiat per simpl
cem intuitum, &amp; non per intellectum comparantem diui¬
nam essentiam sub ratione vnius attributi ad seipsar
sub ratione alterius attributi: quia eo ipso, quod poten¬
tialiter sunt im diuina essentia quantum ad istam distin
ctionem rationis per simplicem intuitum intellectus por
fecte essentiam cognoscentis, talis distinctio reducitur in
actum, &amp; per hoc differt ab illis, quorum rationes adduxi
proxime ante istum
Sed nec ista videntur esse vera. Deficit enim fundamen
tum primi doctoris; quia omnis comparatio praesupponii
distinctionem comparabilium, vel secundum rem, vel sa
tem secundum rationem: si ergo ex comparatione diui¬
nae essentiae ad seipsam innasceretur distinctio rationis a
tributorum, tunc essent distincta antequam distingueren
tur, quod est contradictio. 
Fundamentum etiam secundi doctoris videtur defico
re: quia in actu purissimo non potest esse intrinsece ali¬
quid potentia distinguibile, quod non sit actu distinctum;
quia quamuis haec proposito 3. physicorum, quod in per
petuis non differt esse, &amp; posse, patiatur calumniam quas
tum ad ceteras intelligentias, tamen quantum ad ipiun
Deum, &amp; maxime quo ad ea, quae sibi conueniunt ad in¬
tra, iam dicta proposito est infallibiliter vera. Cum ergo
essentia diuina fit actus purissimus, non poterit esse in ex
aliquid in potentia distinguibile, quod ab intra reduca¬
tur ad actum. Ideo respondeo rationibus eorum
Ad primum dico, quod quamuis entitas, &amp; perfectio
attributorum principalius conteniat Deo, quam creatu
ris, distinctio tamen eorum principalius conuenit creatu
ris, quam Deo: quia respectu eorundem distinctio ratio¬ 
nis debet sumi ad instar distinctionis realis, &amp; non econ¬
uerso: &amp; ideo ad imperfectionem Dei cederet, quod talis
distinctio principalius esset in ipso, quam in creaturis;
quia tunc oportet talem distinctionem realiter esse in
peo, &amp; pereosequens valde derogaretur diuinae simplicitati
Ad secundum dicendum negando minorem: quia eo
ipso, quod videmus in creaturis sapientiam, seu quamli¬
bet aliam perfectionem realiter a suo differre subiecto, pos
sumus concipere talia, vt ponuntur in diuinis, differre se¬
cundum rationem a deitate, quae secundum nostrum mo
dum intelligendi videtur se habere per modum subiecti
respectu huiusmodi perfectionum
Ad tertium dicendum, quod minor posset negari: quia
essentia est causa, siue ratio vnitatis, fiue conuenientiae
personarum, &amp; ideo nen potest esse causa distinctionis, </Unicode>
            </TextEquiv>
        </TextRegion>
        <TextRegion orientation="0.0" id="r4" custom="readingOrder {index:1;}">
            <Coords points="1118,244 1118,3196 1980,3196 1980,244"/>
            <TextLine id="r4l4" custom="readingOrder {index:0;}">
                <Coords points="1120,348 1880,359 1966,349 1967,301 1120,294"/>
                <Baseline points="1125,332 1166,332 1208,333 1250,333 1292,333 1334,333 1375,333 1417,333 1459,333 1501,335 1543,335 1584,335 1626,335 1668,335 1710,335 1752,336 1793,336 1835,338 1877,338 1919,339 1961,341"/>
                <TextEquiv>
                    <Unicode>&amp; differentiae personarum, hoc enim conuenit ipsi rela¬</Unicode>
                </TextEquiv>
            </TextLine>
            <TextLine id="r4l5" custom="readingOrder {index:1;}">
                <Coords points="1116,382 1967,398 1967,348 1117,345"/>
                <Baseline points="1122,371 1166,371 1210,372 1254,372 1298,372 1342,372 1386,372 1431,372 1475,372 1519,372 1563,372 1607,372 1651,372 1696,374 1740,374 1784,375 1828,377 1872,377 1916,379 1961,381"/>
                <TextEquiv>
                    <Unicode>tioni, iuxta illud boet. Essentia continet vnitatem, &amp; re-</Unicode>
                </TextEquiv>
            </TextLine>
            <TextLine id="r4l6" custom="readingOrder {index:2;}">
                <Coords points="1117,419 1958,427 1958,398 1919,386 1117,383"/>
                <Baseline points="1122,410 1163,411 1205,411 1246,411 1288,411 1329,411 1371,411 1412,410 1454,410 1495,410 1537,410 1578,410 1620,410 1661,411 1703,411 1744,411 1786,413 1827,414 1869,416 1910,418 1952,420"/>
                <TextEquiv>
                    <Unicode>latio multiplicat trinitatem Potest etiam dici, quod ma</Unicode>
                </TextEquiv>
            </TextLine>
            <TextLine id="r4l7" custom="readingOrder {index:3;}">
                <Coords points="1113,460 1930,475 1958,466 1959,428 1113,422"/>
                <Baseline points="1119,449 1160,449 1202,449 1244,449 1285,449 1327,449 1369,449 1410,450 1452,450 1494,450 1536,450 1577,450 1619,450 1661,452 1702,452 1744,453 1786,453 1827,455 1869,455 1911,456 1953,458"/>
                <TextEquiv>
                    <Unicode>ior est vera solum, vbi maior &amp; minor distinctio sunt eius</Unicode>
                </TextEquiv>
            </TextLine>
            <TextLine id="r4l8" custom="readingOrder {index:4;}">
                <Coords points="1112,502 1961,505 1961,476 1891,464 1112,460"/>
                <Baseline points="1118,489 1159,489 1201,489 1243,489 1285,489 1327,489 1369,489 1410,489 1452,489 1494,489 1536,489 1578,489 1620,489 1662,489 1703,491 1745,491 1787,492 1829,492 1871,494 1913,494 1955,495"/>
                <TextEquiv>
                    <Unicode>dem rationis: sed distinctiones personarum, &amp; attriburo¬</Unicode>
                </TextEquiv>
            </TextLine>
            <TextLine id="r4l9" custom="readingOrder {index:5;}">
                <Coords points="1123,535 1965,551 1965,505 1123,510"/>
                <Baseline points="1128,528 1169,528 1211,528 1252,528 1294,528 1335,528 1377,528 1418,528 1460,528 1501,528 1543,527 1585,527 1626,528 1668,528 1709,528 1751,529 1792,530 1834,531 1875,533 1917,533 1959,536"/>
                <TextEquiv>
                    <Unicode>rum non sunt eiusdem rationis, cum vna sit secundum re</Unicode>
                </TextEquiv>
            </TextLine>
            <TextLine id="r4l10" custom="readingOrder {index:6;}">
                <Coords points="1113,578 1955,584 1955,552 1911,543 1113,545"/>
                <Baseline points="1118,567 1159,567 1201,567 1242,567 1284,567 1325,567 1367,567 1408,567 1450,567 1491,567 1533,567 1575,567 1616,567 1658,567 1699,567 1741,567 1782,569 1824,569 1865,570 1907,572 1949,573"/>
                <TextEquiv>
                    <Unicode>alia secundum rationem, &amp; vna sit relatiuorum, alia ve¬</Unicode>
                </TextEquiv>
            </TextLine>
            <TextLine id="r4l11" custom="readingOrder {index:7;}">
                <Coords points="1120,622 1939,630 1958,595 1120,587"/>
                <Baseline points="1125,606 1166,606 1207,606 1249,606 1290,606 1331,606 1373,605 1414,605 1455,605 1497,605 1538,605 1579,605 1621,605 1662,606 1703,606 1745,606 1786,608 1827,608 1869,609 1910,611 1952,612"/>
                <TextEquiv>
                    <Unicode>ro absolutorum. Etiam potest dici, quod ex comparatio¬</Unicode>
                </TextEquiv>
            </TextLine>
            <TextLine id="r4l12" custom="readingOrder {index:8;}">
                <Coords points="1120,654 1970,665 1970,628 1897,622 1120,623"/>
                <Baseline points="1125,644 1167,645 1209,645 1251,645 1293,645 1335,645 1377,645 1419,645 1461,645 1503,645 1545,645 1587,645 1629,645 1671,645 1713,645 1755,647 1797,647 1839,648 1881,649 1923,651 1965,653"/>
                <TextEquiv>
                    <Unicode>ne maioris &amp; minoris distinctionis ad inuicem, non bene</Unicode>
                </TextEquiv>
            </TextLine>
            <TextLine id="r4l13" custom="readingOrder {index:9;}">
                <Coords points="1116,694 1958,704 1958,665 1931,662 1116,661"/>
                <Baseline points="1122,684 1163,684 1205,684 1246,684 1288,684 1329,684 1371,684 1412,684 1454,684 1495,684 1537,684 1579,684 1620,684 1662,684 1703,684 1745,684 1786,686 1828,686 1869,687 1911,689 1953,692"/>
                <TextEquiv>
                    <Unicode>arguitur de vno ad alterum, nisi sint eiusdem rationis;</Unicode>
                </TextEquiv>
            </TextLine>
            <TextLine id="r4l14" custom="readingOrder {index:10;}">
                <Coords points="1113,733 1952,740 1952,707 1894,698 1114,694"/>
                <Baseline points="1119,725 1160,723 1201,723 1243,723 1284,722 1326,722 1367,722 1408,722 1450,723 1491,723 1533,723 1574,723 1615,724 1657,725 1698,725 1740,726 1781,726 1822,726 1864,728 1905,728 1947,728"/>
                <TextEquiv>
                    <Unicode>sed distinctio realis personarum, &amp; distinctio rationis at¬</Unicode>
                </TextEquiv>
            </TextLine>
            <TextLine id="r4l15" custom="readingOrder {index:11;}">
                <Coords points="1116,771 1966,782 1966,739 1117,739"/>
                <Baseline points="1122,764 1166,764 1210,764 1254,764 1298,764 1342,764 1386,764 1431,764 1475,764 1519,764 1563,764 1607,764 1651,764 1696,764 1740,765 1784,765 1828,766 1872,767 1916,768 1961,768"/>
                <TextEquiv>
                    <Unicode>tributorum, non sunt distinctiones eiusdem rationis, &amp; </Unicode>
                </TextEquiv>
            </TextLine>
            <TextLine id="r4l16" custom="readingOrder {index:12;}">
                <Coords points="1120,820 1964,824 1955,776 1120,774"/>
                <Baseline points="1125,803 1166,803 1208,801 1250,801 1291,801 1333,803 1375,803 1416,803 1458,803 1500,804 1542,804 1583,804 1625,806 1667,806 1708,806 1750,806 1792,807 1833,807 1875,806 1917,806 1959,806"/>
                <TextEquiv>
                    <Unicode>ideo nec proprie sunt comparabiles, nec bene concludi¬</Unicode>
                </TextEquiv>
            </TextLine>
            <TextLine id="r4l17" custom="readingOrder {index:13;}">
                <Coords points="1118,863 1165,851 1224,859 1252,850 1281,862 1307,850 1343,860 1472,856 1472,821 1441,812 1419,824 1361,811 1298,824 1237,821 1225,810 1118,818"/>
                <Baseline points="1124,843 1150,843 1176,842 1202,842 1229,842 1255,842 1281,842 1308,842 1334,842 1360,842 1387,842 1413,843 1439,844 1466,846"/>
                <TextEquiv>
                    <Unicode>tur de vno per alterum.</Unicode>
                </TextEquiv>
            </TextLine>
            <TextLine id="r4l18" custom="readingOrder {index:14;}">
                <Coords points="1135,891 1964,899 1964,860 1923,854 1135,858"/>
                <Baseline points="1140,881 1183,881 1226,882 1269,882 1312,882 1355,882 1398,882 1441,882 1484,882 1527,881 1571,881 1614,881 1657,881 1700,881 1743,882 1786,882 1829,882 1872,884 1915,885 1959,887"/>
                <TextEquiv>
                    <Unicode>Ad quartum dicendum, quod omnis diuersitas ratio¬ </Unicode>
                </TextEquiv>
            </TextLine>
            <TextLine id="r4l19" custom="readingOrder {index:15;}">
                <Coords points="1123,931 1948,940 1959,903 1123,898"/>
                <Baseline points="1128,920 1169,920 1210,920 1251,920 1293,921 1334,921 1375,921 1416,921 1458,921 1499,921 1540,921 1581,921 1623,922 1664,923 1705,923 1746,923 1788,923 1829,924 1870,924 1911,924 1953,924"/>
                <TextEquiv>
                    <Unicode>nis siue in actu componente, siue in actu reflexo, de ne¬</Unicode>
                </TextEquiv>
            </TextLine>
            <TextLine id="r4l20" custom="readingOrder {index:16;}">
                <Coords points="1112,981 1949,979 1938,935 1112,936"/>
                <Baseline points="1118,960 1159,960 1200,959 1241,959 1283,959 1324,959 1365,959 1406,959 1448,959 1489,960 1530,960 1571,960 1613,960 1654,960 1695,960 1736,961 1778,962 1819,962 1860,962 1901,962 1943,963"/>
                <TextEquiv>
                    <Unicode>cessitate sumitur, &amp; oritur ex aliqua distinctione, vel di¬</Unicode>
                </TextEquiv>
            </TextLine>
            <TextLine id="r4l21" custom="readingOrder {index:17;}">
                <Coords points="1121,1009 1945,1012 1929,974 1121,976"/>
                <Baseline points="1127,999 1167,999 1208,999 1248,999 1289,999 1330,998 1370,998 1411,998 1452,998 1492,998 1533,998 1574,999 1614,999 1655,999 1696,999 1736,999 1777,1001 1818,1001 1858,1001 1899,1002 1940,1002"/>
                <TextEquiv>
                    <Unicode>uersitate reali, ex hoc enim quod intellectus noster vi¬</Unicode>
                </TextEquiv>
            </TextLine>
            <TextLine id="r4l22" custom="readingOrder {index:18;}">
                <Coords points="1120,1058 1912,1057 1958,1053 1959,1019 1120,1009"/>
                <Baseline points="1125,1038 1166,1038 1207,1037 1249,1037 1290,1037 1332,1037 1373,1037 1414,1037 1456,1038 1497,1038 1539,1038 1580,1038 1621,1040 1663,1040 1704,1040 1746,1040 1787,1041 1828,1041 1870,1041 1911,1041 1953,1041"/>
                <TextEquiv>
                    <Unicode>det distinctionem realem in illa compositone, cum dici¬ </Unicode>
                </TextEquiv>
            </TextLine>
            <TextLine id="r4l23" custom="readingOrder {index:19;}">
                <Coords points="1119,1088 1913,1098 1952,1088 1953,1054 1119,1058"/>
                <Baseline points="1124,1079 1165,1078 1206,1077 1247,1077 1288,1077 1329,1077 1370,1077 1412,1077 1453,1077 1494,1077 1535,1079 1576,1079 1617,1079 1658,1079 1700,1079 1741,1080 1782,1080 1823,1080 1864,1080 1905,1080 1947,1080"/>
                <TextEquiv>
                    <Unicode>tur, homo est, vel homo est albus, ipse ponit distinctionem</Unicode>
                </TextEquiv>
            </TextLine>
            <TextLine id="r4l24" custom="readingOrder {index:20;}">
                <Coords points="1120,1125 1959,1138 1959,1089 1120,1088"/>
                <Baseline points="1125,1118 1166,1116 1207,1116 1249,1116 1290,1116 1332,1116 1373,1116 1414,1116 1456,1116 1497,1116 1539,1117 1580,1118 1621,1118 1663,1118 1704,1119 1746,1119 1787,1119 1828,1119 1870,1119 1911,1119 1953,1121"/>
                <TextEquiv>
                    <Unicode>saltem secundum rationem in illa, qua dicitur, Deus est, </Unicode>
                </TextEquiv>
            </TextLine>
            <TextLine id="r4l25" custom="readingOrder {index:21;}">
                <Coords points="1119,1172 1959,1173 1959,1138 1888,1127 1119,1135"/>
                <Baseline points="1124,1157 1165,1155 1206,1155 1248,1155 1289,1155 1331,1155 1372,1155 1414,1155 1455,1155 1497,1155 1538,1155 1579,1155 1621,1156 1662,1157 1704,1157 1745,1157 1787,1157 1828,1158 1870,1158 1911,1158 1953,1158"/>
                <TextEquiv>
                    <Unicode>vel Deus est Deus, vel Deus est lux, Et eodem modo de</Unicode>
                </TextEquiv>
            </TextLine>
            <TextLine id="r4l26" custom="readingOrder {index:22;}">
                <Coords points="1123,1204 1949,1207 1949,1175 1841,1167 1123,1171"/>
                <Baseline points="1128,1196 1168,1195 1209,1194 1250,1194 1291,1194 1332,1194 1372,1194 1413,1196 1454,1196 1495,1196 1536,1196 1576,1196 1617,1196 1658,1197 1699,1197 1740,1197 1780,1197 1821,1197 1862,1197 1903,1197 1944,1197"/>
                <TextEquiv>
                    <Unicode>actu reflexo. Nam primum quod a nostro intellectu con</Unicode>
                </TextEquiv>
            </TextLine>
            <TextLine id="r4l27" custom="readingOrder {index:23;}">
                <Coords points="1119,1252 1961,1252 1961,1205 1119,1205"/>
                <Baseline points="1124,1236 1165,1235 1207,1235 1248,1235 1290,1233 1332,1233 1373,1233 1415,1233 1456,1233 1498,1233 1540,1233 1581,1233 1623,1233 1664,1235 1706,1235 1748,1235 1789,1235 1831,1235 1872,1235 1914,1235 1956,1235"/>
                <TextEquiv>
                    <Unicode>cipitur non potest esse ipse intellectus, nec etiam actus</Unicode>
                </TextEquiv>
            </TextLine>
            <TextLine id="r4l28" custom="readingOrder {index:24;}">
                <Coords points="1118,1289 1961,1277 1961,1252 1891,1244 1118,1252"/>
                <Baseline points="1124,1274 1165,1274 1207,1274 1248,1274 1290,1274 1332,1274 1373,1274 1415,1274 1456,1274 1498,1274 1540,1274 1581,1274 1623,1274 1664,1274 1706,1274 1748,1274 1789,1274 1831,1275 1872,1275 1914,1275 1956,1275"/>
                <TextEquiv>
                    <Unicode>eius: sed est aliqua res extra realiter differens tam ab in¬</Unicode>
                </TextEquiv>
            </TextLine>
            <TextLine id="r4l29" custom="readingOrder {index:25;}">
                <Coords points="1114,1331 1854,1336 1949,1328 1949,1283 1114,1294"/>
                <Baseline points="1119,1311 1160,1313 1201,1313 1242,1313 1284,1313 1325,1313 1366,1314 1407,1314 1449,1314 1490,1313 1531,1313 1572,1313 1614,1313 1655,1313 1696,1313 1737,1313 1779,1313 1820,1314 1861,1314 1902,1314 1944,1314"/>
                <TextEquiv>
                    <Unicode>tellectu, quam ab actu suo, &amp; ex hoc, quod sic videt se al</Unicode>
                </TextEquiv>
            </TextLine>
            <TextLine id="r4l30" custom="readingOrder {index:26;}">
                <Coords points="1122,1376 1948,1365 1948,1328 1917,1319 1122,1328"/>
                <Baseline points="1128,1353 1168,1352 1209,1352 1250,1352 1291,1352 1331,1352 1372,1352 1413,1352 1454,1352 1494,1352 1535,1352 1576,1352 1617,1352 1657,1353 1698,1353 1739,1353 1780,1353 1820,1353 1861,1353 1902,1352 1943,1352"/>
                <TextEquiv>
                    <Unicode>quid intelligere, quod realiter differt ab ipso, cum seip</Unicode>
                </TextEquiv>
            </TextLine>
            <TextLine id="r4l31" custom="readingOrder {index:27;}">
                <Coords points="1112,1409 1887,1411 1967,1406 1967,1367 1112,1368"/>
                <Baseline points="1118,1391 1160,1391 1202,1391 1244,1392 1286,1392 1329,1392 1371,1392 1413,1391 1455,1391 1497,1391 1540,1391 1582,1391 1624,1391 1666,1391 1708,1391 1751,1391 1793,1391 1835,1391 1877,1391 1919,1392 1962,1392"/>
                <TextEquiv>
                    <Unicode>sum intelligit, ponit differentiam rationis inter seipsum</Unicode>
                </TextEquiv>
            </TextLine>
            <TextLine id="r4l32" custom="readingOrder {index:28;}">
                <Coords points="1121,1443 1964,1441 1953,1404 1855,1399 1121,1408"/>
                <Baseline points="1127,1430 1168,1431 1210,1431 1251,1431 1293,1431 1335,1430 1376,1430 1418,1430 1459,1430 1501,1430 1543,1430 1584,1430 1626,1430 1667,1430 1709,1430 1751,1430 1792,1430 1834,1430 1875,1430 1917,1431 1959,1431"/>
                <TextEquiv>
                    <Unicode>vt intelligit, &amp; vt intelligitur: vnde fi solum intelligeret</Unicode>
                </TextEquiv>
            </TextLine>
            <TextLine id="r4l33" custom="readingOrder {index:29;}">
                <Coords points="1114,1489 1958,1480 1958,1448 1839,1437 1114,1447"/>
                <Baseline points="1119,1470 1160,1470 1202,1469 1244,1469 1285,1469 1327,1469 1369,1469 1410,1469 1452,1469 1494,1470 1536,1470 1577,1470 1619,1470 1661,1470 1702,1470 1744,1470 1786,1470 1827,1469 1869,1469 1911,1469 1953,1469"/>
                <TextEquiv>
                    <Unicode>seipsum, tunc impossibile esset, quod seipsum distingue¬</Unicode>
                </TextEquiv>
            </TextLine>
            <TextLine id="r4l34" custom="readingOrder {index:30;}">
                <Coords points="1117,1521 1947,1525 1961,1480 1117,1488"/>
                <Baseline points="1122,1508 1163,1508 1205,1509 1247,1509 1288,1509 1330,1509 1372,1509 1413,1509 1455,1509 1497,1508 1539,1508 1580,1508 1622,1508 1664,1508 1705,1508 1747,1508 1789,1508 1830,1509 1872,1509 1914,1509 1956,1511"/>
                <TextEquiv>
                    <Unicode>ret a seipso. Omnis enim differentia roionis oportet, quod</Unicode>
                </TextEquiv>
            </TextLine>
            <TextLine id="r4l35" custom="readingOrder {index:31;}">
                <Coords points="1119,1555 1949,1562 1949,1524 1912,1517 1119,1520"/>
                <Baseline points="1124,1548 1165,1548 1206,1547 1247,1547 1288,1547 1329,1547 1370,1547 1411,1547 1452,1547 1493,1547 1534,1547 1575,1547 1616,1547 1657,1547 1698,1547 1739,1547 1780,1547 1821,1547 1862,1547 1903,1547 1944,1547"/>
                <TextEquiv>
                    <Unicode>sumatur ab aliquo apparente, ad quod aspiciens intelle¬</Unicode>
                </TextEquiv>
            </TextLine>
            <TextLine id="r4l36" custom="readingOrder {index:32;}">
                <Coords points="1121,1597 1957,1605 1957,1557 1121,1556"/>
                <Baseline points="1127,1586 1168,1586 1209,1587 1250,1587 1292,1587 1333,1587 1374,1587 1415,1587 1457,1586 1498,1586 1539,1586 1580,1586 1622,1586 1663,1586 1704,1586 1745,1586 1787,1586 1828,1586 1869,1586 1910,1586 1952,1586"/>
                <TextEquiv>
                    <Unicode>ctus causet huiusmodi differentiam: sed tale apparens</Unicode>
                </TextEquiv>
            </TextLine>
            <TextLine id="r4l37" custom="readingOrder {index:33;}">
                <Coords points="1126,1635 1955,1643 1955,1602 1923,1592 1126,1596"/>
                <Baseline points="1131,1625 1174,1625 1217,1625 1260,1625 1303,1625 1346,1625 1389,1625 1432,1625 1475,1625 1518,1625 1562,1625 1605,1625 1648,1625 1691,1625 1734,1625 1777,1625 1820,1625 1863,1625 1906,1625 1950,1625"/>
                <TextEquiv>
                    <Unicode>deficeret huiusmodi intellectui, qui nihil aliud intellige</Unicode>
                </TextEquiv>
            </TextLine>
            <TextLine id="r4l38" custom="readingOrder {index:34;}">
                <Coords points="1119,1679 1889,1682 1950,1673 1950,1644 1119,1645"/>
                <Baseline points="1125,1664 1168,1664 1211,1665 1254,1665 1297,1665 1340,1665 1383,1665 1426,1665 1469,1664 1512,1664 1556,1664 1599,1664 1642,1664 1685,1664 1728,1664 1771,1664 1814,1664 1857,1664 1900,1664 1944,1664"/>
                <TextEquiv>
                    <Unicode>ret, quam seipsum. Sic eodem modo dico, quod si Deui</Unicode>
                </TextEquiv>
            </TextLine>
            <TextLine id="r4l39" custom="readingOrder {index:35;}">
                <Coords points="1127,1720 1952,1728 1952,1679 1922,1673 1127,1673"/>
                <Baseline points="1133,1704 1173,1703 1214,1703 1255,1703 1295,1703 1336,1703 1377,1703 1417,1703 1458,1703 1499,1703 1540,1703 1580,1703 1621,1703 1662,1703 1702,1703 1743,1703 1784,1703 1824,1703 1865,1703 1906,1703 1947,1703"/>
                <TextEquiv>
                    <Unicode>nihil aliud intelligeret, quam seipsum, quamuis intelligi</Unicode>
                </TextEquiv>
            </TextLine>
            <TextLine id="r4l40" custom="readingOrder {index:36;}">
                <Coords points="1119,1756 1964,1759 1964,1719 1119,1723"/>
                <Baseline points="1124,1743 1165,1743 1207,1743 1249,1743 1291,1742 1332,1742 1374,1742 1416,1742 1458,1742 1499,1742 1541,1742 1583,1742 1625,1742 1666,1742 1708,1742 1750,1742 1792,1742 1833,1742 1875,1743 1917,1743 1959,1743"/>
                <TextEquiv>
                    <Unicode>ret se esse, &amp; intelligeret se intelligere, quia in omnibus</Unicode>
                </TextEquiv>
            </TextLine>
            <TextLine id="r4l41" custom="readingOrder {index:37;}">
                <Coords points="1115,1794 1946,1797 1957,1751 1115,1756"/>
                <Baseline points="1121,1782 1162,1782 1204,1782 1245,1781 1287,1781 1328,1781 1370,1781 1411,1781 1453,1781 1494,1781 1536,1781 1578,1781 1619,1781 1661,1781 1702,1781 1744,1781 1785,1781 1827,1781 1868,1779 1910,1779 1952,1778"/>
                <TextEquiv>
                    <Unicode>talibus non intelligeret aliud, quam eius simplicem es¬</Unicode>
                </TextEquiv>
            </TextLine>
            <TextLine id="r4l42" custom="readingOrder {index:38;}">
                <Coords points="1113,1832 1954,1825 1954,1796 1915,1785 1113,1793"/>
                <Baseline points="1119,1820 1160,1820 1202,1821 1243,1821 1285,1821 1326,1821 1368,1821 1409,1821 1451,1821 1492,1821 1534,1821 1575,1820 1617,1820 1658,1820 1700,1820 1741,1820 1783,1820 1824,1820 1866,1820 1907,1821 1949,1821"/>
                <TextEquiv>
                    <Unicode>sentiam, per tale suum intelligere nullam poneret diffe¬</Unicode>
                </TextEquiv>
            </TextLine>
            <TextLine id="r4l43" custom="readingOrder {index:39;}">
                <Coords points="1119,1875 1173,1868 1187,1880 1207,1870 1237,1878 1253,1869 1370,1871 1370,1832 1332,1840 1280,1830 1247,1843 1235,1834 1208,1839 1190,1831 1178,1841 1149,1843 1119,1830"/>
                <Baseline points="1125,1860 1151,1860 1178,1860 1205,1860 1231,1860 1258,1860 1285,1860 1311,1860 1338,1860 1365,1860"/>
                <TextEquiv>
                    <Unicode>rentiam rationis</Unicode>
                </TextEquiv>
            </TextLine>
            <TextLine id="r4l44" custom="readingOrder {index:40;}">
                <Coords points="1141,1911 1968,1916 1948,1868 1141,1870"/>
                <Baseline points="1146,1901 1186,1901 1227,1899 1268,1899 1309,1899 1350,1899 1390,1899 1431,1899 1472,1899 1513,1899 1554,1899 1594,1899 1635,1899 1676,1899 1717,1899 1758,1899 1798,1899 1839,1899 1880,1899 1921,1899 1962,1899"/>
                <TextEquiv>
                    <Unicode>Ad quintum dicendum, quod si numquam creatura fa</Unicode>
                </TextEquiv>
            </TextLine>
            <TextLine id="r4l45" custom="readingOrder {index:41;}">
                <Coords points="1125,1951 1961,1953 1961,1922 1861,1908 1125,1909"/>
                <Baseline points="1130,1938 1171,1938 1212,1938 1253,1938 1295,1938 1336,1938 1377,1938 1419,1938 1460,1938 1501,1938 1543,1937 1584,1937 1625,1937 1666,1937 1708,1937 1749,1937 1790,1938 1832,1938 1873,1938 1914,1938 1956,1938"/>
                <TextEquiv>
                    <Unicode>cta fuisset, adhuc Deus esset formaliter sapiens, &amp; bonus, </Unicode>
                </TextEquiv>
            </TextLine>
            <TextLine id="r4l46" custom="readingOrder {index:42;}">
                <Coords points="1123,1990 1961,1985 1960,1954 1845,1945 1123,1949"/>
                <Baseline points="1128,1977 1169,1977 1210,1977 1252,1977 1293,1977 1334,1977 1376,1977 1417,1977 1458,1976 1500,1976 1541,1976 1582,1976 1624,1976 1665,1976 1706,1976 1748,1976 1789,1976 1830,1976 1872,1976 1913,1976 1955,1976"/>
                <TextEquiv>
                    <Unicode>&amp; sic de alijs attributis. Vnde attributa non dicuntur</Unicode>
                </TextEquiv>
            </TextLine>
            <TextLine id="r4l47" custom="readingOrder {index:43;}">
                <Coords points="1128,2031 1971,2036 1954,1983 1128,1989"/>
                <Baseline points="1133,2018 1174,2016 1216,2016 1257,2016 1299,2016 1341,2016 1382,2016 1424,2016 1465,2016 1507,2016 1549,2016 1590,2016 1632,2016 1673,2016 1715,2016 1757,2016 1798,2016 1840,2015 1881,2015 1923,2015 1965,2015"/>
                <TextEquiv>
                    <Unicode>Deo conuenire ex hoc, quod possit ea causare: quia tuc eade</Unicode>
                </TextEquiv>
            </TextLine>
            <TextLine id="r4l48" custom="readingOrder {index:44;}">
                <Coords points="1126,2068 1958,2071 1958,2035 1846,2025 1126,2038"/>
                <Baseline points="1131,2055 1172,2055 1213,2055 1254,2055 1295,2055 1336,2055 1377,2054 1418,2054 1459,2054 1500,2054 1542,2054 1583,2055 1624,2055 1665,2055 1706,2055 1747,2054 1788,2054 1829,2054 1870,2054 1911,2054 1953,2054"/>
                <TextEquiv>
                    <Unicode>esset ratio attributalis, &amp; idealis: Sed omnis perfectio at</Unicode>
                </TextEquiv>
            </TextLine>
            <TextLine id="r4l49" custom="readingOrder {index:45;}">
                <Coords points="1125,2110 1968,2103 1968,2075 1930,2067 1125,2075"/>
                <Baseline points="1130,2096 1171,2095 1213,2094 1254,2094 1296,2094 1338,2093 1379,2093 1421,2093 1462,2093 1504,2093 1546,2093 1587,2093 1629,2094 1670,2094 1712,2094 1754,2094 1795,2094 1837,2094 1878,2093 1920,2093 1962,2093"/>
                <TextEquiv>
                    <Unicode>tributalis Deo conuenit ex hoc, quod ipse est talis, pu¬</Unicode>
                </TextEquiv>
            </TextLine>
            <TextLine id="r4l50" custom="readingOrder {index:46;}">
                <Coords points="1122,2154 1961,2150 1961,2106 1122,2111"/>
                <Baseline points="1127,2136 1168,2135 1209,2134 1251,2133 1292,2133 1334,2133 1375,2133 1416,2133 1458,2133 1499,2133 1541,2133 1582,2135 1623,2135 1665,2135 1706,2135 1748,2133 1789,2133 1830,2133 1872,2132 1913,2130 1955,2129"/>
                <TextEquiv>
                    <Unicode>ta sapientia, in quantum attributum est, conuenit Deo</Unicode>
                </TextEquiv>
            </TextLine>
            <TextLine id="r4l51" custom="readingOrder {index:47;}">
                <Coords points="1122,2187 1896,2191 1958,2187 1958,2150 1122,2153"/>
                <Baseline points="1128,2175 1169,2174 1210,2173 1251,2172 1292,2172 1334,2172 1375,2171 1416,2171 1457,2171 1498,2171 1540,2171 1581,2171 1622,2171 1663,2171 1704,2171 1746,2172 1787,2172 1828,2172 1869,2171 1910,2171 1952,2171"/>
                <TextEquiv>
                    <Unicode>ex eo, quod est sapiens, &amp; licet intrinsece Deo conuenias</Unicode>
                </TextEquiv>
            </TextLine>
            <TextLine id="r4l52" custom="readingOrder {index:48;}">
                <Coords points="1123,2224 1942,2228 1958,2188 1123,2192"/>
                <Baseline points="1128,2214 1169,2213 1210,2213 1251,2211 1293,2211 1334,2211 1375,2211 1416,2210 1458,2210 1499,2210 1540,2210 1581,2210 1623,2210 1664,2210 1705,2210 1746,2210 1788,2210 1829,2210 1870,2210 1911,2208 1953,2208"/>
                <TextEquiv>
                    <Unicode>omnis talis perfectio, distinctio tamen talium perfectio¬</Unicode>
                </TextEquiv>
            </TextLine>
            <TextLine id="r4l53" custom="readingOrder {index:49;}">
                <Coords points="1132,2272 1970,2269 1959,2226 1132,2226"/>
                <Baseline points="1137,2253 1178,2252 1219,2252 1261,2250 1302,2250 1343,2250 1385,2250 1426,2250 1467,2250 1509,2250 1550,2250 1591,2250 1633,2250 1674,2250 1715,2250 1757,2250 1798,2250 1839,2250 1881,2250 1922,2249 1964,2249"/>
                <TextEquiv>
                    <Unicode>num, cum sit quid rationis sine comparatione ad creatu¬</Unicode>
                </TextEquiv>
            </TextLine>
            <TextLine id="r4l54" custom="readingOrder {index:50;}">
                <Coords points="1128,2310 1276,2297 1343,2310 1368,2298 1498,2315 1580,2302 1580,2263 1340,2276 1295,2262 1128,2267"/>
                <Baseline points="1133,2294 1158,2291 1184,2291 1210,2289 1236,2289 1262,2289 1288,2288 1314,2288 1340,2289 1366,2289 1392,2289 1418,2289 1444,2289 1470,2291 1496,2291 1522,2291 1548,2291 1574,2291"/>
                <TextEquiv>
                    <Unicode>ras, sibi non poterit conuenire;</Unicode>
                </TextEquiv>
            </TextLine>
            <TextLine id="r4l55" custom="readingOrder {index:51;}">
                <Coords points="1166,2339 1940,2348 1958,2283 1906,2311 1166,2305"/>
                <Baseline points="1172,2330 1211,2330 1250,2329 1289,2328 1328,2328 1367,2328 1406,2328 1445,2327 1484,2327 1523,2327 1562,2327 1601,2327 1640,2327 1679,2327 1718,2327 1757,2327 1796,2327 1835,2327 1874,2327 1913,2327 1953,2327"/>
                <TextEquiv>
                    <Unicode>Ad sextum dicendum, quod si nulla esset creatura, ad</Unicode>
                </TextEquiv>
            </TextLine>
            <TextLine id="r4l56" custom="readingOrder {index:52;}">
                <Coords points="1131,2379 1965,2383 1965,2348 1900,2338 1131,2344"/>
                <Baseline points="1137,2370 1178,2369 1219,2369 1260,2367 1301,2367 1342,2367 1383,2367 1424,2367 1465,2367 1506,2366 1548,2366 1589,2366 1630,2366 1671,2366 1712,2366 1753,2366 1794,2366 1835,2366 1876,2366 1917,2364 1959,2364"/>
                <TextEquiv>
                    <Unicode>huc intellectus diuinus posset essentiam suam intellige¬</Unicode>
                </TextEquiv>
            </TextLine>
            <TextLine id="r4l57" custom="readingOrder {index:53;}">
                <Coords points="1125,2422 1961,2424 1961,2383 1912,2377 1125,2380"/>
                <Baseline points="1130,2411 1171,2409 1212,2408 1253,2408 1295,2406 1336,2406 1377,2406 1418,2405 1460,2405 1501,2405 1542,2405 1583,2405 1625,2405 1666,2405 1707,2405 1748,2405 1790,2405 1831,2405 1872,2405 1913,2405 1955,2405"/>
                <TextEquiv>
                    <Unicode>re sub ratione veri, &amp; diligere sub ratione boni in ordine</Unicode>
                </TextEquiv>
            </TextLine>
            <TextLine id="r4l58" custom="readingOrder {index:54;}">
                <Coords points="1125,2458 1950,2464 1958,2425 1125,2432"/>
                <Baseline points="1131,2450 1172,2448 1213,2447 1254,2447 1295,2445 1336,2445 1377,2445 1418,2444 1459,2444 1500,2444 1541,2444 1582,2444 1623,2444 1664,2444 1705,2444 1746,2444 1787,2444 1828,2444 1869,2444 1910,2444 1952,2444"/>
                <TextEquiv>
                    <Unicode>ad creaturas, quas Deus producere posset cum vellet, in¬</Unicode>
                </TextEquiv>
            </TextLine>
            <TextLine id="r4l59" custom="readingOrder {index:55;}">
                <Coords points="1138,2508 1964,2504 1964,2461 1138,2470"/>
                <Baseline points="1143,2487 1183,2486 1224,2484 1265,2484 1306,2484 1346,2483 1387,2483 1428,2483 1469,2483 1509,2483 1550,2483 1591,2483 1632,2483 1672,2483 1713,2484 1754,2484 1795,2484 1835,2484 1876,2484 1917,2483 1958,2483"/>
                <TextEquiv>
                    <Unicode>quibus intellectus, &amp; voluntas tendentes in verum, &amp; bo</Unicode>
                </TextEquiv>
            </TextLine>
            <TextLine id="r4l60" custom="readingOrder {index:56;}">
                <Coords points="1125,2539 1826,2550 1941,2540 1955,2502 1125,2507"/>
                <Baseline points="1130,2526 1171,2526 1212,2525 1253,2525 1294,2525 1335,2525 1376,2525 1417,2525 1458,2525 1499,2524 1540,2523 1581,2523 1622,2523 1663,2523 1704,2523 1745,2523 1786,2523 1827,2522 1868,2522 1909,2521 1950,2520"/>
                <TextEquiv>
                    <Unicode>num realiter essent distincta, si Deus huiusmodi creatu¬</Unicode>
                </TextEquiv>
            </TextLine>
            <TextLine id="r4l61" custom="readingOrder {index:57;}">
                <Coords points="1122,2579 1258,2572 1283,2584 1308,2571 1336,2586 1357,2572 1445,2577 1444,2543 1390,2534 1363,2545 1345,2533 1278,2546 1251,2534 1218,2548 1122,2550"/>
                <Baseline points="1127,2568 1153,2568 1179,2566 1205,2565 1231,2564 1257,2564 1283,2564 1309,2564 1335,2564 1361,2564 1387,2564 1413,2564 1439,2564"/>
                <TextEquiv>
                    <Unicode>ras in esse produceret</Unicode>
                </TextEquiv>
            </TextLine>
            <TextLine id="r4l62" custom="readingOrder {index:58;}">
                <Coords points="1159,2615 1971,2617 1970,2583 1885,2569 1158,2577"/>
                <Baseline points="1164,2604 1204,2604 1244,2603 1284,2603 1324,2603 1364,2603 1404,2603 1444,2603 1484,2603 1524,2603 1564,2601 1604,2601 1644,2601 1684,2601 1724,2601 1764,2601 1804,2600 1844,2600 1884,2600 1924,2600 1965,2600"/>
                <TextEquiv>
                    <Unicode>Ad primum alterius doctoris dicendum, quod ratio¬</Unicode>
                </TextEquiv>
            </TextLine>
            <TextLine id="r4l63" custom="readingOrder {index:59;}">
                <Coords points="1129,2658 1885,2663 1967,2657 1967,2615 1128,2623"/>
                <Baseline points="1134,2643 1175,2643 1216,2642 1258,2642 1299,2642 1341,2642 1382,2640 1423,2640 1465,2640 1506,2640 1548,2640 1589,2640 1630,2640 1672,2640 1713,2640 1755,2640 1796,2639 1837,2639 1879,2639 1920,2639 1962,2639"/>
                <TextEquiv>
                    <Unicode>nes attributales nec sunt actu distinctae, nec potentia di¬</Unicode>
                </TextEquiv>
            </TextLine>
            <TextLine id="r4l64" custom="readingOrder {index:60;}">
                <Coords points="1136,2695 1964,2700 1964,2656 1921,2649 1136,2655"/>
                <Baseline points="1142,2681 1182,2681 1223,2681 1264,2681 1305,2681 1346,2681 1387,2681 1427,2681 1468,2679 1509,2679 1550,2679 1591,2679 1632,2679 1673,2678 1713,2678 1754,2678 1795,2678 1836,2678 1877,2678 1918,2679 1959,2679"/>
                <TextEquiv>
                    <Unicode>stinguibiles, nisi in comparatione ad extra, quia sicut sunt</Unicode>
                </TextEquiv>
            </TextLine>
            <TextLine id="r4l65" custom="readingOrder {index:61;}">
                <Coords points="1129,2731 1957,2737 1974,2698 1129,2703"/>
                <Baseline points="1134,2721 1175,2721 1217,2720 1259,2720 1300,2720 1342,2720 1384,2718 1425,2718 1467,2718 1509,2718 1551,2718 1592,2718 1634,2718 1676,2717 1717,2717 1759,2717 1801,2717 1842,2717 1884,2717 1926,2718 1968,2718"/>
                <TextEquiv>
                    <Unicode>actu distinctae ex hoc, quod actu ad extra comparantu:</Unicode>
                </TextEquiv>
            </TextLine>
            <TextLine id="r4l66" custom="readingOrder {index:62;}">
                <Coords points="1132,2777 1974,2773 1973,2727 1131,2731"/>
                <Baseline points="1137,2759 1178,2759 1220,2759 1261,2759 1303,2759 1344,2759 1386,2759 1427,2759 1469,2757 1510,2757 1552,2757 1594,2757 1635,2756 1677,2756 1718,2756 1760,2756 1801,2756 1843,2756 1884,2757 1926,2757 1968,2757"/>
                <TextEquiv>
                    <Unicode>sic sunt potentia distinguibiles ex hoc, quod possunt ad</Unicode>
                </TextEquiv>
            </TextLine>
            <TextLine id="r4l67" custom="readingOrder {index:63;}">
                <Coords points="1135,2810 1913,2817 1964,2801 1964,2772 1135,2783"/>
                <Baseline points="1140,2799 1183,2799 1226,2799 1269,2798 1312,2798 1355,2798 1398,2798 1441,2796 1484,2796 1527,2796 1571,2796 1614,2796 1657,2795 1700,2795 1743,2795 1786,2795 1829,2795 1872,2795 1915,2795 1959,2795"/>
                <TextEquiv>
                    <Unicode>extra comparari, bene quidem essentia diuina compre¬</Unicode>
                </TextEquiv>
            </TextLine>
            <TextLine id="r4l68" custom="readingOrder {index:64;}">
                <Coords points="1143,2848 1951,2852 1957,2808 1143,2817"/>
                <Baseline points="1148,2838 1188,2838 1228,2838 1268,2837 1308,2837 1349,2837 1389,2837 1429,2835 1469,2835 1509,2835 1550,2835 1590,2834 1630,2834 1670,2834 1710,2834 1751,2834 1791,2834 1831,2834 1871,2834 1911,2834 1952,2834"/>
                <TextEquiv>
                    <Unicode>nendit oninia; sed vnitissime quantum est ex parte sui, q&amp;u</Unicode>
                </TextEquiv>
            </TextLine>
            <TextLine id="r4l69" custom="readingOrder {index:65;}">
                <Coords points="1138,2894 1936,2893 1970,2887 1970,2846 1138,2850"/>
                <Baseline points="1143,2877 1184,2877 1225,2877 1266,2876 1307,2876 1348,2876 1389,2876 1430,2874 1471,2874 1512,2874 1554,2874 1595,2874 1636,2873 1677,2873 1718,2873 1759,2873 1800,2873 1841,2873 1882,2873 1923,2874 1965,2874"/>
                <TextEquiv>
                    <Unicode>ideo quicquid multitudinis ibi poterimus cogitare, quam</Unicode>
                </TextEquiv>
            </TextLine>
            <TextLine id="r4l70" custom="readingOrder {index:66;}">
                <Coords points="1137,2929 1942,2936 1964,2887 1137,2896"/>
                <Baseline points="1142,2918 1182,2918 1223,2916 1264,2916 1305,2916 1346,2916 1386,2915 1427,2915 1468,2915 1509,2915 1550,2915 1590,2915 1631,2915 1672,2915 1713,2915 1754,2915 1794,2915 1835,2913 1876,2913 1917,2913 1958,2912"/>
                <TextEquiv>
                    <Unicode>tum ad absoluta, hoc totum sibi competit in compa</Unicode>
                </TextEquiv>
            </TextLine>
            <TextLine id="r4l71" custom="readingOrder {index:67;}">
                <Coords points="1138,2967 1212,2970 1220,2964 1231,2970 1271,2962 1293,2972 1301,2964 1381,2965 1381,2929 1364,2935 1346,2924 1282,2925 1257,2939 1238,2928 1172,2928 1163,2935 1138,2929"/>
                <Baseline points="1143,2958 1168,2956 1194,2955 1220,2954 1246,2954 1272,2954 1298,2955 1324,2955 1350,2955 1376,2954"/>
                <TextEquiv>
                    <Unicode>ratione ad extra.</Unicode>
                </TextEquiv>
            </TextLine>
            <TextLine id="r4l72" custom="readingOrder {index:68;}">
                <Coords points="1166,3004 1970,3009 1969,2957 1886,2972 1833,2948 1747,2974 1166,2968"/>
                <Baseline points="1172,2994 1211,2994 1251,2994 1290,2994 1330,2994 1370,2994 1409,2993 1449,2993 1488,2993 1528,2993 1568,2993 1607,2993 1647,2993 1686,2993 1726,2992 1766,2991 1805,2991 1845,2991 1884,2991 1924,2990 1964,2990"/>
                <TextEquiv>
                    <Unicode>Ad secundum dicendum, quod maior posset negari:</Unicode>
                </TextEquiv>
            </TextLine>
            <TextLine id="r4l73" custom="readingOrder {index:69;}">
                <Coords points="1140,3057 1898,3049 1960,3037 1960,3001 1139,3005"/>
                <Baseline points="1145,3035 1185,3035 1226,3033 1266,3033 1307,3033 1347,3033 1388,3032 1428,3032 1469,3032 1509,3032 1550,3032 1590,3032 1631,3032 1671,3032 1712,3030 1752,3030 1793,3030 1833,3029 1874,3029 1914,3027 1955,3026"/>
                <TextEquiv>
                    <Unicode>quia non esset inconueniens dicere, quod intelligere di¬</Unicode>
                </TextEquiv>
            </TextLine>
            <TextLine id="r4l74" custom="readingOrder {index:70;}">
                <Coords points="1137,3085 1949,3085 1973,3044 1137,3056"/>
                <Baseline points="1142,3074 1183,3074 1224,3072 1265,3072 1307,3072 1348,3071 1389,3071 1431,3071 1472,3071 1513,3071 1555,3071 1596,3071 1637,3071 1678,3071 1720,3071 1761,3071 1802,3069 1844,3069 1885,3068 1926,3066 1968,3066"/>
                <TextEquiv>
                    <Unicode>uinum aliquid connotet, quod tamen non connotat esse</Unicode>
                </TextEquiv>
            </TextLine>
            <TextLine id="r4l75" custom="readingOrder {index:71;}">
                <Coords points="1138,3125 1969,3124 1976,3075 1137,3086"/>
                <Baseline points="1143,3114 1184,3113 1225,3112 1267,3111 1308,3111 1350,3110 1391,3110 1432,3110 1474,3110 1515,3110 1557,3111 1598,3111 1639,3111 1681,3111 1722,3110 1764,3110 1805,3109 1846,3108 1888,3107 1929,3105 1971,3102"/>
                <TextEquiv>
                    <Unicode>diuinum. Ad minorem dico, quod esse diuinum quamuis non</Unicode>
                </TextEquiv>
            </TextLine>
            <TextLine id="r4l76" custom="readingOrder {index:72;}">
                <Coords points="1139,3173 1973,3165 1954,3112 1139,3132"/>
                <Baseline points="1145,3156 1186,3155 1227,3153 1268,3152 1309,3152 1350,3150 1391,3150 1432,3150 1473,3150 1514,3150 1556,3152 1597,3152 1638,3152 1679,3152 1720,3150 1761,3150 1802,3149 1843,3148 1884,3146 1925,3144 1967,3141"/>
                <TextEquiv>
                    <Unicode>coexigat esse creaturae, ita quod ab eo dependeat: impossi¬</Unicode>
                </TextEquiv>
            </TextLine>
            <TextEquiv>
                <Unicode>&amp; differentiae personarum, hoc enim conuenit ipsi rela¬
tioni, iuxta illud boet. Essentia continet vnitatem, &amp; re-
latio multiplicat trinitatem Potest etiam dici, quod ma
ior est vera solum, vbi maior &amp; minor distinctio sunt eius
dem rationis: sed distinctiones personarum, &amp; attriburo¬
rum non sunt eiusdem rationis, cum vna sit secundum re
alia secundum rationem, &amp; vna sit relatiuorum, alia ve¬
ro absolutorum. Etiam potest dici, quod ex comparatio¬
ne maioris &amp; minoris distinctionis ad inuicem, non bene
arguitur de vno ad alterum, nisi sint eiusdem rationis;
sed distinctio realis personarum, &amp; distinctio rationis at¬
tributorum, non sunt distinctiones eiusdem rationis, &amp; 
ideo nec proprie sunt comparabiles, nec bene concludi¬
tur de vno per alterum.
Ad quartum dicendum, quod omnis diuersitas ratio¬ 
nis siue in actu componente, siue in actu reflexo, de ne¬
cessitate sumitur, &amp; oritur ex aliqua distinctione, vel di¬
uersitate reali, ex hoc enim quod intellectus noster vi¬
det distinctionem realem in illa compositone, cum dici¬ 
tur, homo est, vel homo est albus, ipse ponit distinctionem
saltem secundum rationem in illa, qua dicitur, Deus est, 
vel Deus est Deus, vel Deus est lux, Et eodem modo de
actu reflexo. Nam primum quod a nostro intellectu con
cipitur non potest esse ipse intellectus, nec etiam actus
eius: sed est aliqua res extra realiter differens tam ab in¬
tellectu, quam ab actu suo, &amp; ex hoc, quod sic videt se al
quid intelligere, quod realiter differt ab ipso, cum seip
sum intelligit, ponit differentiam rationis inter seipsum
vt intelligit, &amp; vt intelligitur: vnde fi solum intelligeret
seipsum, tunc impossibile esset, quod seipsum distingue¬
ret a seipso. Omnis enim differentia roionis oportet, quod
sumatur ab aliquo apparente, ad quod aspiciens intelle¬
ctus causet huiusmodi differentiam: sed tale apparens
deficeret huiusmodi intellectui, qui nihil aliud intellige
ret, quam seipsum. Sic eodem modo dico, quod si Deui
nihil aliud intelligeret, quam seipsum, quamuis intelligi
ret se esse, &amp; intelligeret se intelligere, quia in omnibus
talibus non intelligeret aliud, quam eius simplicem es¬
sentiam, per tale suum intelligere nullam poneret diffe¬
rentiam rationis
Ad quintum dicendum, quod si numquam creatura fa
cta fuisset, adhuc Deus esset formaliter sapiens, &amp; bonus, 
&amp; sic de alijs attributis. Vnde attributa non dicuntur
Deo conuenire ex hoc, quod possit ea causare: quia tuc eade
esset ratio attributalis, &amp; idealis: Sed omnis perfectio at
tributalis Deo conuenit ex hoc, quod ipse est talis, pu¬
ta sapientia, in quantum attributum est, conuenit Deo
ex eo, quod est sapiens, &amp; licet intrinsece Deo conuenias
omnis talis perfectio, distinctio tamen talium perfectio¬
num, cum sit quid rationis sine comparatione ad creatu¬
ras, sibi non poterit conuenire;
Ad sextum dicendum, quod si nulla esset creatura, ad
huc intellectus diuinus posset essentiam suam intellige¬
re sub ratione veri, &amp; diligere sub ratione boni in ordine
ad creaturas, quas Deus producere posset cum vellet, in¬
quibus intellectus, &amp; voluntas tendentes in verum, &amp; bo
num realiter essent distincta, si Deus huiusmodi creatu¬
ras in esse produceret
Ad primum alterius doctoris dicendum, quod ratio¬
nes attributales nec sunt actu distinctae, nec potentia di¬
stinguibiles, nisi in comparatione ad extra, quia sicut sunt
actu distinctae ex hoc, quod actu ad extra comparantu:
sic sunt potentia distinguibiles ex hoc, quod possunt ad
extra comparari, bene quidem essentia diuina compre¬
nendit oninia; sed vnitissime quantum est ex parte sui, q&amp;u
ideo quicquid multitudinis ibi poterimus cogitare, quam
tum ad absoluta, hoc totum sibi competit in compa
ratione ad extra.
Ad secundum dicendum, quod maior posset negari:
quia non esset inconueniens dicere, quod intelligere di¬
uinum aliquid connotet, quod tamen non connotat esse
diuinum. Ad minorem dico, quod esse diuinum quamuis non
coexigat esse creaturae, ita quod ab eo dependeat: impossi¬</Unicode>
            </TextEquiv>
        </TextRegion>
    </Page>
</PcGts>
