<?xml version="1.0" encoding="UTF-8" standalone="yes"?>
<PcGts xmlns="http://schema.primaresearch.org/PAGE/gts/pagecontent/2013-07-15" xmlns:xsi="http://www.w3.org/2001/XMLSchema-instance" xsi:schemaLocation="http://schema.primaresearch.org/PAGE/gts/pagecontent/2013-07-15 http://schema.primaresearch.org/PAGE/gts/pagecontent/2013-07-15/pagecontent.xsd">
    <Metadata>
        <Creator>prov=University of Rostock/Institute of Mathematics/CITlab|PLANET AI GmbH/Gundram Leifert/gundram.leifert@planet-ai.de:name=cod-P122zz-m2(htr_id=26330)::::v=2.6.7
prov=University of Rostock/Institute of Mathematics/CITlab|PLANET AI GmbH/Tobias Gruening/tobias.gruening@planet-ai.de:name=de.uros.citlab.module.baseline2polygon.B2PSeamMultiOriented:v=2.6.7
prov=University of Rostock/Institute of Mathematics/CITlab|PLANET AI GmbH/Tobias Gruening/tobias.gruening@planet-ai.de:name=/net_tf/LA73_249_0mod360.pb:de.uros.citlab.segmentation.CITlab_LA_ML:v=2.6.6
Transkribus</Creator>
        <Created>2020-10-05T23:22:29.039+02:00</Created>
        <LastChange>2020-10-19T01:54:25.285+02:00</LastChange>
        <TranskribusMetadata docId="505580" pageId="20953770" pageNr="134" tsid="46257885" status="IN_PROGRESS" userId="25065" imgUrl="https://files.transkribus.eu/Get?id=FRKWJHPBUOSFCWWMMMHOAQTN&amp;fileType=view" xmlUrl="https://files.transkribus.eu/Get?id=EBDYGRZLSZZEEUKUQJTGHAMB" imageId="16094968"/>
    </Metadata>
    <Page imageFilename="133.jpg" imageWidth="2294" imageHeight="3546">
        <ReadingOrder>
            <OrderedGroup id="ro_1603930957305" caption="Regions reading order">
                <RegionRefIndexed index="0" regionRef="r2"/>
                <RegionRefIndexed index="1" regionRef="TextRegion_1602115061496_815"/>
            </OrderedGroup>
        </ReadingOrder>
        <TextRegion orientation="0.0" id="r2" custom="readingOrder {index:0;}">
            <Coords points="425,190 425,3120 1290,3120 1290,190"/>
            <TextLine id="r2l2" custom="readingOrder {index:0;}">
                <Coords points="438,290 1273,297 1293,244 705,257 547,234 438,259"/>
                <Baseline points="444,284 486,284 528,285 570,285 612,285 654,285 696,285 739,285 781,285 823,285 865,285 907,284 949,284 991,284 1034,284 1076,284 1118,284 1160,284 1202,284 1244,285 1287,285"/>
                <TextEquiv>
                    <Unicode>ter producit necessitate, quod non potest producere: sed </Unicode>
                </TextEquiv>
            </TextLine>
            <TextLine id="r2l3" custom="readingOrder {index:1;}">
                <Coords points="453,330 1232,337 1296,330 1296,297 453,298"/>
                <Baseline points="458,323 499,323 541,324 582,324 624,324 666,324 707,324 749,324 790,324 832,324 874,324 915,324 957,323 998,323 1040,323 1082,323 1123,323 1165,323 1206,323 1248,324 1290,324"/>
                <TextEquiv>
                    <Unicode>pater non potest filium non producere. Maior patet ex e.</Unicode>
                </TextEquiv>
            </TextLine>
            <TextLine id="r2l4" custom="readingOrder {index:2;}">
                <Coords points="444,370 1283,386 1283,327 805,344 444,322"/>
                <Baseline points="449,362 490,362 531,362 573,363 614,363 656,363 697,363 738,363 780,363 821,363 863,363 904,362 945,362 987,362 1028,362 1070,362 1111,362 1152,362 1194,362 1235,363 1277,363"/>
                <TextEquiv>
                    <Unicode>Perihermenias, vbi in quarto ordine modalium non possi</Unicode>
                </TextEquiv>
            </TextLine>
            <TextLine id="r2l5" custom="readingOrder {index:3;}">
                <Coords points="447,407 1292,419 1292,374 1254,369 447,369"/>
                <Baseline points="453,402 494,402 536,402 578,402 619,402 661,402 703,402 744,402 786,402 828,402 870,402 911,402 953,402 995,402 1036,402 1078,402 1120,402 1161,402 1203,402 1245,402 1287,402"/>
                <TextEquiv>
                    <Unicode>bile non esse conuertitur cum necesse esse: minorem de¬</Unicode>
                </TextEquiv>
            </TextLine>
            <TextLine id="r2l6" custom="readingOrder {index:4;}">
                <Coords points="443,445 1283,450 1258,407 443,421"/>
                <Baseline points="449,440 490,441 531,441 573,441 614,441 656,441 697,441 739,441 780,441 822,440 863,440 904,440 946,440 987,440 1029,440 1070,440 1112,440 1153,440 1195,440 1236,441 1278,441"/>
                <TextEquiv>
                    <Unicode>claro: quia si posset ipsum non producere, tunc contin¬</Unicode>
                </TextEquiv>
            </TextLine>
            <TextLine id="r2l7" custom="readingOrder {index:5;}">
                <Coords points="447,495 1262,493 1291,488 1291,450 447,454"/>
                <Baseline points="452,480 493,480 535,480 577,480 618,480 660,480 702,480 743,479 785,479 827,479 869,479 910,479 952,479 994,479 1035,479 1077,480 1119,480 1160,480 1202,480 1244,482 1286,482"/>
                <TextEquiv>
                    <Unicode>genter produceret ipsum. Nam possibile non esse, &amp; con</Unicode>
                </TextEquiv>
            </TextLine>
            <TextLine id="r2l8" custom="readingOrder {index:6;}">
                <Coords points="446,527 1273,532 1283,489 446,495"/>
                <Baseline points="452,516 493,517 534,518 575,518 617,518 658,519 699,519 741,519 782,519 823,519 865,519 906,518 947,518 988,518 1030,518 1071,518 1112,518 1154,519 1195,519 1236,519 1278,519"/>
                <TextEquiv>
                    <Unicode>tingens esse aequipollent in secundo ordine modalium;</Unicode>
                </TextEquiv>
            </TextLine>
            <TextLine id="r2l9" custom="readingOrder {index:7;}">
                <Coords points="444,569 1287,565 1287,534 1203,524 444,531"/>
                <Baseline points="449,560 490,560 532,560 573,560 615,558 657,558 698,558 740,558 781,558 823,558 865,558 906,558 948,558 989,558 1031,558 1073,558 1114,558 1156,558 1197,558 1239,558 1281,558"/>
                <TextEquiv>
                    <Unicode>sed nullum contingenter productum ex vi suae productio</Unicode>
                </TextEquiv>
            </TextLine>
            <TextLine id="r2l10" custom="readingOrder {index:8;}">
                <Coords points="452,610 1196,615 1290,605 1290,564 452,575"/>
                <Baseline points="458,599 499,599 540,599 581,599 623,599 664,599 705,599 747,598 788,597 829,597 871,597 912,597 953,597 994,597 1036,597 1077,597 1118,597 1160,597 1201,597 1242,597 1284,597"/>
                <TextEquiv>
                    <Unicode>nis est formaliter necesse esse, nec per consequens potest</Unicode>
                </TextEquiv>
            </TextLine>
            <TextLine id="r2l11" custom="readingOrder {index:9;}">
                <Coords points="443,646 1294,652 1284,605 443,611"/>
                <Baseline points="449,636 491,637 533,638 575,638 617,638 659,638 701,638 743,636 785,636 827,636 869,636 911,636 953,636 995,636 1037,636 1079,636 1121,636 1163,636 1205,637 1247,638 1289,639"/>
                <TextEquiv>
                    <Unicode>esse Deus, ergo si pater posset filium non producere, fi</Unicode>
                </TextEquiv>
            </TextLine>
            <TextLine id="r2l12" custom="readingOrder {index:10;}">
                <Coords points="444,687 1279,690 1279,650 1193,642 444,646"/>
                <Baseline points="449,677 490,677 531,677 572,677 614,677 655,677 696,677 737,677 779,677 820,676 861,675 902,675 944,675 985,675 1026,675 1067,675 1109,675 1150,675 1191,675 1232,675 1274,677"/>
                <TextEquiv>
                    <Unicode>lius non esset Deus. Ex quo patet, quod illa est falsa, po</Unicode>
                </TextEquiv>
            </TextLine>
            <TextLine id="r2l13" custom="readingOrder {index:11;}">
                <Coords points="450,724 1292,733 1292,688 450,687"/>
                <Baseline points="456,714 497,714 539,714 580,714 622,714 663,714 705,714 746,714 788,714 829,714 871,714 913,714 954,714 996,714 1037,714 1079,714 1120,714 1162,714 1203,714 1245,714 1287,714"/>
                <TextEquiv>
                    <Unicode>ter potest filium non producere, &amp; per consequens eius</Unicode>
                </TextEquiv>
            </TextLine>
            <TextLine id="r2l14" custom="readingOrder {index:12;}">
                <Coords points="455,763 1280,759 1280,723 455,722"/>
                <Baseline points="461,755 501,755 542,755 582,755 623,755 664,755 704,755 745,755 786,755 826,755 867,755 908,753 948,753 989,753 1030,753 1070,753 1111,753 1152,753 1192,753 1233,753 1274,753"/>
                <TextEquiv>
                    <Unicode>contradictoria erit vera, scilicet ista, pater non potest fi¬</Unicode>
                </TextEquiv>
            </TextLine>
            <TextLine id="r2l15" custom="readingOrder {index:13;}">
                <Coords points="456,804 1287,807 1273,758 456,763"/>
                <Baseline points="461,794 502,795 543,795 584,795 625,795 666,794 707,794 748,794 789,794 830,794 871,794 912,792 953,792 994,792 1035,792 1076,792 1117,792 1158,794 1199,794 1240,794 1281,795"/>
                <TextEquiv>
                    <Unicode>lium non producere: quia prima est in secundo Angulo</Unicode>
                </TextEquiv>
            </TextLine>
            <TextLine id="r2l16" custom="readingOrder {index:14;}">
                <Coords points="450,843 1245,844 1286,842 1286,804 450,812"/>
                <Baseline points="456,833 497,833 538,834 579,834 620,834 662,834 703,834 744,834 785,834 826,833 868,833 909,833 950,833 991,833 1032,833 1074,833 1115,833 1156,833 1197,833 1238,833 1280,834"/>
                <TextEquiv>
                    <Unicode>modalium, &amp; alia in quarto, quae semper contradicunt</Unicode>
                </TextEquiv>
            </TextLine>
            <TextLine id="r2l17" custom="readingOrder {index:15;}">
                <Coords points="486,879 1293,882 1293,844 1266,839 486,843"/>
                <Baseline points="492,873 531,873 571,873 611,873 651,873 690,873 730,873 770,873 810,873 849,872 889,872 929,872 969,872 1008,872 1048,872 1088,872 1128,872 1167,872 1207,872 1247,872 1287,872"/>
                <TextEquiv>
                    <Unicode>Contra, delectabilissima operatio non potest esse si¬</Unicode>
                </TextEquiv>
            </TextLine>
            <TextLine id="r2l18" custom="readingOrder {index:16;}">
                <Coords points="454,919 1102,932 1266,923 1280,881 454,889"/>
                <Baseline points="459,912 499,912 540,912 581,912 622,912 663,912 703,912 744,912 785,912 826,912 867,912 907,912 948,912 989,912 1030,912 1071,912 1111,912 1152,912 1193,912 1234,912 1275,912"/>
                <TextEquiv>
                    <Unicode>ne actu voluntatis: sed generare diuinum est delectabi¬</Unicode>
                </TextEquiv>
            </TextLine>
            <TextLine id="r2l19" custom="readingOrder {index:17;}">
                <Coords points="443,966 1254,968 1289,958 1289,919 443,923"/>
                <Baseline points="449,951 490,951 532,951 574,950 615,950 657,950 699,950 740,950 782,950 824,950 866,950 907,950 949,950 991,950 1032,951 1074,951 1116,951 1157,951 1199,951 1241,950 1283,950"/>
                <TextEquiv>
                    <Unicode>lissima operatio, ergo &amp;c. Maior patet: quia nulla potest</Unicode>
                </TextEquiv>
            </TextLine>
            <TextLine id="r2l20" custom="readingOrder {index:18;}">
                <Coords points="447,1008 1272,1001 1287,958 447,965"/>
                <Baseline points="453,990 494,990 535,990 577,989 618,989 660,989 701,989 742,989 784,989 825,989 867,989 908,989 949,989 991,989 1032,989 1074,989 1115,989 1156,989 1198,990 1239,990 1281,990"/>
                <TextEquiv>
                    <Unicode>esse delectatio absque complacentia voluntatis: minorem</Unicode>
                </TextEquiv>
            </TextLine>
            <TextLine id="r2l21" custom="readingOrder {index:19;}">
                <Coords points="456,1039 1290,1041 1290,1004 456,1007"/>
                <Baseline points="462,1031 503,1030 544,1029 585,1029 626,1029 667,1029 708,1028 749,1028 790,1028 831,1028 873,1028 914,1028 955,1028 996,1028 1037,1029 1078,1029 1119,1029 1160,1029 1201,1029 1242,1029 1284,1029"/>
                <TextEquiv>
                    <Unicode>probo: quia operatio perfectissima est delectabilissima, vt</Unicode>
                </TextEquiv>
            </TextLine>
            <TextLine id="r2l22" custom="readingOrder {index:20;}">
                <Coords points="462,1084 1239,1082 1283,1077 1283,1037 462,1041"/>
                <Baseline points="467,1068 507,1068 548,1068 588,1068 629,1068 669,1068 710,1068 750,1068 791,1068 831,1068 872,1068 912,1068 953,1068 993,1067 1034,1067 1074,1067 1115,1067 1155,1067 1196,1067 1236,1068 1277,1068"/>
                <TextEquiv>
                    <Unicode>atet 1. &amp; 10. ethico, sed generare diuinum est operatio</Unicode>
                </TextEquiv>
            </TextLine>
            <TextLine id="r2l23" custom="readingOrder {index:21;}">
                <Coords points="453,1119 1287,1125 1287,1086 1214,1074 453,1089"/>
                <Baseline points="459,1109 500,1108 541,1107 582,1107 623,1107 664,1107 705,1107 746,1107 787,1107 828,1107 870,1107 911,1107 952,1107 993,1107 1034,1107 1075,1107 1116,1107 1157,1107 1198,1107 1239,1107 1281,1107"/>
                <TextEquiv>
                    <Unicode>perfectissima. nam actus, &amp; operationes cum specificen¬</Unicode>
                </TextEquiv>
            </TextLine>
            <TextLine id="r2l24" custom="readingOrder {index:22;}">
                <Coords points="455,1165 1278,1157 1278,1127 1227,1113 455,1120"/>
                <Baseline points="461,1149 501,1149 542,1148 582,1148 623,1148 663,1146 704,1146 744,1146 785,1146 825,1146 866,1146 907,1145 947,1146 988,1146 1028,1146 1069,1146 1109,1146 1150,1146 1190,1148 1231,1148 1272,1148"/>
                <TextEquiv>
                    <Unicode>tur ex terminis, tanto quaelibet operatio est perfectiori</Unicode>
                </TextEquiv>
            </TextLine>
            <TextLine id="r2l25" custom="readingOrder {index:23;}">
                <Coords points="465,1196 1275,1193 1264,1152 465,1164"/>
                <Baseline points="471,1188 510,1188 550,1188 590,1187 630,1187 670,1187 710,1187 750,1187 790,1185 830,1185 870,1185 909,1185 949,1185 989,1184 1029,1184 1069,1184 1109,1184 1149,1184 1189,1185 1229,1185 1269,1185"/>
                <TextEquiv>
                    <Unicode>uanto terminus per ipsa productus est perfectior: sed fi-</Unicode>
                </TextEquiv>
            </TextLine>
            <TextLine id="r2l26" custom="readingOrder {index:24;}">
                <Coords points="445,1236 1281,1236 1280,1199 1234,1192 445,1197"/>
                <Baseline points="450,1226 491,1227 532,1227 573,1227 615,1226 656,1226 697,1226 738,1226 780,1226 821,1224 862,1224 903,1224 945,1224 986,1224 1027,1224 1068,1224 1110,1224 1151,1224 1192,1224 1233,1225 1275,1226"/>
                <TextEquiv>
                    <Unicode>lius, qui est terminus diuinae generationis, est infinitae por</Unicode>
                </TextEquiv>
            </TextLine>
            <TextLine id="r2l27" custom="readingOrder {index:25;}">
                <Coords points="448,1271 1283,1275 1283,1240 1251,1232 448,1234"/>
                <Baseline points="453,1266 494,1266 535,1265 576,1265 618,1265 659,1263 700,1263 741,1263 783,1263 824,1263 865,1263 906,1263 948,1262 989,1262 1030,1262 1071,1262 1113,1262 1154,1262 1195,1263 1236,1263 1278,1263"/>
                <TextEquiv>
                    <Unicode>fectionis. Hic quattuor breuiter faciam: Primo ad decla¬</Unicode>
                </TextEquiv>
            </TextLine>
            <TextLine id="r2l28" custom="readingOrder {index:26;}">
                <Coords points="440,1312 1277,1315 1277,1282 1210,1271 440,1281"/>
                <Baseline points="446,1305 487,1305 528,1304 569,1304 611,1304 652,1304 693,1304 734,1302 776,1302 817,1302 858,1302 899,1302 941,1301 982,1301 1023,1301 1064,1301 1106,1302 1147,1302 1188,1302 1229,1304 1271,1304"/>
                <TextEquiv>
                    <Unicode>rationem terminorum ponam duas distinctiones. Secun</Unicode>
                </TextEquiv>
            </TextLine>
            <TextLine id="r2l29" custom="readingOrder {index:27;}">
                <Coords points="451,1356 1281,1359 1272,1314 451,1315"/>
                <Baseline points="456,1344 499,1344 542,1343 585,1343 628,1343 671,1343 714,1343 757,1341 800,1341 843,1341 887,1341 930,1341 973,1341 1016,1341 1059,1340 1102,1340 1145,1340 1188,1341 1231,1341 1275,1341"/>
                <TextEquiv>
                    <Unicode>do ostendam quomodo pater necessitate dicitur genera</Unicode>
                </TextEquiv>
            </TextLine>
            <TextLine id="r2l30" custom="readingOrder {index:28;}">
                <Coords points="444,1396 1282,1395 1282,1358 1198,1350 444,1357"/>
                <Baseline points="449,1383 490,1383 531,1383 573,1382 614,1382 656,1382 697,1382 738,1382 780,1382 821,1380 863,1380 904,1380 945,1380 987,1380 1028,1380 1070,1380 1111,1381 1152,1382 1194,1382 1235,1383 1277,1383"/>
                <TextEquiv>
                    <Unicode>re filium. Tertio, quomodo voluntate. Quarto adducam</Unicode>
                </TextEquiv>
            </TextLine>
            <TextLine id="r2l31" custom="readingOrder {index:29;}">
                <Coords points="444,1435 1018,1438 1018,1398 966,1388 444,1396"/>
                <Baseline points="450,1421 478,1422 506,1422 534,1424 562,1424 590,1424 618,1424 647,1424 675,1422 703,1422 731,1422 759,1421 787,1421 815,1420 844,1419 872,1419 900,1419 928,1419 956,1419 984,1421 1013,1422"/>
                <TextEquiv>
                    <Unicode>aliqua contra me, &amp; respondebo ad ea¬</Unicode>
                </TextEquiv>
            </TextLine>
            <TextLine id="line_1602114974014_764" custom="readingOrder {index:30;}">
                <Coords points="611,1522 733,1537 817,1510 858,1525 924,1507 964,1527 1097,1521 1097,1483 1072,1478 611,1468"/>
                <Baseline points="617,1518 698,1515 726,1514 754,1512 782,1511 810,1512 828,1511 857,1513 886,1512 916,1511 945,1511 975,1514 995,1515 1027,1512 1059,1511 1092,1514"/>
                <TextEquiv>
                    <Unicode>RESOLVTIO.</Unicode>
                </TextEquiv>
            </TextLine>
            <TextLine id="r2l39" custom="readingOrder {index:31;}">
                <Coords points="438,1605 1280,1609 1280,1557 1214,1548 438,1555"/>
                <Baseline points="444,1596 485,1596 527,1596 568,1596 610,1596 651,1596 693,1596 734,1596 776,1596 817,1596 859,1596 901,1596 942,1596 984,1596 1025,1596 1067,1595 1108,1595 1150,1595 1191,1595 1233,1595 1275,1595"/>
                <TextEquiv>
                    <Unicode>Veritas est, quod pater necessit ate quidem tum formalis exigen¬</Unicode>
                </TextEquiv>
            </TextLine>
            <TextLine id="r2l40" custom="readingOrder {index:32;}">
                <Coords points="475,1640 1286,1639 1286,1609 1248,1601 475,1609"/>
                <Baseline points="480,1638 520,1637 560,1637 600,1635 640,1635 680,1635 720,1634 760,1634 800,1634 840,1634 880,1634 920,1634 960,1634 1000,1635 1040,1635 1080,1635 1120,1635 1160,1635 1200,1635 1240,1634 1280,1634"/>
                <TextEquiv>
                    <Unicode>tiae, tum immut abilitatis filium genuerit. Vnde cum id fine</Unicode>
                </TextEquiv>
            </TextLine>
            <TextLine id="r2l41" custom="readingOrder {index:33;}">
                <Coords points="480,1686 1283,1694 1283,1644 1251,1639 480,1644"/>
                <Baseline points="486,1677 525,1676 565,1675 604,1674 644,1674 683,1674 723,1673 762,1673 802,1673 841,1673 881,1673 921,1673 960,1673 1000,1673 1039,1673 1079,1674 1118,1674 1158,1674 1197,1674 1237,1673 1277,1673"/>
                <TextEquiv>
                    <Unicode>summa complacentia fieri non possit, volunt ate quoque eun¬</Unicode>
                </TextEquiv>
            </TextLine>
            <TextLine id="r2l42" custom="readingOrder {index:34;}">
                <Coords points="478,1748 499,1737 565,1744 582,1732 602,1746 641,1743 670,1718 704,1729 724,1718 838,1721 842,1686 777,1676 711,1690 694,1678 640,1677 586,1679 570,1694 478,1689"/>
                <Baseline points="483,1715 508,1716 533,1716 558,1716 584,1716 609,1715 634,1715 660,1714 685,1713 710,1713 735,1713 761,1712 786,1713 811,1713 837,1715"/>
                <TextEquiv>
                    <Unicode>dem genuis e comprobatur.</Unicode>
                </TextEquiv>
            </TextLine>
            <TextLine id="r2l43" custom="readingOrder {index:35;}">
                <Coords points="573,1823 675,1833 728,1813 776,1825 815,1810 831,1826 858,1813 880,1827 931,1810 960,1832 1021,1826 1011,1753 573,1753"/>
                <Baseline points="578,1812 603,1812 629,1811 655,1810 681,1809 706,1809 732,1809 758,1809 784,1809 809,1809 835,1809 861,1809 887,1810 912,1811 938,1811 964,1811 990,1812 1016,1812"/>
                <TextEquiv>
                    <Unicode>ARTICVLVS</Unicode>
                </TextEquiv>
            </TextLine>
            <TextLine id="r2l44" custom="readingOrder {index:36;}">
                <Coords points="498,1926 1197,1917 1197,1874 1105,1859 950,1878 498,1870"/>
                <Baseline points="503,1908 537,1907 571,1905 606,1905 640,1905 675,1904 709,1904 743,1904 778,1905 812,1905 847,1905 881,1906 915,1907 950,1907 984,1907 1019,1908 1053,1908 1087,1908 1122,1908 1156,1908 1191,1908"/>
                <TextEquiv>
                    <Unicode>Ad dectarationem terminorum ponuntur</Unicode>
                </TextEquiv>
            </TextLine>
            <TextLine id="r2l45" custom="readingOrder {index:37;}">
                <Coords points="709,1982 742,1965 818,1957 882,1962 920,1985 942,1985 969,1960 1001,1961 1002,1924 955,1931 901,1915 875,1927 847,1910 795,1924 780,1916 760,1926 736,1915 709,1918"/>
                <Baseline points="714,1955 739,1955 765,1955 790,1955 816,1955 842,1955 867,1956 893,1956 919,1956 944,1956 970,1956 996,1955"/>
                <TextEquiv>
                    <Unicode>due distinctiones.</Unicode>
                </TextEquiv>
            </TextLine>
            <TextLine id="r2l47" custom="readingOrder {index:38;}">
                <Coords points="463,2057 496,2077 594,2050 1264,2059 1264,2008 1240,2024 1182,1987 916,2013 820,1986 463,1992"/>
                <Baseline points="468,2046 507,2046 547,2046 586,2046 626,2046 665,2046 705,2046 744,2046 784,2045 823,2045 863,2045 903,2045 942,2046 982,2046 1021,2046 1061,2046 1100,2046 1140,2046 1179,2048 1219,2048 1259,2049"/>
                <TextEquiv>
                    <Unicode>VANTVM ad primum, primo distinguam de ne</Unicode>
                </TextEquiv>
            </TextLine>
            <TextLine id="r2l48" custom="readingOrder {index:39;}">
                <Coords points="483,2094 1283,2102 1283,2064 1191,2052 594,2050 483,2071"/>
                <Baseline points="488,2085 527,2085 566,2085 606,2085 645,2085 685,2085 724,2085 764,2085 803,2085 843,2084 882,2084 921,2084 961,2084 1000,2084 1040,2085 1079,2085 1119,2085 1158,2085 1198,2085 1237,2085 1277,2085"/>
                <TextEquiv>
                    <Unicode>Sessitate, secundo de voluntate: Necessarium enim</Unicode>
                </TextEquiv>
            </TextLine>
            <TextLine id="r2l49" custom="readingOrder {index:40;}">
                <Coords points="435,2131 1270,2137 1270,2095 435,2100"/>
                <Baseline points="440,2124 481,2124 522,2124 563,2124 605,2124 646,2124 687,2124 728,2124 770,2124 811,2124 852,2124 893,2124 935,2124 976,2124 1017,2124 1058,2124 1100,2124 1141,2124 1182,2124 1223,2124 1265,2124"/>
                <TextEquiv>
                    <Unicode>multis modis dicitur, vt patet 5. metaph tamen quia pra</Unicode>
                </TextEquiv>
            </TextLine>
            <TextLine id="r2l50" custom="readingOrder {index:41;}">
                <Coords points="433,2176 1203,2183 1277,2168 1277,2133 433,2134"/>
                <Baseline points="438,2163 479,2163 521,2163 563,2162 604,2162 646,2162 688,2162 729,2162 771,2162 813,2162 855,2162 896,2163 938,2163 980,2163 1021,2163 1063,2163 1105,2163 1146,2163 1188,2163 1230,2163 1272,2163"/>
                <TextEquiv>
                    <Unicode>sens quaestio videtur quaerere de necessitate per respectum</Unicode>
                </TextEquiv>
            </TextLine>
            <TextLine id="r2l51" custom="readingOrder {index:42;}">
                <Coords points="431,2214 1175,2220 1280,2210 1280,2173 431,2178"/>
                <Baseline points="437,2204 478,2202 520,2202 562,2202 604,2202 646,2202 688,2202 730,2202 772,2201 814,2201 856,2201 897,2201 939,2201 981,2202 1023,2202 1065,2202 1107,2202 1149,2202 1191,2202 1233,2202 1275,2202"/>
                <TextEquiv>
                    <Unicode>ad causam, siue ad principium: ideo, ceteris modis praemis</Unicode>
                </TextEquiv>
            </TextLine>
            <TextLine id="r2l52" custom="readingOrder {index:43;}">
                <Coords points="447,2253 1242,2259 1277,2257 1277,2209 447,2224"/>
                <Baseline points="453,2243 496,2243 539,2242 582,2241 625,2241 668,2241 711,2241 754,2240 797,2240 840,2240 884,2240 927,2240 970,2241 1013,2241 1056,2241 1099,2241 1142,2241 1185,2241 1228,2243 1272,2243"/>
                <TextEquiv>
                    <Unicode>is, est sciendum, quod secundum 4. causarum genera qua</Unicode>
                </TextEquiv>
            </TextLine>
            <TextLine id="r2l53" custom="readingOrder {index:44;}">
                <Coords points="440,2292 1277,2297 1277,2256 1220,2249 441,2251"/>
                <Baseline points="446,2282 487,2281 528,2280 569,2280 611,2280 652,2280 693,2280 734,2280 776,2280 817,2282 858,2282 899,2282 941,2282 982,2282 1023,2282 1064,2282 1106,2282 1147,2282 1188,2282 1229,2283 1271,2283"/>
                <TextEquiv>
                    <Unicode>drupliciter per relationem ad principium, siue causam,</Unicode>
                </TextEquiv>
            </TextLine>
            <TextLine id="r2l54" custom="readingOrder {index:45;}">
                <Coords points="432,2333 1077,2324 1212,2352 1283,2328 1283,2297 432,2300"/>
                <Baseline points="438,2321 480,2321 522,2321 564,2319 606,2319 648,2319 690,2319 732,2321 774,2321 816,2321 858,2321 900,2321 942,2321 984,2321 1026,2321 1068,2321 1110,2321 1152,2321 1194,2321 1236,2321 1278,2319"/>
                <TextEquiv>
                    <Unicode>aliqua dicuntur necessaria, &amp; secudum hoc 4 erunt mo¬</Unicode>
                </TextEquiv>
            </TextLine>
            <TextLine id="r2l55" custom="readingOrder {index:46;}">
                <Coords points="440,2370 650,2367 650,2335 640,2338 627,2328 585,2339 562,2325 528,2327 520,2335 484,2340 468,2330 440,2328"/>
                <Baseline points="446,2361 474,2360 502,2358 531,2357 559,2357 588,2357 616,2358 645,2360"/>
                <TextEquiv>
                    <Unicode>di necessitatis.</Unicode>
                </TextEquiv>
            </TextLine>
            <TextLine id="r2l56" custom="readingOrder {index:47;}">
                <Coords points="435,2408 1216,2417 1277,2408 1277,2371 1057,2378 989,2341 915,2379 435,2378"/>
                <Baseline points="440,2399 481,2399 523,2398 564,2397 606,2397 647,2397 689,2397 730,2397 772,2399 813,2399 855,2399 897,2399 938,2399 980,2400 1021,2400 1063,2400 1104,2400 1146,2400 1187,2400 1229,2399 1271,2399"/>
                <TextEquiv>
                    <Unicode>Primus respectu causae materialis, &amp; haec necessitas di¬</Unicode>
                </TextEquiv>
            </TextLine>
            <TextLine id="r2l57" custom="readingOrder {index:48;}">
                <Coords points="444,2448 1262,2458 1251,2405 445,2403"/>
                <Baseline points="450,2438 490,2438 530,2438 571,2438 611,2436 651,2436 692,2436 732,2438 772,2438 813,2438 853,2438 893,2438 934,2438 974,2438 1014,2438 1055,2439 1095,2439 1135,2439 1176,2439 1216,2439 1257,2438"/>
                <TextEquiv>
                    <Unicode>citur indigentiae, puta illud habet materiam partem sui</Unicode>
                </TextEquiv>
            </TextLine>
            <TextLine id="r2l58" custom="readingOrder {index:49;}">
                <Coords points="435,2484 1273,2483 1273,2456 435,2445"/>
                <Baseline points="441,2478 482,2477 523,2477 565,2475 606,2475 647,2475 689,2475 730,2475 771,2475 813,2475 854,2475 895,2477 937,2477 978,2477 1019,2478 1061,2478 1102,2478 1143,2478 1185,2478 1226,2477 1268,2477"/>
                <TextEquiv>
                    <Unicode>siue in isto est aliquid ad modum materiae, puta poten¬</Unicode>
                </TextEquiv>
            </TextLine>
            <TextLine id="r2l59" custom="readingOrder {index:50;}">
                <Coords points="432,2531 1268,2540 1247,2482 432,2487"/>
                <Baseline points="437,2519 478,2517 519,2516 560,2514 602,2514 643,2514 684,2514 725,2514 767,2514 808,2514 849,2514 890,2516 932,2516 973,2516 1014,2516 1055,2517 1097,2517 1138,2517 1179,2517 1220,2517 1262,2516"/>
                <TextEquiv>
                    <Unicode>tia passiua, ideo necessario indiget conseruante: quia sibi</Unicode>
                </TextEquiv>
            </TextLine>
            <TextLine id="r2l60" custom="readingOrder {index:51;}">
                <Coords points="437,2568 944,2564 931,2533 837,2533 824,2519 806,2533 700,2520 674,2535 437,2527"/>
                <Baseline points="443,2555 469,2555 495,2555 521,2555 547,2555 573,2555 599,2555 625,2553 651,2553 677,2553 704,2553 730,2553 756,2552 782,2552 808,2553 834,2553 860,2553 886,2554 912,2555 939,2556"/>
                <TextEquiv>
                    <Unicode>derelictum necessario destruetur.</Unicode>
                </TextEquiv>
            </TextLine>
            <TextLine id="r2l61" custom="readingOrder {index:52;}">
                <Coords points="464,2603 1228,2614 1266,2599 1266,2540 1023,2533 908,2574 464,2568"/>
                <Baseline points="470,2594 509,2593 549,2592 588,2592 628,2592 667,2592 707,2592 746,2592 786,2592 825,2592 865,2593 904,2594 944,2594 983,2595 1023,2595 1062,2595 1102,2595 1141,2595 1181,2595 1220,2595 1260,2595"/>
                <TextEquiv>
                    <Unicode>Secundus modus respectu causae formalis, &amp; haec ne¬</Unicode>
                </TextEquiv>
            </TextLine>
            <TextLine id="r2l62" custom="readingOrder {index:53;}">
                <Coords points="429,2643 1275,2657 1275,2623 1239,2603 430,2608"/>
                <Baseline points="435,2634 476,2633 518,2633 560,2631 601,2631 643,2631 685,2631 726,2631 768,2633 810,2633 852,2633 893,2633 935,2634 977,2634 1018,2634 1060,2636 1102,2636 1143,2636 1185,2636 1227,2636 1269,2636"/>
                <TextEquiv>
                    <Unicode>cessitas dicitur exigentiae, puta ignis est necessario cali¬</Unicode>
                </TextEquiv>
            </TextLine>
            <TextLine id="r2l63" custom="readingOrder {index:54;}">
                <Coords points="429,2688 707,2677 802,2690 821,2678 853,2696 899,2680 899,2653 883,2648 429,2644"/>
                <Baseline points="435,2673 460,2673 486,2672 511,2672 537,2670 562,2670 588,2670 613,2670 639,2670 664,2669 690,2669 715,2669 741,2669 766,2670 792,2670 817,2671 843,2672 868,2672 894,2673"/>
                <TextEquiv>
                    <Unicode>dus, quia natura sua hoc exigit.</Unicode>
                </TextEquiv>
            </TextLine>
            <TextLine id="r2l64" custom="readingOrder {index:55;}">
                <Coords points="477,2718 1272,2728 1272,2663 1021,2650 845,2692 477,2682"/>
                <Baseline points="483,2711 522,2711 561,2709 600,2709 639,2709 678,2709 717,2709 757,2709 796,2711 835,2711 874,2711 913,2711 952,2712 991,2712 1031,2714 1070,2714 1109,2714 1148,2715 1187,2715 1226,2715 1266,2715"/>
                <TextEquiv>
                    <Unicode>Tertius attribuitur causae efficienti, &amp; hoc dupliciter;</Unicode>
                </TextEquiv>
            </TextLine>
            <TextLine id="r2l65" custom="readingOrder {index:56;}">
                <Coords points="431,2770 622,2749 1186,2769 1271,2759 1272,2731 432,2722"/>
                <Baseline points="437,2753 478,2751 519,2750 561,2749 602,2748 644,2748 685,2748 727,2748 768,2748 810,2748 851,2748 892,2750 934,2750 975,2751 1017,2751 1058,2751 1100,2753 1141,2753 1183,2753 1224,2754 1266,2754"/>
                <TextEquiv>
                    <Unicode>quia vel tale agens huiusmodi necessitatem consequitur</Unicode>
                </TextEquiv>
            </TextLine>
            <TextLine id="r2l66" custom="readingOrder {index:57;}">
                <Coords points="425,2797 1241,2810 1268,2801 1269,2760 425,2767"/>
                <Baseline points="431,2790 472,2789 514,2789 555,2789 597,2789 639,2789 680,2789 722,2789 763,2789 805,2789 847,2789 888,2790 930,2790 971,2790 1013,2792 1055,2792 1096,2792 1138,2793 1179,2793 1221,2793 1263,2793"/>
                <TextEquiv>
                    <Unicode>ex principio sibi intrinsece inexistente, &amp; haec potest dici</Unicode>
                </TextEquiv>
            </TextLine>
            <TextLine id="r2l67" custom="readingOrder {index:58;}">
                <Coords points="438,2834 1272,2833 1272,2805 1209,2800 439,2809"/>
                <Baseline points="444,2829 485,2828 526,2828 567,2826 608,2826 649,2826 690,2826 731,2827 772,2828 813,2828 855,2828 896,2829 937,2829 978,2829 1019,2831 1060,2831 1101,2831 1142,2831 1183,2831 1224,2831 1266,2831"/>
                <TextEquiv>
                    <Unicode>necessitas immutabilitatis, sicut ignis quantum est ex par¬</Unicode>
                </TextEquiv>
            </TextLine>
            <TextLine id="r2l68" custom="readingOrder {index:59;}">
                <Coords points="429,2872 1266,2889 1266,2847 1200,2841 429,2846"/>
                <Baseline points="435,2867 476,2867 517,2867 558,2867 600,2867 641,2867 682,2867 723,2867 765,2867 806,2867 847,2867 888,2868 930,2868 971,2868 1012,2868 1053,2868 1095,2870 1136,2870 1177,2871 1218,2871 1260,2873"/>
                <TextEquiv>
                    <Unicode>te sui immutabiliter calefacit, quamuis per accidens pos</Unicode>
                </TextEquiv>
            </TextLine>
            <TextLine id="r2l69" custom="readingOrder {index:60;}">
                <Coords points="432,2914 1275,2916 1266,2887 1158,2878 433,2873"/>
                <Baseline points="438,2907 479,2907 521,2906 562,2906 604,2906 645,2906 687,2906 728,2906 770,2906 811,2907 853,2907 895,2907 936,2907 978,2909 1019,2909 1061,2909 1102,2910 1144,2910 1185,2912 1227,2912 1269,2913"/>
                <TextEquiv>
                    <Unicode>set impediri, puta si deficeret sibi materia: vel tale agens</Unicode>
                </TextEquiv>
            </TextLine>
            <TextLine id="r2l70" custom="readingOrder {index:61;}">
                <Coords points="422,2949 1264,2964 1264,2926 1234,2920 422,2921"/>
                <Baseline points="428,2946 469,2946 511,2945 552,2945 594,2945 635,2945 677,2945 718,2945 760,2945 801,2946 843,2946 885,2946 926,2946 968,2948 1009,2948 1051,2948 1092,2948 1134,2948 1175,2949 1217,2949 1259,2949"/>
                <TextEquiv>
                    <Unicode>consequitur huiusmodi necessitatem a principio extrin¬</Unicode>
                </TextEquiv>
            </TextLine>
            <TextLine id="r2l71" custom="readingOrder {index:62;}">
                <Coords points="426,2992 1268,3002 1268,2964 1213,2956 426,2952"/>
                <Baseline points="431,2985 472,2985 514,2984 555,2984 597,2984 638,2984 680,2984 721,2984 763,2985 804,2985 846,2985 888,2985 929,2985 971,2987 1012,2987 1054,2987 1095,2988 1137,2988 1178,2989 1220,2990 1262,2990"/>
                <TextEquiv>
                    <Unicode>seco, nullam sibi virtutem intrinsece conferente, &amp; haec</Unicode>
                </TextEquiv>
            </TextLine>
            <TextLine id="r2l72" custom="readingOrder {index:63;}">
                <Coords points="419,3028 1268,3044 1268,3004 1231,2994 419,2999"/>
                <Baseline points="425,3024 466,3024 508,3023 550,3023 592,3023 634,3023 676,3023 717,3023 759,3024 801,3024 843,3024 885,3025 927,3026 969,3026 1010,3027 1052,3027 1094,3027 1136,3029 1178,3029 1220,3030 1262,3030"/>
                <TextEquiv>
                    <Unicode>dicitur necessitas coactionis, puta lapis aerem necessa¬</Unicode>
                </TextEquiv>
            </TextLine>
            <TextLine id="r2l73" custom="readingOrder {index:64;}">
                <Coords points="420,3074 1180,3081 1190,3039 420,3045"/>
                <Baseline points="425,3063 463,3063 501,3062 539,3062 577,3062 615,3062 653,3062 691,3062 729,3062 767,3063 805,3063 843,3063 881,3063 919,3063 957,3063 995,3065 1033,3065 1071,3066 1109,3066 1147,3066 1185,3068"/>
                <TextEquiv>
                    <Unicode>rio mouet, quia a proiiciente impellitur violenter.</Unicode>
                </TextEquiv>
            </TextLine>
            <TextLine id="r2l74" custom="readingOrder {index:65;}">
                <Coords points="467,3119 1012,3138 1256,3121 1257,3071 468,3070"/>
                <Baseline points="473,3104 511,3103 550,3102 589,3102 628,3102 667,3102 706,3102 745,3102 784,3104 823,3104 862,3104 900,3105 939,3105 978,3107 1017,3107 1056,3108 1095,3108 1134,3108 1173,3110 1212,3110 1251,3110"/>
                <TextEquiv>
                    <Unicode>Quartus respectu causae finalis, &amp; haec dicitur necessi</Unicode>
                </TextEquiv>
            </TextLine>
            <TextEquiv>
                <Unicode>ter producit necessitate, quod non potest producere: sed 
pater non potest filium non producere. Maior patet ex e.
Perihermenias, vbi in quarto ordine modalium non possi
bile non esse conuertitur cum necesse esse: minorem de¬
claro: quia si posset ipsum non producere, tunc contin¬
genter produceret ipsum. Nam possibile non esse, &amp; con
tingens esse aequipollent in secundo ordine modalium;
sed nullum contingenter productum ex vi suae productio
nis est formaliter necesse esse, nec per consequens potest
esse Deus, ergo si pater posset filium non producere, fi
lius non esset Deus. Ex quo patet, quod illa est falsa, po
ter potest filium non producere, &amp; per consequens eius
contradictoria erit vera, scilicet ista, pater non potest fi¬
lium non producere: quia prima est in secundo Angulo
modalium, &amp; alia in quarto, quae semper contradicunt
Contra, delectabilissima operatio non potest esse si¬
ne actu voluntatis: sed generare diuinum est delectabi¬
lissima operatio, ergo &amp;c. Maior patet: quia nulla potest
esse delectatio absque complacentia voluntatis: minorem
probo: quia operatio perfectissima est delectabilissima, vt
atet 1. &amp; 10. ethico, sed generare diuinum est operatio
perfectissima. nam actus, &amp; operationes cum specificen¬
tur ex terminis, tanto quaelibet operatio est perfectiori
uanto terminus per ipsa productus est perfectior: sed fi-
lius, qui est terminus diuinae generationis, est infinitae por
fectionis. Hic quattuor breuiter faciam: Primo ad decla¬
rationem terminorum ponam duas distinctiones. Secun
do ostendam quomodo pater necessitate dicitur genera
re filium. Tertio, quomodo voluntate. Quarto adducam
aliqua contra me, &amp; respondebo ad ea¬
RESOLVTIO.
Veritas est, quod pater necessit ate quidem tum formalis exigen¬
tiae, tum immut abilitatis filium genuerit. Vnde cum id fine
summa complacentia fieri non possit, volunt ate quoque eun¬
dem genuis e comprobatur.
ARTICVLVS
Ad dectarationem terminorum ponuntur
due distinctiones.
VANTVM ad primum, primo distinguam de ne
Sessitate, secundo de voluntate: Necessarium enim
multis modis dicitur, vt patet 5. metaph tamen quia pra
sens quaestio videtur quaerere de necessitate per respectum
ad causam, siue ad principium: ideo, ceteris modis praemis
is, est sciendum, quod secundum 4. causarum genera qua
drupliciter per relationem ad principium, siue causam,
aliqua dicuntur necessaria, &amp; secudum hoc 4 erunt mo¬
di necessitatis.
Primus respectu causae materialis, &amp; haec necessitas di¬
citur indigentiae, puta illud habet materiam partem sui
siue in isto est aliquid ad modum materiae, puta poten¬
tia passiua, ideo necessario indiget conseruante: quia sibi
derelictum necessario destruetur.
Secundus modus respectu causae formalis, &amp; haec ne¬
cessitas dicitur exigentiae, puta ignis est necessario cali¬
dus, quia natura sua hoc exigit.
Tertius attribuitur causae efficienti, &amp; hoc dupliciter;
quia vel tale agens huiusmodi necessitatem consequitur
ex principio sibi intrinsece inexistente, &amp; haec potest dici
necessitas immutabilitatis, sicut ignis quantum est ex par¬
te sui immutabiliter calefacit, quamuis per accidens pos
set impediri, puta si deficeret sibi materia: vel tale agens
consequitur huiusmodi necessitatem a principio extrin¬
seco, nullam sibi virtutem intrinsece conferente, &amp; haec
dicitur necessitas coactionis, puta lapis aerem necessa¬
rio mouet, quia a proiiciente impellitur violenter.
Quartus respectu causae finalis, &amp; haec dicitur necessi</Unicode>
            </TextEquiv>
        </TextRegion>
        <TextRegion orientation="0.0" id="TextRegion_1602115061496_815" custom="readingOrder {index:1;}">
            <Coords points="1301,195 2180,195 2214,3089 2215,3184 1301,3184"/>
            <TextLine id="r3l3" custom="readingOrder {index:0;}">
                <Coords points="1340,293 2177,310 2178,257 1898,268 1824,231 1341,259"/>
                <Baseline points="1346,288 1387,287 1428,287 1469,287 1511,287 1552,287 1593,287 1635,287 1676,288 1717,288 1759,290 1800,290 1841,291 1882,293 1924,294 1965,294 2006,296 2048,297 2089,299 2130,300 2172,302"/>
                <TextEquiv>
                    <Unicode>tas conditionis, siue conditionata, puta si talem finem vis</Unicode>
                </TextEquiv>
            </TextLine>
            <TextLine id="r3l4" custom="readingOrder {index:1;}">
                <Coords points="1344,332 1933,344 1972,335 1973,306 1345,296"/>
                <Baseline points="1350,326 1380,326 1411,326 1442,326 1473,327 1504,327 1535,326 1565,326 1596,326 1627,326 1658,326 1689,326 1720,327 1751,327 1781,327 1812,328 1843,329 1874,330 1905,332 1936,333 1967,335"/>
                <TextEquiv>
                    <Unicode>consequi, necesse est te talibus mediis vti.</Unicode>
                </TextEquiv>
            </TextLine>
            <TextLine id="line_1602115061633_819" custom="readingOrder {index:2;}">
                <Coords points="1380,375 2132,396 2188,374 2075,337 1380,335"/>
                <Baseline points="1385,366 1428,365 1472,364 1515,363 1559,363 1602,364 1646,365 1689,366 1733,368 1776,369 1820,371 1864,372 1907,374 1951,374 1994,375 2038,375 2081,375 2125,375 2168,374 2182,373"/>
                <TextEquiv>
                    <Unicode>Voluntas etiam, vt ad praesens spectat, dupliciter po¬</Unicode>
                </TextEquiv>
            </TextLine>
            <TextLine id="r3l8" custom="readingOrder {index:3;}">
                <Coords points="1334,410 2133,434 2159,387 1335,371"/>
                <Baseline points="1340,404 1380,404 1421,404 1461,404 1502,404 1543,404 1583,404 1624,404 1665,405 1705,405 1746,407 1787,407 1827,408 1868,410 1909,411 1949,413 1990,414 2031,416 2071,417 2112,419 2153,420"/>
                <TextEquiv>
                    <Unicode>test sumi; vno modo pro potentia volitiua, siue principio</Unicode>
                </TextEquiv>
            </TextLine>
            <TextLine id="r3l9" custom="readingOrder {index:4;}">
                <Coords points="1337,450 2171,465 2151,424 1338,409"/>
                <Baseline points="1343,443 1384,443 1425,443 1466,443 1507,443 1548,443 1589,443 1630,443 1671,444 1712,444 1754,446 1795,446 1836,447 1877,447 1918,449 1959,450 2000,452 2041,454 2082,455 2123,457 2165,459"/>
                <TextEquiv>
                    <Unicode>volitiuo, alio, modo pro actu perfecto ipsius voluntatis</Unicode>
                </TextEquiv>
            </TextLine>
            <TextLine id="r3l11" custom="readingOrder {index:5;}">
                <Coords points="1331,495 2169,513 2170,468 1332,449"/>
                <Baseline points="1337,483 1378,483 1419,482 1460,482 1502,482 1543,482 1584,482 1626,482 1667,483 1708,483 1750,485 1791,486 1832,488 1873,488 1915,490 1956,491 1997,493 2039,494 2080,495 2121,498 2163,498"/>
                <TextEquiv>
                    <Unicode>siue principij volitiui, modo, quo dicitur in ethicis, quod </Unicode>
                </TextEquiv>
            </TextLine>
            <TextLine id="r3l12" custom="readingOrder {index:6;}">
                <Coords points="1332,532 2123,551 2164,535 2165,507 1333,495"/>
                <Baseline points="1337,522 1378,521 1419,521 1460,521 1501,521 1542,521 1583,521 1624,522 1665,522 1706,524 1748,524 1789,525 1830,527 1871,528 1912,529 1953,531 1994,533 2035,534 2076,535 2117,537 2159,539"/>
                <TextEquiv>
                    <Unicode>voluntas est ipsius sinis, electio eorum, quae sunt ad fine</Unicode>
                </TextEquiv>
            </TextLine>
            <TextLine id="line_1602115038365_809" custom="readingOrder {index:7;}">
                <Coords points="1476,641 2061,653 2062,574 2044,570 1887,590 1825,567 1743,587 1533,561 1477,574"/>
                <Baseline points="1482,621 1508,620 1534,620 1560,618 1586,618 1612,618 1638,617 1664,617 1690,618 1716,618 1742,618 1769,620 1787,621 1816,620 1845,622 2056,627"/>
                <TextEquiv>
                    <Unicode>ARTICVLVSII</Unicode>
                </TextEquiv>
            </TextLine>
            <TextLine id="r3l19" custom="readingOrder {index:8;}">
                <Coords points="1458,729 1857,716 2000,743 2166,738 2167,707 1947,651 1461,649"/>
                <Baseline points="1464,705 1498,706 1533,707 1568,707 1603,707 1638,707 1672,707 1707,707 1742,707 1777,707 1812,708 1846,708 1881,710 1916,711 1951,714 1986,716 2020,719 2055,722 2090,725 2125,729 2160,734"/>
                <TextEquiv>
                    <Unicode>ostenditur quomodo pater necessitate.</Unicode>
                </TextEquiv>
            </TextLine>
            <TextLine id="r3l22" custom="readingOrder {index:9;}">
                <Coords points="1549,773 1597,761 1636,774 1658,766 1675,780 1741,763 1807,781 1843,766 1943,775 1950,730 1887,733 1857,716 1821,730 1550,723"/>
                <Baseline points="1554,755 1580,755 1606,756 1632,756 1658,756 1684,756 1710,756 1736,758 1762,758 1788,758 1814,759 1840,759 1866,761 1892,761 1918,762 1944,764"/>
                <TextEquiv>
                    <Unicode>dicitur generare filium.</Unicode>
                </TextEquiv>
            </TextLine>
            <TextLine id="r3l26" custom="readingOrder {index:10;}">
                <Coords points="1359,836 2161,860 2149,813 1360,796"/>
                <Baseline points="1364,836 1403,836 1443,836 1482,837 1522,837 1562,837 1601,837 1641,839 1680,839 1720,839 1760,840 1799,840 1839,842 1878,842 1918,843 1958,844 1997,845 2037,846 2076,848 2116,850 2156,852"/>
                <TextEquiv>
                    <Unicode>TIS PR AEM1SSIS, quo ad secundum principale;</Unicode>
                </TextEquiv>
            </TextLine>
            <TextLine id="r3l27" custom="readingOrder {index:11;}">
                <Coords points="1343,882 2074,903 2158,894 2159,855 1474,839 1343,860"/>
                <Baseline points="1349,873 1389,874 1429,875 1469,875 1509,876 1550,876 1590,876 1630,878 1670,878 1710,878 1751,879 1791,879 1831,881 1871,881 1911,882 1952,882 1992,884 2032,886 2072,887 2112,890 2153,891"/>
                <TextEquiv>
                    <Unicode>2 L scilicet quomodo pater dicitur filium necessitati</Unicode>
                </TextEquiv>
            </TextLine>
            <TextLine id="r3l28" custom="readingOrder {index:12;}">
                <Coords points="1332,934 1752,919 2113,943 2170,936 2171,899 1333,881"/>
                <Baseline points="1338,917 1379,915 1420,915 1462,915 1503,915 1544,915 1586,915 1627,915 1668,916 1710,917 1751,917 1792,918 1834,919 1875,920 1916,921 1958,923 1999,924 2040,924 2082,926 2123,927 2165,929"/>
                <TextEquiv>
                    <Unicode>generare, dico, quod primus modus necessitatis in Deo</Unicode>
                </TextEquiv>
            </TextLine>
            <TextLine id="r3l29" custom="readingOrder {index:13;}">
                <Coords points="1341,961 2123,984 2167,975 2168,936 1341,930"/>
                <Baseline points="1346,954 1386,953 1427,953 1468,953 1509,953 1550,954 1590,954 1631,954 1672,955 1713,956 1754,957 1794,957 1835,959 1876,960 1917,960 1958,962 1998,963 2039,965 2080,966 2121,968 2162,969"/>
                <TextEquiv>
                    <Unicode>ullo modo potest poni: quiae cum ipse sit purus actus; in</Unicode>
                </TextEquiv>
            </TextLine>
            <TextLine id="r3l30" custom="readingOrder {index:14;}">
                <Coords points="1337,1009 2046,1024 2152,1019 2163,976 1338,966"/>
                <Baseline points="1343,993 1383,992 1424,992 1464,992 1505,993 1546,993 1586,993 1627,993 1668,995 1708,995 1749,996 1790,996 1830,998 1871,999 1912,1000 1952,1001 1993,1002 2034,1004 2074,1006 2115,1007 2156,1008"/>
                <TextEquiv>
                    <Unicode>ipso nec erit materia, nec aliquid materiale, &amp; per conso</Unicode>
                </TextEquiv>
            </TextLine>
            <TextLine id="r3l31" custom="readingOrder {index:15;}">
                <Coords points="1354,1037 2091,1064 2165,1056 2166,1012 1354,1007"/>
                <Baseline points="1359,1031 1399,1032 1439,1032 1479,1032 1519,1032 1559,1033 1599,1034 1639,1034 1679,1034 1719,1035 1759,1035 1799,1037 1839,1037 1879,1038 1919,1038 1959,1040 1999,1041 2039,1043 2079,1044 2119,1046 2159,1047"/>
                <TextEquiv>
                    <Unicode>uens nihil proueniens ex necessitate materiae in ipso lo</Unicode>
                </TextEquiv>
            </TextLine>
            <TextLine id="r3l32" custom="readingOrder {index:16;}">
                <Coords points="1332,1080 2132,1101 2176,1094 2177,1056 1332,1046"/>
                <Baseline points="1337,1071 1378,1071 1420,1071 1462,1071 1503,1071 1545,1071 1587,1072 1628,1073 1670,1073 1712,1074 1754,1075 1795,1076 1837,1077 1879,1077 1920,1079 1962,1080 2004,1080 2045,1082 2087,1083 2129,1083 2171,1085"/>
                <TextEquiv>
                    <Unicode>cum habet. Nec quartus modus proprie in Deo potest po</Unicode>
                </TextEquiv>
            </TextLine>
            <TextLine id="r3l33" custom="readingOrder {index:17;}">
                <Coords points="1330,1120 2106,1137 2164,1131 2165,1097 1330,1084"/>
                <Baseline points="1335,1109 1376,1109 1417,1110 1458,1110 1499,1110 1541,1110 1582,1112 1623,1112 1664,1112 1705,1113 1747,1114 1788,1115 1829,1116 1870,1116 1911,1118 1953,1119 1994,1119 2035,1121 2076,1122 2117,1124 2159,1125"/>
                <TextEquiv>
                    <Unicode>ni: quia Deus cum omnino sit in seipso sibi sufficiens; &amp; </Unicode>
                </TextEquiv>
            </TextLine>
            <TextLine id="r3l34" custom="readingOrder {index:18;}">
                <Coords points="1332,1161 2167,1178 2168,1130 1333,1119"/>
                <Baseline points="1338,1148 1379,1149 1420,1149 1461,1149 1502,1149 1544,1149 1585,1151 1626,1151 1667,1152 1708,1152 1750,1154 1791,1154 1832,1155 1873,1155 1914,1157 1956,1158 1997,1159 2038,1160 2079,1161 2120,1162 2162,1163"/>
                <TextEquiv>
                    <Unicode>omnem habeat perfectionem, ipse non agit propter ali¬</Unicode>
                </TextEquiv>
            </TextLine>
            <TextLine id="r3l35" custom="readingOrder {index:19;}">
                <Coords points="1349,1196 2173,1217 2174,1176 2118,1167 1350,1164"/>
                <Baseline points="1355,1188 1395,1188 1436,1188 1476,1188 1517,1188 1558,1188 1598,1189 1639,1190 1680,1190 1720,1191 1761,1191 1802,1193 1842,1193 1883,1194 1924,1196 1964,1197 2005,1198 2046,1199 2086,1200 2127,1202 2168,1203"/>
                <TextEquiv>
                    <Unicode>uem finem consequendum: tamen quia bene agit Deus</Unicode>
                </TextEquiv>
            </TextLine>
            <TextLine id="r3l36" custom="readingOrder {index:20;}">
                <Coords points="1332,1233 2170,1253 2171,1219 2135,1211 1333,1206"/>
                <Baseline points="1338,1229 1379,1229 1420,1227 1462,1227 1503,1227 1544,1228 1586,1229 1627,1229 1668,1229 1710,1230 1751,1232 1792,1232 1834,1233 1875,1235 1916,1235 1958,1236 1999,1238 2040,1239 2082,1240 2123,1241 2165,1242"/>
                <TextEquiv>
                    <Unicode>propter bonitatem suam communicandam, aliquo mo¬</Unicode>
                </TextEquiv>
            </TextLine>
            <TextLine id="r3l37" custom="readingOrder {index:21;}">
                <Coords points="1335,1276 2133,1296 2162,1295 2163,1255 1336,1235"/>
                <Baseline points="1341,1265 1381,1265 1422,1266 1463,1266 1504,1266 1545,1268 1585,1268 1626,1268 1667,1269 1708,1269 1749,1271 1789,1271 1830,1272 1871,1274 1912,1274 1953,1275 1993,1277 2034,1278 2075,1279 2116,1280 2157,1281"/>
                <TextEquiv>
                    <Unicode>do necessitas quarto modo dicta, cum sit conditionata.</Unicode>
                </TextEquiv>
            </TextLine>
            <TextLine id="r3l38" custom="readingOrder {index:22;}">
                <Coords points="1333,1313 2091,1333 2167,1327 2168,1291 1334,1276"/>
                <Baseline points="1338,1307 1379,1305 1420,1305 1461,1305 1502,1305 1544,1305 1585,1307 1626,1307 1667,1307 1708,1308 1750,1308 1791,1310 1832,1311 1873,1312 1914,1313 1956,1314 1997,1315 2038,1317 2079,1317 2120,1319 2162,1320"/>
                <TextEquiv>
                    <Unicode>potest Deo conuenire, puta si Deus vult suam honitatem</Unicode>
                </TextEquiv>
            </TextLine>
            <TextLine id="r3l39" custom="readingOrder {index:23;}">
                <Coords points="1337,1352 2167,1376 2168,1328 1337,1323"/>
                <Baseline points="1343,1344 1386,1344 1429,1346 1472,1346 1515,1346 1558,1346 1601,1347 1644,1347 1687,1349 1730,1349 1774,1350 1817,1350 1860,1350 1903,1352 1946,1353 1989,1353 2032,1355 2075,1356 2118,1358 2162,1359"/>
                <TextEquiv>
                    <Unicode>communicare homini, necesse est, vt hominem produs</Unicode>
                </TextEquiv>
            </TextLine>
            <TextLine id="r3l40" custom="readingOrder {index:24;}">
                <Coords points="1333,1391 2124,1409 2177,1406 2178,1368 1333,1357"/>
                <Baseline points="1338,1385 1379,1385 1421,1385 1462,1383 1504,1383 1546,1385 1587,1385 1629,1385 1671,1386 1712,1388 1754,1388 1796,1389 1837,1391 1879,1391 1921,1392 1962,1394 2004,1395 2046,1395 2087,1397 2129,1397 2171,1398"/>
                <TextEquiv>
                    <Unicode>cat: quia ei quod omnino nihil est, nihil communicari</Unicode>
                </TextEquiv>
            </TextLine>
            <TextLine id="r3l41" custom="readingOrder {index:25;}">
                <Coords points="1334,1431 2063,1455 2165,1445 2166,1404 1335,1391"/>
                <Baseline points="1340,1422 1381,1422 1422,1422 1463,1424 1504,1424 1545,1424 1586,1425 1627,1425 1668,1426 1709,1427 1750,1428 1791,1428 1832,1430 1873,1430 1914,1431 1955,1431 1996,1433 2037,1434 2078,1434 2119,1436 2160,1436"/>
                <TextEquiv>
                    <Unicode>potest. Secunda particula tertij modi penitus a Deo de¬</Unicode>
                </TextEquiv>
            </TextLine>
            <TextLine id="r3l42" custom="readingOrder {index:26;}">
                <Coords points="1322,1473 2168,1485 2168,1447 2113,1440 1323,1437"/>
                <Baseline points="1328,1463 1369,1463 1411,1463 1453,1464 1494,1464 1536,1464 1578,1464 1619,1466 1661,1466 1703,1467 1745,1467 1786,1469 1828,1469 1870,1470 1911,1470 1953,1472 1995,1472 2036,1473 2078,1475 2120,1475 2162,1476"/>
                <TextEquiv>
                    <Unicode>bet excludi: quia cum sit omnipotens, a nullo extrimiseco</Unicode>
                </TextEquiv>
            </TextLine>
            <TextLine id="r3l43" custom="readingOrder {index:27;}">
                <Coords points="1333,1517 1452,1507 1506,1523 1548,1509 1560,1519 1649,1509 1687,1520 1712,1516 1713,1486 1614,1487 1570,1473 1543,1482 1333,1474"/>
                <Baseline points="1338,1502 1364,1502 1390,1502 1417,1502 1443,1502 1469,1502 1496,1502 1522,1503 1548,1503 1575,1505 1601,1505 1627,1505 1654,1506 1680,1506 1707,1505"/>
                <TextEquiv>
                    <Unicode>violentari potest.</Unicode>
                </TextEquiv>
            </TextLine>
            <TextLine id="r3l47" custom="readingOrder {index:28;}">
                <Coords points="1328,1551 2177,1562 2156,1520 1329,1518"/>
                <Baseline points="1334,1541 1375,1541 1417,1541 1459,1541 1501,1542 1543,1542 1585,1542 1626,1544 1668,1544 1710,1545 1752,1545 1794,1547 1836,1548 1878,1548 1919,1550 1961,1550 2003,1551 2045,1553 2087,1553 2129,1554 2171,1556"/>
                <TextEquiv>
                    <Unicode>Quaestio igitur praesens, his praedicts exclusis, supra se¬</Unicode>
                </TextEquiv>
            </TextLine>
            <TextLine id="r3l48" custom="readingOrder {index:29;}">
                <Coords points="1326,1588 2107,1596 2177,1618 2178,1561 1327,1553"/>
                <Baseline points="1332,1580 1374,1580 1416,1581 1458,1581 1500,1581 1542,1581 1584,1583 1626,1583 1668,1584 1710,1584 1752,1585 1794,1586 1836,1587 1878,1587 1920,1589 1962,1590 2004,1590 2046,1592 2088,1593 2130,1594 2172,1595"/>
                <TextEquiv>
                    <Unicode>cundo modo necessitatis, &amp; supra prima particula tertij</Unicode>
                </TextEquiv>
            </TextLine>
            <TextLine id="r3l49" custom="readingOrder {index:30;}">
                <Coords points="1333,1626 2174,1641 2174,1612 2137,1598 1334,1589"/>
                <Baseline points="1338,1620 1379,1620 1421,1620 1462,1620 1504,1620 1545,1620 1587,1621 1628,1622 1670,1622 1711,1623 1753,1624 1794,1625 1836,1626 1877,1628 1919,1628 1960,1629 2002,1630 2043,1631 2085,1632 2126,1632 2168,1632"/>
                <TextEquiv>
                    <Unicode>modi vertetur. Ideo dico, quod loquendo de secudo mo¬</Unicode>
                </TextEquiv>
            </TextLine>
            <TextLine id="r3l50" custom="readingOrder {index:31;}">
                <Coords points="1327,1667 2185,1682 2186,1640 1327,1628"/>
                <Baseline points="1332,1659 1374,1659 1416,1659 1459,1659 1501,1659 1544,1661 1586,1661 1628,1661 1671,1662 1713,1662 1756,1664 1798,1664 1840,1664 1883,1665 1925,1667 1968,1668 2010,1669 2052,1670 2095,1671 2137,1673 2180,1674"/>
                <TextEquiv>
                    <Unicode>do necessitatis, tunc genetatio filij est necessario in diui</Unicode>
                </TextEquiv>
            </TextLine>
            <TextLine id="r3l51" custom="readingOrder {index:32;}">
                <Coords points="1328,1719 2178,1729 2178,1692 2069,1674 1328,1678"/>
                <Baseline points="1334,1698 1375,1700 1417,1700 1459,1700 1501,1700 1543,1700 1585,1700 1627,1701 1669,1701 1711,1702 1753,1703 1794,1703 1836,1704 1878,1705 1920,1706 1962,1707 2004,1709 2046,1710 2088,1712 2130,1712 2172,1715"/>
                <TextEquiv>
                    <Unicode>nis: quia natura diuina, quae est forma purissima, siue pu¬</Unicode>
                </TextEquiv>
            </TextLine>
            <TextLine id="r3l52" custom="readingOrder {index:33;}">
                <Coords points="1328,1746 2123,1770 2179,1757 2180,1730 1329,1719"/>
                <Baseline points="1334,1740 1376,1739 1418,1739 1460,1739 1502,1739 1544,1739 1586,1739 1628,1740 1670,1740 1712,1741 1754,1742 1796,1743 1838,1743 1880,1745 1922,1745 1964,1746 2006,1748 2048,1749 2090,1749 2132,1751 2174,1752"/>
                <TextEquiv>
                    <Unicode>rus actus, hoc necessario exigit, quod in tribus subsistat per¬</Unicode>
                </TextEquiv>
            </TextLine>
            <TextLine id="r3l53" custom="readingOrder {index:34;}">
                <Coords points="1319,1784 2170,1808 2171,1756 1320,1746"/>
                <Baseline points="1325,1778 1367,1778 1409,1778 1451,1778 1493,1778 1535,1779 1577,1779 1619,1779 1661,1780 1703,1781 1745,1781 1787,1782 1829,1782 1871,1784 1913,1785 1955,1785 1997,1787 2039,1788 2081,1790 2123,1791 2165,1793"/>
                <TextEquiv>
                    <Unicode>sonis: sed trinitas in diuinis esse non potest, nisi pater go</Unicode>
                </TextEquiv>
            </TextLine>
            <TextLine id="r3l54" custom="readingOrder {index:35;}">
                <Coords points="1329,1825 2171,1847 2171,1810 2119,1794 1329,1787"/>
                <Baseline points="1334,1817 1375,1817 1417,1817 1458,1817 1500,1818 1541,1818 1583,1818 1624,1820 1666,1820 1707,1820 1749,1821 1791,1821 1832,1823 1874,1824 1915,1824 1957,1825 1998,1826 2040,1827 2081,1828 2123,1829 2165,1830"/>
                <TextEquiv>
                    <Unicode>neret filium, &amp; vter que producat spiritum sanctum; ergo</Unicode>
                </TextEquiv>
            </TextLine>
            <TextLine id="r3l55" custom="readingOrder {index:36;}">
                <Coords points="1320,1864 2186,1888 2187,1845 1320,1825"/>
                <Baseline points="1325,1856 1367,1856 1410,1856 1453,1857 1496,1857 1539,1857 1581,1857 1624,1859 1667,1859 1710,1859 1753,1860 1795,1860 1838,1861 1881,1862 1924,1863 1967,1863 2009,1865 2052,1866 2095,1868 2138,1869 2181,1871"/>
                <TextEquiv>
                    <Unicode>de necessitate naturalis, siue formalis exigentiae filius in</Unicode>
                </TextEquiv>
            </TextLine>
            <TextLine id="r3l56" custom="readingOrder {index:37;}">
                <Coords points="1321,1901 2186,1919 2186,1888 2075,1872 1321,1866"/>
                <Baseline points="1326,1895 1368,1895 1411,1896 1454,1896 1497,1896 1539,1896 1582,1896 1625,1898 1668,1898 1710,1898 1753,1899 1796,1899 1839,1899 1881,1901 1924,1902 1967,1902 2010,1904 2052,1905 2095,1907 2138,1908 2181,1910"/>
                <TextEquiv>
                    <Unicode>diuinis a patre generatur. Coquendo etiam de prima par</Unicode>
                </TextEquiv>
            </TextLine>
            <TextLine id="r3l57" custom="readingOrder {index:38;}">
                <Coords points="1316,1940 2184,1955 2172,1916 1317,1901"/>
                <Baseline points="1322,1934 1364,1934 1407,1934 1450,1935 1493,1935 1536,1935 1578,1936 1621,1937 1664,1937 1707,1937 1750,1938 1792,1938 1835,1940 1878,1940 1921,1941 1964,1941 2006,1943 2049,1944 2092,1946 2135,1947 2178,1949"/>
                <TextEquiv>
                    <Unicode>ticula ipsius tertij modi, pater necessario generat filium;</Unicode>
                </TextEquiv>
            </TextLine>
            <TextLine id="r3l58" custom="readingOrder {index:39;}">
                <Coords points="1329,1990 2180,2008 2171,1953 1330,1941"/>
                <Baseline points="1335,1973 1377,1973 1419,1974 1461,1974 1503,1974 1545,1975 1587,1976 1629,1976 1671,1976 1713,1977 1755,1977 1797,1978 1839,1979 1881,1980 1923,1980 1965,1982 2007,1982 2049,1983 2091,1985 2133,1987 2175,1988"/>
                <TextEquiv>
                    <Unicode>quia immutabiliter determinatur ad generationem, filij</Unicode>
                </TextEquiv>
            </TextLine>
            <TextLine id="r3l59" custom="readingOrder {index:40;}">
                <Coords points="1327,2018 2093,2038 2183,2034 2184,2006 1327,1990"/>
                <Baseline points="1332,2012 1374,2012 1416,2013 1458,2013 1501,2014 1543,2015 1585,2015 1628,2015 1670,2016 1712,2016 1755,2016 1797,2018 1839,2018 1881,2019 1924,2019 1966,2021 2008,2022 2051,2022 2093,2024 2135,2026 2178,2027"/>
                <TextEquiv>
                    <Unicode>per suam naturalem proprietatem. Vnde hos duos mo¬</Unicode>
                </TextEquiv>
            </TextLine>
            <TextLine id="r3l60" custom="readingOrder {index:41;}">
                <Coords points="1327,2061 2177,2073 2156,2032 1328,2019"/>
                <Baseline points="1332,2051 1376,2051 1420,2052 1464,2052 1508,2052 1552,2052 1596,2054 1641,2054 1685,2054 1729,2055 1773,2055 1817,2057 1861,2057 1906,2058 1950,2060 1994,2061 2038,2063 2082,2064 2126,2066 2171,2067"/>
                <TextEquiv>
                    <Unicode>dos necessitatis videtur in diuinis approbare Nich. 8. de</Unicode>
                </TextEquiv>
            </TextLine>
            <TextLine id="r3l61" custom="readingOrder {index:42;}">
                <Coords points="1324,2107 2177,2114 2157,2072 1324,2066"/>
                <Baseline points="1329,2090 1371,2091 1413,2091 1455,2091 1497,2093 1539,2093 1581,2093 1623,2094 1665,2094 1707,2094 1750,2096 1792,2096 1834,2096 1876,2097 1918,2098 1960,2099 2002,2100 2044,2102 2086,2103 2128,2105 2171,2106"/>
                <TextEquiv>
                    <Unicode>trin sic di. Nihil itaque ibi est, scilicet in diuinis iuxta do</Unicode>
                </TextEquiv>
            </TextLine>
            <TextLine id="r3l62" custom="readingOrder {index:43;}">
                <Coords points="1320,2143 2177,2152 2159,2114 1986,2104 1321,2103"/>
                <Baseline points="1326,2129 1368,2130 1410,2130 1452,2132 1495,2132 1537,2132 1579,2133 1621,2133 1664,2133 1706,2135 1748,2135 1790,2136 1833,2136 1875,2137 1917,2138 1959,2139 2002,2141 2044,2141 2086,2142 2128,2144 2171,2145"/>
                <TextEquiv>
                    <Unicode>num largientis gratiae: sed totum iuxta proprietatem ex</Unicode>
                </TextEquiv>
            </TextLine>
            <TextLine id="r3l63" custom="readingOrder {index:44;}">
                <Coords points="1338,2178 2176,2194 2189,2162 1339,2136"/>
                <Baseline points="1344,2169 1388,2169 1432,2171 1476,2171 1520,2171 1564,2171 1608,2172 1653,2172 1697,2172 1741,2174 1785,2174 1829,2175 1873,2175 1918,2177 1962,2177 2006,2178 2050,2180 2094,2181 2138,2183 2183,2184"/>
                <TextEquiv>
                    <Unicode>entis naturae, &amp; hoc quantum ad primum modum ne¬</Unicode>
                </TextEquiv>
            </TextLine>
            <TextLine id="r3l64" custom="readingOrder {index:45;}">
                <Coords points="1320,2221 2189,2230 2183,2191 1321,2186"/>
                <Baseline points="1326,2210 1368,2210 1411,2210 1454,2210 1497,2210 1540,2210 1583,2211 1625,2211 1668,2211 1711,2213 1754,2213 1797,2214 1840,2214 1883,2216 1925,2217 1968,2217 2011,2219 2054,2219 2097,2221 2140,2222 2183,2223"/>
                <TextEquiv>
                    <Unicode>cessitatis, quem posui esse in diuinis. Et subdit immedia¬</Unicode>
                </TextEquiv>
            </TextLine>
            <TextLine id="r3l65" custom="readingOrder {index:46;}">
                <Coords points="1326,2254 2188,2274 2189,2229 1327,2224"/>
                <Baseline points="1332,2249 1374,2249 1417,2249 1459,2249 1502,2249 1544,2250 1587,2250 1629,2250 1672,2252 1714,2252 1757,2253 1800,2253 1842,2254 1885,2255 1927,2256 1970,2256 2012,2258 2055,2259 2097,2261 2140,2261 2183,2262"/>
                <TextEquiv>
                    <Unicode>te Rich. di. Sicut enim innascibili naturale est ab alio non</Unicode>
                </TextEquiv>
            </TextLine>
            <TextLine id="r3l66" custom="readingOrder {index:47;}">
                <Coords points="1334,2297 2188,2313 2189,2273 1334,2264"/>
                <Baseline points="1340,2286 1382,2288 1424,2288 1466,2289 1508,2289 1550,2289 1592,2291 1635,2291 1677,2291 1719,2291 1761,2292 1803,2292 1845,2293 1887,2294 1930,2295 1972,2295 2014,2297 2056,2298 2098,2300 2140,2302 2183,2304"/>
                <TextEquiv>
                    <Unicode>procedere, sic sane ei naturale est de se procedentem ha</Unicode>
                </TextEquiv>
            </TextLine>
            <TextLine id="r3l67" custom="readingOrder {index:48;}">
                <Coords points="1320,2336 2133,2356 2179,2350 2180,2312 1321,2302"/>
                <Baseline points="1326,2327 1368,2328 1410,2328 1453,2328 1495,2328 1538,2328 1580,2330 1622,2330 1665,2330 1707,2331 1750,2331 1792,2333 1834,2333 1877,2334 1919,2334 1962,2336 2004,2337 2046,2337 2089,2339 2131,2340 2174,2340"/>
                <TextEquiv>
                    <Unicode>bere. Cum igitur secundum philosophums: metaph. po¬</Unicode>
                </TextEquiv>
            </TextLine>
            <TextLine id="r3l68" custom="readingOrder {index:49;}">
                <Coords points="1314,2374 2181,2389 2181,2350 2102,2343 1315,2336"/>
                <Baseline points="1320,2363 1362,2364 1405,2365 1448,2366 1491,2366 1533,2367 1576,2367 1619,2369 1662,2369 1704,2369 1747,2370 1790,2371 1833,2372 1875,2373 1918,2373 1961,2375 2004,2375 2046,2376 2089,2378 2132,2379 2175,2381"/>
                <TextEquiv>
                    <Unicode>tissimus modus necessitatis sit in eo, quod impossibile</Unicode>
                </TextEquiv>
            </TextLine>
            <TextLine id="r3l69" custom="readingOrder {index:50;}">
                <Coords points="1314,2411 2171,2432 2195,2388 1314,2374"/>
                <Baseline points="1319,2405 1362,2405 1406,2405 1449,2406 1493,2406 1536,2406 1580,2408 1623,2408 1667,2408 1710,2409 1754,2409 1797,2410 1841,2411 1884,2412 1928,2412 1971,2414 2015,2415 2058,2416 2102,2418 2145,2420 2189,2421"/>
                <TextEquiv>
                    <Unicode>est aliter se habere, igitur, cum ille modus in vtroque la</Unicode>
                </TextEquiv>
            </TextLine>
            <TextLine id="r3l70" custom="readingOrder {index:51;}">
                <Coords points="1319,2451 2189,2468 2180,2426 1320,2413"/>
                <Baseline points="1325,2444 1367,2444 1410,2445 1453,2445 1496,2445 1539,2446 1582,2447 1625,2447 1668,2448 1711,2448 1754,2448 1796,2450 1839,2450 1882,2451 1925,2453 1968,2453 2011,2455 2054,2456 2097,2458 2140,2459 2183,2462"/>
                <TextEquiv>
                    <Unicode>dicto modo in diuinis implicetur, videturmihi, saluo</Unicode>
                </TextEquiv>
            </TextLine>
            <TextLine id="r3l71" custom="readingOrder {index:52;}">
                <Coords points="1313,2490 2194,2509 2195,2466 1314,2449"/>
                <Baseline points="1319,2481 1362,2483 1406,2484 1449,2484 1493,2486 1536,2486 1580,2486 1623,2487 1667,2487 1710,2487 1754,2488 1797,2489 1841,2489 1884,2490 1928,2492 1971,2492 2015,2493 2058,2495 2102,2498 2145,2500 2189,2502"/>
                <TextEquiv>
                    <Unicode>semper meliori iudicio, quod possit sane concedi haec propo</Unicode>
                </TextEquiv>
            </TextLine>
            <TextLine id="r3l72" custom="readingOrder {index:53;}">
                <Coords points="1315,2526 1392,2542 1469,2531 1485,2546 1600,2530 1880,2537 1880,2509 1856,2498 1532,2505 1403,2490 1377,2503 1315,2489"/>
                <Baseline points="1320,2522 1347,2523 1375,2523 1403,2525 1431,2525 1458,2525 1486,2525 1514,2526 1542,2526 1569,2526 1597,2526 1625,2526 1653,2526 1680,2526 1708,2526 1736,2527 1764,2528 1791,2528 1819,2529 1847,2529 1875,2531"/>
                <TextEquiv>
                    <Unicode>sitio, pater generat filium necessitate.</Unicode>
                </TextEquiv>
            </TextLine>
            <TextLine id="line_1602115003862_784" custom="readingOrder {index:54;}">
                <Coords points="1459,2648 2028,2661 2076,2630 2160,2625 2160,2587 2137,2581 1459,2571"/>
                <Baseline points="1464,2621 1490,2621 1516,2621 1543,2621 1569,2622 1596,2621 1625,2622 1655,2622 1685,2625 1709,2630 1735,2628 1761,2628 1787,2628 1813,2628 1839,2628 1866,2628 1892,2628 1918,2628 1944,2628 1970,2627 1996,2627 2023,2625 2049,2625 2075,2623 2101,2621 2127,2619 2154,2616"/>
                <TextEquiv>
                    <Unicode>ARTICVLVS III.</Unicode>
                </TextEquiv>
            </TextLine>
            <TextLine id="r3l82" custom="readingOrder {index:55;}">
                <Coords points="1317,2728 2094,2740 2106,2671 1474,2645 1374,2663 1318,2643"/>
                <Baseline points="1323,2717 1361,2714 1400,2712 1439,2710 1478,2709 1517,2708 1556,2708 1594,2708 1633,2708 1672,2709 1711,2709 1750,2711 1789,2712 1828,2714 1866,2714 1905,2717 1944,2717 1983,2718 2022,2720 2061,2720 2100,2720"/>
                <TextEquiv>
                    <Unicode>ostenditur quando pater volintate dicitur</Unicode>
                </TextEquiv>
            </TextLine>
            <TextLine id="r3l85" custom="readingOrder {index:56;}">
                <Coords points="1609,2779 1640,2774 1652,2781 1687,2767 1731,2776 1741,2769 1783,2786 1812,2772 1863,2777 1864,2733 1818,2738 1778,2719 1754,2736 1634,2725 1610,2730"/>
                <Baseline points="1614,2762 1641,2760 1668,2760 1695,2760 1722,2760 1749,2762 1776,2762 1803,2763 1830,2765 1857,2765"/>
                <TextEquiv>
                    <Unicode>generare filium.</Unicode>
                </TextEquiv>
            </TextLine>
            <TextLine id="r3l90" custom="readingOrder {index:57;}">
                <Coords points="1389,2847 2187,2864 2187,2826 2162,2820 2083,2836 1964,2810 1390,2800"/>
                <Baseline points="1395,2837 1434,2837 1473,2838 1512,2838 1552,2838 1591,2840 1630,2840 1670,2841 1709,2843 1748,2843 1788,2844 1827,2845 1866,2846 1905,2847 1945,2847 1984,2849 2023,2849 2063,2849 2102,2850 2141,2850 2181,2850"/>
                <TextEquiv>
                    <Unicode>VANTVM ad tertium principale, scilicet, quo¬</Unicode>
                </TextEquiv>
            </TextLine>
            <TextLine id="r3l91" custom="readingOrder {index:58;}">
                <Coords points="1325,2883 2189,2907 2178,2862 1326,2853"/>
                <Baseline points="1331,2877 1373,2877 1416,2877 1458,2877 1501,2877 1544,2879 1586,2879 1629,2880 1672,2880 1714,2882 1757,2882 1800,2883 1842,2885 1885,2886 1928,2886 1970,2888 2013,2889 2056,2890 2098,2891 2141,2892 2184,2892"/>
                <TextEquiv>
                    <Unicode>modo pater dicitur filium voluntate generare,</Unicode>
                </TextEquiv>
            </TextLine>
            <TextLine id="r3l92" custom="readingOrder {index:59;}">
                <Coords points="1309,2925 2186,2946 2202,2897 1309,2883"/>
                <Baseline points="1314,2918 1358,2917 1402,2916 1446,2916 1490,2916 1534,2916 1578,2918 1622,2918 1666,2919 1710,2919 1755,2921 1799,2922 1843,2923 1887,2924 1931,2925 1975,2927 2019,2927 2063,2928 2107,2928 2151,2928 2196,2928"/>
                <TextEquiv>
                    <Unicode>dico ex secunda distinctione, quod si voluntas sumitur</Unicode>
                </TextEquiv>
            </TextLine>
            <TextLine id="r3l93" custom="readingOrder {index:60;}">
                <Coords points="1323,2962 2202,2981 2202,2944 2101,2934 1324,2927"/>
                <Baseline points="1329,2955 1372,2955 1415,2955 1459,2955 1502,2957 1545,2957 1589,2958 1632,2958 1675,2960 1719,2960 1762,2961 1805,2961 1849,2963 1892,2964 1935,2964 1979,2966 2022,2966 2065,2967 2109,2968 2152,2969 2196,2969"/>
                <TextEquiv>
                    <Unicode>pro potentia productiua eius, quod per modum volunta</Unicode>
                </TextEquiv>
            </TextLine>
            <TextLine id="r3l94" custom="readingOrder {index:61;}">
                <Coords points="1314,3010 2156,3023 2142,2976 1315,2972"/>
                <Baseline points="1320,2994 1361,2994 1403,2995 1444,2996 1486,2996 1527,2996 1569,2997 1610,2997 1652,2999 1693,2999 1735,3000 1777,3000 1818,3002 1860,3002 1901,3003 1943,3003 1984,3005 2026,3005 2067,3006 2109,3008 2151,3009"/>
                <TextEquiv>
                    <Unicode>tis procedit, tunc pater non generat filium voluntate.</Unicode>
                </TextEquiv>
            </TextLine>
            <TextLine id="r3l95" custom="readingOrder {index:62;}">
                <Coords points="1336,3040 2095,3064 2207,3056 2208,3015 1336,3014"/>
                <Baseline points="1341,3035 1384,3035 1427,3035 1470,3035 1513,3035 1556,3036 1599,3037 1642,3038 1685,3038 1728,3039 1771,3041 1814,3041 1857,3042 1900,3043 1943,3044 1986,3045 2029,3045 2072,3045 2115,3047 2158,3047 2202,3047"/>
                <TextEquiv>
                    <Unicode>1 Quia illa persona diuina, quae non est amor, vel non</Unicode>
                </TextEquiv>
            </TextLine>
            <TextLine id="r3l96" custom="readingOrder {index:63;}">
                <Coords points="1321,3083 2204,3092 2204,3060 2152,3049 1321,3050"/>
                <Baseline points="1326,3074 1369,3074 1413,3074 1456,3074 1500,3075 1544,3075 1587,3075 1631,3077 1674,3077 1718,3078 1762,3080 1805,3080 1849,3081 1892,3082 1936,3083 1980,3084 2023,3084 2067,3086 2110,3086 2154,3086 2198,3087"/>
                <TextEquiv>
                    <Unicode>procedit per modum amoris, non producitur hoc modo</Unicode>
                </TextEquiv>
            </TextLine>
            <TextLine id="r3l97" custom="readingOrder {index:64;}">
                <Coords points="1307,3131 2200,3143 2201,3091 1308,3090"/>
                <Baseline points="1313,3114 1357,3114 1401,3114 1445,3114 1489,3114 1533,3116 1577,3116 1621,3117 1665,3119 1709,3119 1754,3120 1798,3122 1842,3122 1886,3123 1930,3125 1974,3125 2018,3125 2062,3126 2106,3126 2150,3126 2195,3126"/>
                <TextEquiv>
                    <Unicode>voluntate, filius non procedit per modum amoris; sed </Unicode>
                </TextEquiv>
            </TextLine>
            <TextEquiv>
                <Unicode>tas conditionis, siue conditionata, puta si talem finem vis
consequi, necesse est te talibus mediis vti.
Voluntas etiam, vt ad praesens spectat, dupliciter po¬
test sumi; vno modo pro potentia volitiua, siue principio
volitiuo, alio, modo pro actu perfecto ipsius voluntatis
siue principij volitiui, modo, quo dicitur in ethicis, quod 
voluntas est ipsius sinis, electio eorum, quae sunt ad fine
ARTICVLVSII
ostenditur quomodo pater necessitate.
dicitur generare filium.
TIS PR AEM1SSIS, quo ad secundum principale;
2 L scilicet quomodo pater dicitur filium necessitati
generare, dico, quod primus modus necessitatis in Deo
ullo modo potest poni: quiae cum ipse sit purus actus; in
ipso nec erit materia, nec aliquid materiale, &amp; per conso
uens nihil proueniens ex necessitate materiae in ipso lo
cum habet. Nec quartus modus proprie in Deo potest po
ni: quia Deus cum omnino sit in seipso sibi sufficiens; &amp; 
omnem habeat perfectionem, ipse non agit propter ali¬
uem finem consequendum: tamen quia bene agit Deus
propter bonitatem suam communicandam, aliquo mo¬
do necessitas quarto modo dicta, cum sit conditionata.
potest Deo conuenire, puta si Deus vult suam honitatem
communicare homini, necesse est, vt hominem produs
cat: quia ei quod omnino nihil est, nihil communicari
potest. Secunda particula tertij modi penitus a Deo de¬
bet excludi: quia cum sit omnipotens, a nullo extrimiseco
violentari potest.
Quaestio igitur praesens, his praedicts exclusis, supra se¬
cundo modo necessitatis, &amp; supra prima particula tertij
modi vertetur. Ideo dico, quod loquendo de secudo mo¬
do necessitatis, tunc genetatio filij est necessario in diui
nis: quia natura diuina, quae est forma purissima, siue pu¬
rus actus, hoc necessario exigit, quod in tribus subsistat per¬
sonis: sed trinitas in diuinis esse non potest, nisi pater go
neret filium, &amp; vter que producat spiritum sanctum; ergo
de necessitate naturalis, siue formalis exigentiae filius in
diuinis a patre generatur. Coquendo etiam de prima par
ticula ipsius tertij modi, pater necessario generat filium;
quia immutabiliter determinatur ad generationem, filij
per suam naturalem proprietatem. Vnde hos duos mo¬
dos necessitatis videtur in diuinis approbare Nich. 8. de
trin sic di. Nihil itaque ibi est, scilicet in diuinis iuxta do
num largientis gratiae: sed totum iuxta proprietatem ex
entis naturae, &amp; hoc quantum ad primum modum ne¬
cessitatis, quem posui esse in diuinis. Et subdit immedia¬
te Rich. di. Sicut enim innascibili naturale est ab alio non
procedere, sic sane ei naturale est de se procedentem ha
bere. Cum igitur secundum philosophums: metaph. po¬
tissimus modus necessitatis sit in eo, quod impossibile
est aliter se habere, igitur, cum ille modus in vtroque la
dicto modo in diuinis implicetur, videturmihi, saluo
semper meliori iudicio, quod possit sane concedi haec propo
sitio, pater generat filium necessitate.
ARTICVLVS III.
ostenditur quando pater volintate dicitur
generare filium.
VANTVM ad tertium principale, scilicet, quo¬
modo pater dicitur filium voluntate generare,
dico ex secunda distinctione, quod si voluntas sumitur
pro potentia productiua eius, quod per modum volunta
tis procedit, tunc pater non generat filium voluntate.
1 Quia illa persona diuina, quae non est amor, vel non
procedit per modum amoris, non producitur hoc modo
voluntate, filius non procedit per modum amoris; sed </Unicode>
            </TextEquiv>
        </TextRegion>
    </Page>
</PcGts>
