2431 3553
246 244 1086 311 Sicut enim Sortes nonpotest generare, nisi hominem,
229 302 1076 346 dato, quod humanitas sit sibi principium generandi, sic &c
223 340 1075 383 Si autem talis generatio esset aequiuoca, tunc pater esse
218 381 1092 426 nobilior, & dignior filio: quia in omni generatione aequi¬
224 423 1085 472 uoca, in qua gignens est totale principium geniti, semper
234 459 664 517 gignens est nobilius genito.
249 509 1080 554 3 Praeterea, si paternitas esset in patre principium ge
223 537 1079 583 nerandi, tunc formalis terminus generationis genito a ge¬
223 578 1083 629 nerante communicatus excederet perfectione, & dignita
219 622 1088 670 re ipsum principium generandi consequens est falsum, er
232 656 1079 712 go & antecedens, falsitas consequentis apparet: quia qui
226 697 1085 750 quid genito per generationem communicatur, hoc totum
215 738 1086 786 Tel formaliter, vel virtualiter continetur in principio pro
228 778 1082 821 ductiuo, siuc in potentia generatiua, qua generans gene¬
234 821 1092 863 rat. Sed quod formaliter vel virtualiter in aliquo conti¬
219 863 1091 905 netur, non est perfectius eo, consequentia apparet imme
232 892 1080 940 diate: quia essentia diuina per generationem filio commu¬
228 936 1085 977 nicatur, quae secundum suam formalem rationem est per
222 969 1078 1020 fectionis infinitae, quod de paternitate dicere non possu¬
216 1011 1085 1059 mus, cum secundum suam formalem rationem, uel sit per
215 1058 1082 1106 fectionis finitae, vt aliqui dicunt, vel ad minus non est por
216 1090 728 1140 sectionis infinitae, vt alij dicunt
229 1130 1091 1180 4 Praeterea id, quod non potest dare virtutem essendi
214 1178 1082 1219 simpliciter, non potest etiam dare virtutem agendi sim¬
213 1216 1088 1262 pliciter, quia agere praesupponit esse: sed relatio non po¬
231 1257 1075 1294 test dare virtutem essendi simpliciter: cum non habeat e
216 1286 883 1345 se, sed ad esse, nec sit aliquid, sed ad aliquid.
305 1326 1081 1375 Praeterea, si potentia generandi esset ipsa paternitas
226 1365 1077 1416 tunc filius Dei non esset omnipotens consequens est hae¬
215 1406 1073 1456 reticum: quia i svmbolo catholicae fidei dicitur, Omnipo
225 1453 1087 1491 tens pater, ommpotens filius, omnipotens spiritussanctus:
225 1481 1082 1540 probo consequentiam, quia ille non est oipotens, cui deficit
215 1530 1079 1577 aliqua potentia; sed paternitas non potest communicar
231 1569 1074 1609 filio, ergo filius non potest habere omnem potentiam.
239 1607 1077 1654 e Praeterea, si paternitas esset in patre potentia gene¬
223 1644 1093 1692 randi, paternitas esset perfectior filiatione consequens est
225 1683 1088 1730 falsum: quia tunc filius esset imperfectior patre: Nam quam
222 1725 1080 1767 docunque duo supposita sic se habent, quod principium con¬
226 1761 1084 1806 stitutiuum vnius est nobilius, & perfectius principio con¬
221 1803 1082 1850 stitutiuo alterius, illud est nobilius, & perfectius, quod
233 1836 1085 1882 nobiliori modo constituitur, sed pater constituitur in es¬
222 1876 1080 1929 se suppositali paternitate, & filius filiatione, ergo si pater.
231 1912 1083 1962 nitas esset perfectior filiatione, filius esset imperfectior pa
228 1965 803 2013 tre, consequentiam probo dupliciter,
265 1995 1087 2041 Primo: quia quandocunque illud, quo generans gene¬
224 2033 1090 2083 rat, non est forma eiusdem speciei cum forma geniti, tunc
221 2081 1082 2122 necessario est perfectior ea: quia continet cam virtualiter,
222 2112 1085 2163 sed paternitas, & filiatio non sunt formae eiusdem speciei;
227 2156 1078 2208 plus enim differt paternitas, & filiatio, quam paternitas
225 2194 1080 2241 & paternitas, sed duae paternitates differunt numero, er-
230 2231 866 2291 go paternitas, & filiatio differunt specie.
269 2268 1079 2323 Secundo: quia quandocunque duae formae sic se habet, quid
231 2309 1079 2359 vna dat suo supposito, quod agat, & altera non, dans est nobi¬
225 2349 1081 2402 lior non dante, sed secundum te, qui dicis paternitatem
234 2389 1085 2434 esse principium generandi; paternitas dat suo supposito
230 2427 1094 2478 agere ad intra secundum nobilissimam operationem, sed
225 2471 853 2521 filiatio hoc filio dare non potest, ergo &c.
271 2506 1086 2556 Secundo dico, quod potentia generandi in diuinis, quan¬
234 2548 1088 2598 tum ad suum principale significatum, dicit rem simplici¬
240 2584 1087 2639 ter absolutam scilicet diuinam essentiam: Quia in omni
231 2629 1085 2682 generatione vniuoca illud est principium generandi, in
246 2664 1076 2721 quo genitum assimilatur generanti; sed hoc in patre est di
238 2715 1093 2756 uina essentia, ergo &c. Maior patet: quia cum i generatione
233 2743 1094 2795 vniuoca generans, & genitum sint eiusdem naturae, oportet, quod
239 2781 1093 2832 terminus productionis assimiletur principio productiuo.
285 2822 1016 2870 Forte dices, quod illa generatio non sit vniuoca.
258 2867 1092 2914 2 Item dices, sicut aliqui dixerunt, quod in essentia non
243 2903 827 2956 est in diuinis assimilatio, sed identitas
266 2944 1090 2993 Ad primum respondeo, quod sic dicedo tu tollis omnem
246 2986 1096 3033 aequalitatem inter gignens, & genitum, seu inter patre, &
243 3019 1091 3068 filiu, quia generatio aequiuoca non requirit aequalitatem in
246 3064 1094 3108 ter gignens, & genitum, nec in perfectione, nec in quacunque
231 3097 1096 3154 alia conditione ad dignitatem, & nobilitatem spectante¬
1173 255 1983 317 Ad secundum dico, quod vt dicitur in predicamentis, secu
1129 313 1968 362 da substantia non est hoc aliquid, sed quale quid: ideo
1132 354 1982 390 quae conueniunt in substantia secunda dicuntur simi¬
1134 393 1969 435 lia: quia proprium est qualitatis secundum eam simile vel dis¬
1131 423 1977 485 simile dici Sed essentia diuina sic se habet, quod ipsa uere est
1138 469 1977 511 hoc, & hoc aliquid, & in hoc conuenit cum primis substam¬
1138 508 1977 553 tiis, & tamen habet quandam similitudinem cum secun¬
1131 544 1977 587 dis substantiis, eo quod sit reperibilis in pluribus; ideo ra¬
1124 583 1982 639 tione primae conditionis, qua conuenit cum primis sub¬
1132 621 1971 674 stantus, supposita diuina dicuntur secundum eam idem
1131 665 1986 716 ratione vero secundae conditionis, qua conuenit cum secu¬
1125 706 1985 751 dis substantijs, possunt dici similia: & quia, vt reperitur in
1128 749 1973 795 generante, & genito, qui necessario differunt, ipsa habet
1131 785 1979 842 modum secundae substantiae, ergo gignens, & genitum se¬
1129 822 1626 862 cundum eam possunt dici similia.
1150 858 1982 909 2 Praeterea, in omni productione substantiali principium
1122 903 1976 950 productiuum est substantia, sed filij Dei generatio, cum non sit
1122 942 1902 986 accidentalis oportet, quod sit productio substantialis.
1144 979 1977 1030 3 Praeterea, in omi productione, ubi natura producentis
1122 1015 1973 1067 communicatur producto, ibi natura in producente est ra¬
1122 1059 1977 1111 tio productionis; sed in filii Dei generatione natura pdu
1123 1097 1967 1139 centis communicatur producto, alias filius non esset Deus
1131 1133 1977 1180 sed esset creatura producta in aliena substantia; maior pa
1132 1176 1974 1220 tet per inductionem in singulis talibus productionibus,
1150 1216 1979 1260 4 Praeterea, illud, quod est patri perfecta ratio intelli¬
1137 1249 1983 1306 gendi, illud est perfectum principium verbum producen¬
1134 1280 1968 1339 di,; sed essentia est sibi perfecta ratio omnia intelligendi,
1122 1333 1977 1375 ergo &c. Maior patet: quia verbum producitur, cum obie
1134 1371 1982 1418 ctum perfecte intelligitur, minor etiam est nota: quia per¬
1135 1408 1974 1463 nihil aliud, quam per suam essentiam pater perfecte intelligit
1147 1448 1977 1498 3 Praeterea, si in diuinis esset distinctio naturae secun¬
1135 1483 1985 1536 dum numerum, & vnitas secundum speciem, ratio produm
1123 1528 1971 1583 cedi attribueretur naturae, & non relationi, sicut nunc ap
1135 1570 1974 1617 paret in creaturis; sed indistinctio, siue vnitas naturae non
1132 1610 1983 1650 tollit aliquam perfectionem a natura, ergo & nunc ratio
1134 1642 1598 1695 producendi sibi debet attribui.
1143 1690 1983 1735 3 Praeterea, non est minoris dignitatis, & perfectionis
1138 1723 1974 1772 continentia productiua diuinae personae, quam continentia
1132 1763 1971 1807 creatiua cuiuscunque creaturae, sed secunda continentia con
1134 1802 1971 1847 uenit diuino supposito ratione essentiae, & non ratione re
1129 1840 1910 1886 lationis, ergo & prima sibi conuenit ratione essentiae
1137 1884 1967 1942 3 Praeterea, August. dicit 15. de trin filium Dei esse na
1134 1916 1355 1965 tura genitum
1140 1960 1974 2011 3 Item, Damas: 1. lib loquens de generatione diuina
1132 1996 1975 2046 nit, quod generatio est sine initio, & aeterna, naturae opus
1121 2039 1271 2085 existens
1209 2077 1962 2129 Item Richar. 8. de trin ait. Naturale est innascibil
1128 2110 1976 2160 de se producentem habere. Et ait, Processio prolis a pa¬
1129 2159 1965 2202 rente in Deo est secundum principalem procedendi ori¬
1125 2199 1972 2256 ginem, & secundum naturae operationem. Cum igitur ge
1132 2240 1966 2278 neratio non possit conuenire naturae, tanquam generan¬
1134 2277 1972 2322 ti, vt fuit superius declaratum dis: s oportet, quod per huius¬
1129 2314 1970 2358 modi auctoritates intelligatur sibi conuenire, tanquam
1133 2358 1583 2405 principio productiuo, ergo &c
1161 2392 1968 2441 Tertio dico, quod quamuis potentia generandi in diui
1129 2433 1967 2479 nis quantum ad suum principale sigaificatum, dicat diui¬
1122 2476 1968 2524 nam essentiam, quantum tamen ad suum cosignificatum
1128 2511 1977 2560 connotat respectum, seu paternitatem, sine quo respectu
1128 2549 1827 2593 nullatenus progreditur in actum generationis.,
1133 2588 1977 2631 Ad cuius ouidentiam est aduertendum, quod sicut in crea¬
1128 2625 1980 2677 turis aliqua sunt entia, quae philosophus 7. meto appellat
1138 2672 1971 2719 ccidentia copulata, quae illius conditionis esse videntur,
1140 2705 1976 2757 p, quis secundum eorum principale significent re vnius pre
1128 2744 1968 2790 dicamenti; connotant tamen rem alterius praedicamenti
1141 2784 1974 2825 cuius exigentiam, & connotatione sortiuntur quosdam mo
1138 2823 1974 2878 dos, a quibus si absoluuntur, etiam a sua entitate specifica
1133 2865 1968 2907 transmutantur, verbi gratia, Pulchritudo, cum sit quidam ha¬
1131 2901 1974 2944 bitus, est de prima specie qualitatis, & per consequens se¬
1142 2947 1973 2994 cundum suum principale significatum est entitas abso¬
1140 2981 1980 3020 luta; concernit tamen quendam modum ex connora¬
1136 3019 1984 3077 tione respectus congruentiae, a quo si absoluitur, mutabi
1134 3058 1974 3103 tur in oppositam qualitatem, dato etiam per possibile;
1134 3103 1979 3163 vel impossibile, quod absolutum connotans illum respe¬
