2399 3567
408 254 1253 332 tionem. Et licet praedictorum rationes non sint contri
411 311 1264 375 me, gratia tamen istius doctoris venerandi volo ipsis res¬
414 367 556 420 pondere.
461 367 1266 448 Arguunt enim quidam contra dictu vocabulum primo sic
453 444 1254 487 Si deus est subiectum sacrae scripturae vt glorificator
413 479 1265 524 aut Iy vt reduplicat diuinam virtutem plorificatiuam, aut
414 513 1262 562 effectum causatum in glorificato, aut actionem dei glori
414 549 1254 609 ficantis. Si primo modo, tunc non differt a ratione infinita
417 601 1263 643 cum talis virtus sit idem, quod diuina essentia. Si secudo
417 636 1266 683 modo, tunc formalc oblectum theologiae erit aliquid crea
410 669 1260 722 tum. Si tertio modo, aut actio illa se tenet ex parte dei,
411 710 1256 769 & tunc coincidit cum primo, aut se tenet ex parte glori¬
409 749 959 804 ficati, & tunc coincidit cum secundo.
432 787 1259 837 2 Praeterea ratio, quae inquiritur in scientia, non potest
412 835 1263 875 esse ratio obiectalis imea: sed ratio glorificatoris inquiri¬
415 874 1253 919 tur in theologia: ergo maior patet: quia sicut subiectum
414 907 1259 956 no inquiritur sed praesupponitur: sic & ratio formalis sub
411 953 1259 996 iecti. minor probatur: quia quando duae rationes sic se ha
405 981 1254 1040 bent, quod vna est prior alia, si prior inquiritur, & poste¬
413 1032 1254 1076 rior: sed ratio glorificatoris est posterior ratione bonita¬
411 1077 1256 1117 tis & sapientiae, horum aut rationes inquirutur, ergo &c.
452 1107 1246 1161 3 Praeterea glorificator aut dicit diuinam, naturam tat
408 1150 1252 1196 tum in Christo, aut humanam tantum, aut diuinam & hu¬
409 1182 1253 1231 manam simul. Si humanam tantum, tunc in scriptura sa¬
407 1223 1256 1270 era non tractaretur ter se de patre & spiritu sancto: quia
411 1264 1259 1320 humanam naturam non assumpserunt: non diuinam & hu¬
408 1302 1161 1359 manam simul eadem ratione, ergo solum diuinam
448 1351 1250 1393 4 Praeterea illa est ratio formalis subiecti, in quam om¬
405 1378 1240 1427 nia considerata in scientiam vltimate resoluuntur: sed mu
417 1426 1242 1478 tae sunt rationes deo competentes, quae sunt priores ra
405 1458 1260 1513 tione glorificatoris: sicut ratio deitatis, trinitatis, sapien¬
411 1498 651 1562 tiae & bonitatis.
474 1509 1249 1595 Praeterea ratio glorificatoris est infinita, ergo inci¬
411 1582 1245 1628 dis in id, quod vitare proponis, probatur antecedens: qui
398 1618 869 1674 alias non posset beatos satiare
441 1659 1237 1706 e Praeterea idem sub eadem ratione non debet ess
402 1687 1246 1742 subiectum in tota scientia, & in qualibet parte eius: sec
409 1734 1256 1790 Deus sub speciali ratione est subiectum in partialibus li¬
401 1776 1073 1833 bris sacri canonis, ergo non in tota scriptura,
446 1783 1243 1860 T Praeterea arguit alius sic: per rationem glorificato.
399 1855 1238 1900 ris, aut intelligitur id, quo Deus formaliter glorificat, qui
407 1895 1250 1937 hoc est formaliter ipsa deitas, & sic erit subiectum sub ra
404 1932 1246 1977 tione deitatis, aut intelligitur tespectu glorificantis, ad
408 1974 1249 2025 glorificatum, quo Deus appellatur glorificator: sicut dici
398 2022 1251 2059 tur creator creatione existente in creatura, & sic vna de¬
404 2050 1253 2097 nominatio extrinseca esset formalis ratio subiecti istius
401 2091 536 2144 scientiae.
441 2125 1240 2173 S Praeterea sub illa ratione Deus non est subiectum
406 2161 1247 2216 istius scientiae, sub qua non insunt sibi veritates determi
402 2213 1237 2261 natae in ea; ratio glorificatoris est huiusmodi: ergo maior
408 2248 1246 2298 est nota. probatur minor: non enim Deus est trinus inquam
402 2286 1248 2332 tum glorificator, sed e conuerso: ab aeterno enim fuit tri
407 2336 1237 2381 nus antequam glorificaret. Et confirmatur: quia per ra¬
401 2365 1244 2414 tionem subiecti insunt passiones ipsi subiecto, & none con
412 2403 1197 2456 uerso, sed Deus non est trinus inquantum glorificat.
435 2445 1241 2494 Sed isti non concludunt. nam cum theologia sit nobis a
395 2474 1244 2537 Deo tradita tamquam quoddam instrumentum nostri, dire¬
408 2525 1236 2572 ctiuum in aeternam felicitatem: ratio eius obiectalis opti¬
401 2565 1242 2612 me exprimitur in ordine ad huiusmodi fine, & quia hoc
399 2609 1222 2657 nomen glorificator est huiusmodi, ergo &c.
446 2641 1229 2694 Ad primum dicendum, quod reduplicat diuinam virtutem
405 2687 1244 2738 quae est idem, quod diuina essentia, commensurate tamen
395 2716 1238 2765 sumptum penes proportionem ad nostrum intellectum
441 2761 1241 2805 Ad secundum dicendum, quod sicut in alijs scientis ra¬
394 2803 1244 2852 tio subiecti supponitur quantum ad notitiam completam,
399 2841 1232 2889 sic ratio glorificatoris supponitur fide in theologia. qui
400 2873 1235 2925 oportet accedentem ad Deum credere, quoniam inqui¬
399 2919 1238 2974 rentibus se remunerator sit, ad Hebr. 12. inquiritur ta¬
399 2953 903 3010 men quo ad perfectam notitiam.
427 2995 1238 3044 Ad tertium dicendum, quod dicit diuinam naturam.
400 3039 1212 3085 tamen cum illa restrictione superius memorata.
423 3068 1244 3131 Ad quartum dicendum, quod aliqua ratio potest esse
1313 259 2158 327 prior alijs, ita quod aliae resoluuntur in ipsam, vel simpli¬
1312 313 2157 363 citer, vel quo ad nos. Si primo modo sumendo resolutio
1314 350 2162 405 nem, tunc maior est falsa. Secundo modo minor non est
1307 393 2162 442 vera: licet enim ratio glorificatoris non sit simpliciter pri
1310 435 2152 482 or, tamen potest dici prior in ordine ad theologum, qu
1312 477 2157 533 omnia, quae considerat in theologia, in ordine ad suam
1314 509 1694 567 beatitudinem considerat
1348 526 2157 601 Ad quintum dicendum, quod ratio glorificatoris est bene
1305 592 2160 651 infinita materialiter, & ratione substrati, quod est ipsa di¬
1306 633 2006 685 uina essentia, non tamen est infinita formaliter
1341 645 2153 722 Ad sextum dicendum, quod licet Deo sub speciali ratio¬
1309 709 2159 751 ne subiiciatur in tota scriptura sacra, & in quolibet libro
1305 749 2156 801 speciali eiusdem scripturae sacrae, illud tamen non fit se¬
1311 780 2162 839 cundum eundem gradum specialitatis: quia illa ratio est
1311 825 2165 878 specialior & constrictior, prout respicit determinatum li
1309 865 2156 923 brum: & est minus constricta & specialis prout respicit to
1315 907 1667 961 tam scripturam sacram.
1344 921 2149 1006 Ad septimum dicendum sicut dictum est hic proxime
1299 980 1658 1038 ad primum, & tertium.
1348 1001 2149 1081 Ad octauum dicendum sicut superius dictum fuit ad
1307 1064 2161 1118 tertium inductum contra conclusionem principalem, &
1314 1108 1838 1157 per idem patet ad confirmationem
1346 1139 2150 1196 Ad primum principale dicendum ad minorem, quod lices
1308 1195 2144 1238 ratio finita repugnet Deo intrinsece, & in ratione essen
1304 1221 2159 1275 di, non tamen repugnat ei extrinsece, & secundum ratio¬
1310 1275 2158 1315 nem considerandi. sicut enim res existens intrinsece fini¬
1305 1302 2159 1355 ta & limitata se habet extriusece ad terminationem infi¬
1293 1339 2151 1392 nitam: sic res intrinsece existens infinita se habere vide¬
1297 1386 2159 1431 tur ad extrinsecam terminationem finita: nunc autem vi¬
1305 1416 2157 1471 demus, quod punctus centris sphaeralis circumferentiae in
1296 1462 2163 1514 trinsece est limitatae entitatis & finitae, extrinsece tamen
1308 1499 2156 1554 & terminatiue se habet infinite, quia infinitas lineas cir¬
1312 1545 2001 1594 tumferentiae potest terminare sic, ergo &c.
1336 1550 2153 1631 Ad secundum dicendum, quod ad veritatem illius pro
1315 1625 2156 1672 ositonis 2. metaph sufficit quod id, quod intelligitur
1308 1656 2150 1709 vere, sit in re, & vere habeat esse, non tamen oportet quod
1305 1694 2145 1744 modus essendi vniformiter semper correspondeat modo
1303 1740 2150 1786 intelligendi: quia tunc quidditates rerum, quae seperatim
1293 1780 2146 1823 intelliguntur, separatim etiam haberent esse. quod erat
1300 1812 2149 1863 error Platonis, videlicet in multis locis logicae & philoso
1303 1852 2149 1904 phiae. Sicut igitur videmus quod mathematicus id, quod se¬
1296 1896 2151 1942 cundum esse vere est quale, concipit non qualificatiue, sic
1306 1930 2143 1988 theologus id, quod vere est infinitum concipit finite, q&o
1290 1970 1538 2024 non infinite.
1329 2010 2150 2065 Forte dicetur mihi quod non est simile: quia qualitas non
1300 2050 2150 2106 est de intrinseca ratione quantitatis, igitur mathemati¬
1300 2092 2138 2133 cus, cuius proprium obiectum est quantum, potest quan¬
1290 2128 2148 2192 tum considerare sine quali, sed secundum te infinitas est de
1301 2164 1688 2225 intrinseca ratione deitatis
1335 2204 2144 2264 Respondeo quod in hoc est simile: quia non oporte:
1298 2250 2140 2293 modum essendi semper vniformiter respondere modo in
1286 2288 2167 2330 telligendi, dato etiam quod qualitas esset de intrinseca ratio.
1302 2329 2140 2381 ne quantitatis, adhuc licet non intrinsece, tamen extrinse
1290 2368 2148 2420 ce posset quantitati competere ratio non qualis, ergo &c
1329 2412 2144 2462 Sed forte iterum dices secundum hunc modum, quen tu ponis
1296 2448 2134 2495 ratio obiecti nostri intellectus esset extrinseca, & non in¬
1297 2483 2141 2536 trinseca ipsirei intellectae. Respodeo que ratio obiecti est
1298 2525 2135 2576 sibi aliquo modo intrinseca, & aliquo mon, extrinseca. In
1299 2569 2151 2616 rinseca quidem dici dent, quia vere sumitur a re obiecta, cu
1288 2604 2130 2652 ius est ratio, sed extrinseca dici pot, quia conuenit rei non
1290 2645 2132 2692 quomodocunque sed secundum quandam commensurationem ac
1292 2682 2149 2723 extrinsecum, puta ad intellectum. Vnde eriam ipse beatus
1285 2717 2132 2771 intelligens deitatem intelligit infinitatem, quae est de in
1289 2760 2144 2803 trinseca ratione deitatis, intelligit tamen illam infinita¬
1285 2800 2138 2852 tem finite, ratione praedictae conmensurationis necessario
1286 2844 2144 2888 requisitae inter obiectum & potentiam, sicut enim anima no¬
1290 2875 2140 2929 stra motum caeli intelligit indiuisum, &tamen concipit
1284 2909 2132 2959 eum diuise vera intellectione, alias non posset complere
1294 2954 2145 3007 rationem temporis, sic &c. Et licet huiusmodi exempla
1290 3000 2133 3059 non sint per omnia ad propositum, tamen possunt nos ma
1288 3038 1991 3092 nuducere in cognitionem propositae veritatis.
