2416 3539
220 220 1076 301 aliquid vero pducitur, puta proprietas filij, oportet prin
231 288 1081 340 cipium generationis taliter assignari, quod aliquid ex parti
234 326 1088 380 principn correspondeat ei, quod genito per generatio¬
233 367 1085 417 nem communicatur, & aliquid ei, quod in ipso genito
231 407 766 458 producitur, quod probant fic.
237 447 1088 499 1 In generante, & genito principium, & terminus sibi
230 486 1083 531 inuicem correspondet, sed in genito aliud est, quo produm
236 525 1081 568 ctio terminatur, scilicet ipsa filiatio, & aliud, quo commu¬
235 567 1079 613 nicatio terminatur, puta natura diuina, ergo proportio¬
231 604 1082 649 nabiliter in produrente paternitas erit principium pro¬
234 645 995 685 ductionis, & essentia principium communicationis
248 675 1080 731 2 Preterea, emanationes diuinae in talia principia de
231 718 1089 759 bent reduci, quibus positis, immediate apparet status di¬
238 762 1082 808 uinarum emationum, sed modo predicto apparent statim
225 797 1085 842 duae emanationes, & non plures; vna scilicet, cuius princi
241 839 1085 890 pium erit paternitas, & alia, cuius principium erit spira¬
241 877 1091 919 tio actiua; sed si sola essentiam esset principium, qua ratio¬
237 913 1080 962 ne vna existens non esset principium vnius emanationis
240 959 1088 1007 tantum, sed duarum, eadem ratione posset esse principium
224 993 1072 1046 plurium emanationum, vel infinitarum. Et addunt isti, qu
224 1034 1076 1086 quia generatio formalius respicit productionem, quan
234 1075 1078 1119 communicationem, igitur relatio, quae habet rationen
225 1112 1083 1166 principij productiui, magis habet rationem potentiae ge¬
231 1153 1078 1194 nerandi, quam ipsa essentia, quae habet rationem princi¬
233 1185 535 1248 pij communicatiui.
269 1228 1084 1273 Sed licet illi duo modi, qui primis duabus conclusio¬
239 1264 1086 1324 nibus contradicunt, deficiant, ut apparuit superius ratio¬
233 1309 1078 1358 nibus introductis. Ille tamen tertius modus magis vi¬
230 1347 1075 1399 detur esse defectuosus: quia qcquid defectuositatis appa
238 1382 1082 1429 reti aliis, hoc implicat ille cum additione proprij defectus
315 1427 1094 1467 Deficit enim primo: quia esse principium producen
238 1461 1092 1509 di in diuinis dicit perfectionem, sed secundum istos rela¬
231 1508 1092 1559 tio nullam dicit perfectionem, ergo relatio non poterit
237 1551 824 1593 esse principium producendi in diuinis.
243 1580 1083 1637 2 Praeterea, propter quod vnumquodque tale, & ip¬
219 1622 1088 1674 sum magis; sed tu in illa eadem distinctione dicis, quod
231 1663 1079 1714 respectus habet a diuina essentia, quod possit esse princi
231 1702 1079 1752 pium productionis, ergo non debebas rationem princi¬
225 1740 1090 1793 pij productiui excludere ab essentia, sed sibi principaliter
236 1776 515 1836 debebas tribuere.
315 1807 1094 1864 Praeterea, in productione non vniuoca principium
238 1858 1088 1911 pro ductionis nobilius, & perfectius est termino formali
224 1904 1088 1950 ipsius productionis, maxime si talis terminus est pductus;
226 1935 1079 1987 cum ergo secundum te sormalis terminus productio.¬
225 1975 1087 2026 nis paternae sit filiatio; & est terminus pductus, & eta secu¬
238 2010 1085 2060 dum te talis productio non est vniuoca, ergo paternitas, quae
234 2052 1089 2098 secundum te est principium talis productionis, erit per¬
233 2092 988 2135 fectior filiatione, quod contradicit alijs dictis tuis.
230 2131 1082 2179 42 Praeterea, in nullo genere oppositonis vnum oppo¬
225 2170 1073 2224 sitorum est per se, & immediate principisu alterius; sed filia
225 2210 842 2262 tio, & paternitas sunt opposita, ergo &c
273 2249 1075 2299 Ad primum igitur dictum contra primam conclusioni
230 2286 1079 2340 dicendum ad maiorem, quod si per rationem intelligis poten
238 2326 1088 2378 tiam generandi, tunc non oportet, quod talis actus insit
239 2373 1085 2420 supposito generanti secundum illam rationem, per quam
231 2403 1078 2459 differt a producto sed sufficit, quod illa ratio connotes
231 2455 1087 2502 aliquid in producente, per quod producens distinguitur a
230 2483 703 2545 producto. Alias sic inuenitur.
266 2515 1073 2577 Ad primum dicendum, quod maior non est vniuersalite
237 2562 1079 2616 vera: quia si illa supposita se habent vt producens, & pro¬
236 2607 1081 2657 ductum, tunc non est necesse, quod talis actus insit supposito
224 2653 1078 2691 generanti secundum illam rationem, per quam differt a
224 2687 1082 2736 producto; sed sufficit, quod illa ratio conotet aliquid in pro¬
237 2730 1039 2780 ducente, per quod producens distinguitur a producto
273 2770 1089 2804 Ad secundum dicendum, quod vel per actum primum in¬
232 2797 1078 2844 telligis esse hypostaticum, & incommunicabile, vel esse
226 2843 1086 2889 subsistens, & naturale; si primo modo, tunc maior est fal¬
235 2877 1089 2923 sa: quia filiatio non minus talem actum dat filio, quam pa
231 2914 1082 2969 ternitas patri, & tamen non dat filio actum secundum, de
235 2959 1073 3008 quo loqueris, cum tamen filiatio non sit minus perfecta
225 2996 1079 3040 quam paternitas. isto modo etiam in creaturis maior esi
234 3032 1079 3083 falsa: quia si principium indiuiduale esset principium pro
225 3081 1082 3135 ductiuum, tunc indiuiduum produceret seipsum, Sortes
1134 238 1979 304 enim per Sorteitate non produceret nisi bortem, & sic de
1135 297 1967 347 alijs indiuiduis. Si secundo modo, tunc minor est falsa,
1126 334 1978 384 quia paternitas non dat patri esse subsistens, & naturale:
1131 376 1746 426 quia tale esse habet per suam deitatem.
1131 413 1962 469 Ad tertium dicendum, quod non oportet actum pro¬
1131 457 1974 503 prium habere proprium principium, sed sufficit, quod habeat
1129 494 1971 544 commune appropriatum per hoc, quod concernit in supposi
1129 529 1968 583 to producente aliquod proprium, sine quo nullo modo
1131 566 1468 618 in actum progreditur.
1165 607 1965 653 Ad quartum dicendum ad maiorem, quod non est simile
1134 651 1968 693 quia deitas est forma absoluta, & per consequens sibi non
1123 689 1977 737 repugnat esse immediatum principium actionis, hoc au¬
1134 720 1527 774 tem repugnat paternitati.
1149 763 1974 810 Ad quintum dicendum, quod forma, qua producens
1130 798 1964 857 producit, non dicitur referri ad productum, ita quod ip¬
1128 843 1957 890 sa sit de genere relationis: sed pro tanto hoc dicit quia ip¬
1125 880 1961 923 sa est relationis fundamentum, qua producens refertui
1128 920 1954 968 ad productum. Cum igitur essentia diuina sit fundamen
1122 963 1964 1012 tum paternitatis, qua pater refertur ad filiu, ergo melius
1119 999 1972 1048 saluamus dictum philosophi ponendo essentiam esse prin¬
1123 1037 1874 1087 cipium generationis, quam ponendo relationem.
1164 1081 1963 1126 Ad sextum dicendum, quod omnis conformitas pro¬
1129 1114 1964 1165 priae actionis ad suum proprium principium presupponit
1128 1162 1965 1201 possibilitatem, ita quod non implicet repugnantiam na¬
1118 1197 1955 1242 turalem, sed, vt dictum est, relationi repugnat, quod sit uir
1122 1236 1964 1287 tus actiua: & cum dicitur, quod generare diuinum est quid
1124 1273 1973 1318 relatiuum, dico, quod ideo est, absoluto principio, conno¬
1131 1316 1698 1357 tante tamen proprietatem relatiuam.
1152 1347 1964 1394 Ad septimum dicendum, quod actiones diuersarum ra
1137 1388 1964 1442 sionum possunt esse ab vno communi principio diuersi¬
1123 1426 1969 1476 mode tamen accepto secundum diuersos modos sortitos
1120 1462 1966 1513 & connotatos a diuersis proprietatibus differentibus ra¬
1126 1506 1855 1551 tione, videlicet a paternitate, & actiua spiratione.
1156 1549 1967 1602 Ad octauum dicendum, quod maior est vera loquendo
1128 1584 1965 1630 de forma naturali, & communicabili, & non de forma in¬
1131 1621 1961 1672 diuiduali, & incomunicabili, & tunc minor est falsa: quia
1141 1671 1965 1718 ater deitate est tanquam forma naturali, & communica
1129 1712 1956 1750 bili, paternitate vero est tanquam forma incommunica
1125 1740 1557 1786 bili, & ad modum indiuidui.
1158 1781 1961 1828 Ad nonum dicendum, quod quia in diuinis generans,
1125 1819 1958 1865 & generatio, & genitum sunt relatiua, ideo principisi ge¬
1135 1856 1965 1904 nerationis, quamuis non sit relatio, connotat tamen rela
1126 1897 1974 1951 tionem; nec est simile quod assumitur de absoluto: quia
1125 1937 1964 1982 cum absolutum sit, vel possit esse actiuum, sibi non repu¬
1128 1981 1974 2038 gnat esse principium productiuum, hoc autem repugnat
1126 2012 1567 2060 relationi, cum non sit actiua
1149 2055 1962 2101 Ad confirmationem dico, quod in hoc captiuo intelle
1131 2091 1962 2148 ctum meum in obsequium fidei: quia fides catholica po¬
1130 2138 1964 2188 nit trinitatem personarum cum vnitate essentiae, quod
1128 2169 1964 2214 nullo modo saluare possumus, nisi ponendo diuina sup¬
1134 2211 1973 2264 posita constitui proprietatibus relatiuis. Si enim sancti
1134 2256 1964 2298 patres potuissent saluare diuinae essentiae vnitatem cum
1123 2295 1961 2341 tribus suppositis absolutis, nunquam ipsi posuissent ali¬
1125 2330 1959 2381 quam relationem esse supposit constitutiuam. Sed posi¬
1121 2367 1967 2417 to, quod relatio non sit productiua, non minus bene sal¬
1126 2406 1961 2451 uamus omnia, quae saluare debemus, quantum ad diuinas
1129 2450 1974 2487 productiones, siue sint ad intra, siue ad extra: & ideo non
1119 2488 1962 2536 debemus eadem ratione negare relationem in diuinis es
1125 2523 1964 2568 se supposit constitutiuam, qua negamus eam producti.
1129 2568 1965 2612 uam: quia primum est in obsequium fidei, secundum auten
1119 2602 1637 2648 ad nihilum deseruiret, & ideo &c.
1149 2642 1967 2686 Ad decimum dicendumque per hoc vult Aug. quod per
1138 2683 1973 2726 otentiam generandi non sit progressus in actum genera
1125 2726 1966 2761 tionis, nisi, prout concernit in supposito generante patet
1117 2761 1958 2802 nam proprietatem, quod, si sic non intelligeretur illud di
1128 2795 1955 2847 ctum Aug. tunc ipse sibi ipsi saepius contradiceret, & spi
1119 2835 1953 2890 cialiter 1s. de trin vbi dicit filium Dei natura genitum
1156 2877 1955 2920 Forte dices, si sine relatione non potest esse generatio
1118 2903 1741 2960 ergo relatio est principium generationis.
1163 2943 1964 2999 Dico, quod sicut in creaturis damus causam, propter
1139 2993 1962 3042 uam sic, & etiam causam sine qua non, ista tamen verius
1119 3034 1959 3082 negatur esse causa, quam affirmetur, absolute loquendo.
1137 3071 1967 3124 quia non debet dici causa, nisi cum hac conditione apposita
