2307 3550
440 228 1283 293 sine ma non, & cum haec sit conditio distrahens, non be¬
446 283 1296 334 ne infertur simpliciter, albedo enim non disgregat sine
451 334 1292 376 quantitate, & tamen absolute loquen do illa est falsa, quan
441 366 1284 409 titas disgregat. Sic respectu diuinae generationis paterni¬
453 398 1284 446 tas posset dici principium sine quo non: sed simplicitei
446 446 992 494 loquendo, tunc debet negari.
479 479 1286 525 Ad primum contra secundam conclusionem dicendum,
441 519 1290 570 quod agens per se intendit assimilare sibi productum, quod
446 568 1287 606 autem distinctum a se producit, hoc est per accidens, quo
450 593 1287 643 ad intentionem producentis assimilat enim sibi produ¬
440 632 1288 687 ctum inquantum potest, cum proprium sit vnicuique sibi
440 683 1282 724 simile generare, vt patet 2. de auima. Et vnumquodqui
453 721 1290 762 tunc est perfectum, cum poterit sibi simile generare, vt
445 753 1277 802 dicitur 4. meteororum. Ereum dicitur, quod saepius pro
459 793 1284 847 ductum est dissimile producenti, dico, quod hoc non es
440 835 1284 886 ex intentione generantis, sed ex inobedientia materiae.
444 880 987 926 vel ex defectu potentiae productiuae.
483 910 1287 963 Forte dices, quod omnino est necessarium, non vide¬
443 956 1286 998 tur esse intentum per accidens, sed distinctio producentis
438 985 1293 1043 a producto omnino est necessaria, cum impossibile sit ali¬
448 1031 645 1085 ter se habere
465 1065 1283 1111 Dico, quod necessitas non impedit intentionem por
438 1118 1291 1158 aceidens, agens enim naturale per se intendit generare,
438 1149 1280 1197 & totaliter per accidens intendit corrumpere, & tamer
440 1182 1296 1230 impossibile est, quod generet, nisi corrumpat: quia cum ge¬
450 1229 1281 1274 neratio vnius fit corruptio alterius, necessario erunt tos
441 1271 944 1315 corruptiones, quot generationes.
477 1308 1278 1355 Ad secundum dicendum, quod essentia diuina, vt substa
434 1347 1287 1395 paternitati, sic principiat actum generationis, & vt sic, non
437 1381 989 1438 est maioris ambitus, quam talis actus
468 1429 1286 1475 Ad tertium dicendum, quod licet eadem essentia sit prin¬
447 1464 1282 1509 tipium generandi, & spirandi; tamen alio, & alio modo
440 1504 1279 1546 se habere videtur ab alia, & alia proprietate, quam comotat
457 1538 1277 1582 Ad primum contra tertiam conclusionem dicendum
446 1583 1277 1634 que minor est falsa: quia relatio nec potest esse terminus
446 1617 1273 1675 pre ductionis, nec principium. Si enim terminus diuina
458 1668 1277 1710 productionis esset relatio, suppositum producum ex um
449 1706 1271 1751 productionis terminatae ad huiusmodi terminum, non
440 1735 1283 1783 esset Deus; essentia igitur diuina, quae in patre existens
443 1780 1280 1828 est principium illius diuinae generationis, ipsa eadem in
442 1816 905 1868 filio est terminus generationis.
480 1860 1281 1906 Forte dices, hoc esse non potest: quia terminus, & prin
450 1892 869 1950 tipium debent esse distincta.
477 1940 1287 1984 Dico quod verum est in his, in quibus producens, &
446 1971 1276 2027 productum naturaliter distinguuntur: in talibus namqu
444 2018 1293 2062 terminus productionis est productus in genito, & non so
440 2050 1277 2100 lum genito communicatus, & ideo realiter differt a prir
440 2087 1280 2133 cipio productiuo, sed in diuinis producens, & productum
435 2128 1280 2176 non differunt naturaliter, & terminus productionis non
443 2174 1280 2219 est productus, sed communicatus. Idem igitur in diuinis
440 2215 1277 2257 est terminus productionis, & communicationis in genito
447 2247 1286 2293 & idem est principium productionis, & communicatio¬
441 2294 1280 2340 nis in generante. Dato enim, quod ignis generans igni geni¬
434 2327 1281 2375 to suam naturam eandem numero communicaret, tunc
441 2360 1286 2409 terminus generationis non esset productus, nec differret
428 2414 1271 2459 a suo principio productiuo, nec esset in igne generanti
433 2446 1281 2494 aliud principium productionis, & aliud communicationis
437 2480 1278 2536 sic cum fide teneamus patrem eandem suam naturam filio
438 2522 710 2585 communicare &c
467 2563 1278 2609 Ad secundum dicendum, quod nos non minus salua¬
434 2601 1278 2650 mus statum diuinarum emanationum, quam tu, cum dica
437 2638 1281 2683 mus huiusmodi principium generandi, quod est diuina
438 2680 1266 2728 essentia, non progredi in actum, nisi vt connotat praedi
431 2718 1086 2773 ctas proprietates, & hoc de primo principali
585 2796 1140 2869 ARTICVLVS II.
548 2840 1146 2926 Vtrum Potentia generandi, pere, quo
704 2898 1001 2964 realiter sit m filio.
506 2992 1275 3040 VANTVM ad secundum articulum, quo quaeritur,
546 3030 1100 3080 vtrum potentia generandi sit in filio.
453 3066 1275 3120 Et breuiter aduertendum, quod hoc gerundiuum gene
1335 231 2159 302 randi potest dupliciter accipi. Vno modo, vt est gerundi
1332 284 2158 330 uum verbi actiui, & sic potentia generandi est in solo pa
1335 324 2171 375 tre: quia solus pater est, qui actiue generat. Alio modo,
1341 365 2165 408 vt est gerundiuum verbi passiui, & sic est in filio: quia in
1334 401 2172 457 solo filio est generatio pasliua. Tertio modo potest accipi
1341 444 2165 487 vt est gerundiuum verbi impersonalis, & sic congrue po¬
1338 480 2168 523 test dici, quod potentia generandi non solum est in patre
1335 521 2178 568 sed etiam in filio, & spiritu sancto. Nam impersonaliter
1331 561 2166 604 accipiendo potentiam generandi, tunc idem est, quod po
1328 598 2165 643 tentia, per quam fit generatio, & haec est diui na essentiam
1338 637 2045 686 quae vere & repliter est in tribus personis.
1362 676 2158 720 Forte dicetur, quod nullum ad aliquid, siue relatio pro
1326 721 2176 771 test essc commune tribus personis: sed secundum Magi¬
1330 754 2174 804 strum hic in litt era posse gencrare non est posse quid, sed
1335 800 2171 849 est posse ad aliquid, ergo potentia generandi non est com
1334 833 1613 887 munis tribus.
1368 872 2167 921 Respondeo dicendum, quod si Magister per posse genera¬
1332 917 2171 956 re intellexit potentiam generandi, tunc non est locutus
1338 949 2172 995 de potentia generandi quantum ad suum principale signi¬
1332 991 2174 1044 ficatum, sed solum quantum ad suum connotatum, quod
1327 1032 2171 1084 est respectus, vt patet ex dictis in 1. arti. Dato etiam, quod
1344 1079 2171 1123 posse generare sit ad aliquid, ex hoc tamen non sequitur,
1328 1112 2171 1161 que potentia generandi sit ad aliquid: quia in alio potest
1326 1160 2175 1202 esse potentia generandi, quod tamen non potest prorum
1338 1189 2178 1243 pere in actum generationis, vt patebit statim in arti sequ
1425 1266 2075 1348 ARTICVLVS LII.
1331 1346 2178 1432 vtrum Filius (dato quod in eo sit potentia generandi.
1473 1418 2034 1477 possit exire in actum generationis.
1405 1495 2183 1549 VANTVM ad tertium principale, vtrum filius pos¬
1436 1534 2181 1602 sit exire in actum generationis, posito, quod in
1330 1577 1712 1632 eo sit potentia generandi¬
1347 1621 2192 1672 Est dicendum, quod sicut natura in creaturis, quae est po¬
1329 1660 2186 1701 tentia generadi ipsarum creaturarum in actu generatio¬
1332 1698 2192 1751 nis non prorumpit sine accidentibus, & mediantibus qui
1331 1739 2189 1785 bus actualiter determinatur ad actum generationis, ver¬
1326 1775 2196 1827 bi gratia, dato enim, quod aliquis ignis haberet perfecta
1326 1818 2181 1866 igneitatem, si tamen per diuinam potentiam priuaretui
1329 1855 2190 1910 calore, numquam vt sic posset alium ignem generare,
1323 1895 2189 1950 quamuis in se haberet potentiam generandi ignem, puta
1338 1945 2193 1989 gneitatem, sic diuina natura, quae est perfecta potentia
1329 1980 2193 2030 generandi, in actum generationis non prorumpit: nisi
1338 2022 2188 2070 prout stat sub proprietate generationi congruente, puta
1332 2056 2183 2096 sub paternitate. Cum igitur in filio sit diuina natura sub
1327 2096 2184 2141 opposita proprietate, puta sub filiatione, igitur quamuis
1329 2129 2198 2178 filius habeat in se perfectam potentiam generandi, num¬
1332 2171 2193 2221 quam tamen poterit generare, sicut nec ignis habens per
1323 2213 2192 2264 fectam igneitatem subiectam frigiditati, poterit alium
1324 2247 1613 2301 ignem generare.
1443 2320 2051 2409 ARTICVLVS sit.
1431 2412 2059 2501 Vtrum sit eadem potentia, qua pater
1537 2482 1932 2540 gignit, & filius gignitur.
1395 2561 2195 2613 VANTVM ad quartum principale, vtrum sit ea¬
1435 2603 2196 2658 dem potentia, qua pater gignit, & filius gignitur;
1320 2643 2204 2698 dico, quod eadem est potentia, qua pater in diuinis gignita
1323 2681 2201 2735 & filius gignitur, & hoc semper loquendo de potentia
1327 2727 2198 2768 quantum ad suum principale significatum: quia vbi gi¬
1319 2760 2196 2808 gnens, & genitum in nulla re absoluta differunt, ibi ne¬
1320 2806 2196 2856 cesse est candem esse potentiam, qua gignens gignit, &
1316 2846 2214 2897 genitum gignitur: sed pater, & filius re absoluta sunt idem
1326 2885 2205 2938 omnino: ergo &c. Maior patet: quia potentia, vt ex supe¬
1312 2924 2214 2971 rioribus est manifestum, in suo principali significato dicic
1324 2952 1944 3001 absolutum. Minor patet ex catholica fide
1365 2992 2233 3047 Ad argumentum principale dicendum, quod maior est ve
1317 3040 2234 3082 ra de principio quod, non autem de principio quo, poten
1319 3076 2155 3138 tia autem generandi est principium quo, & non quod
