2423 3554
390 305 977 389 DISTINCTIO I
218 463 1091 518 Fatisis, ac breuis diuisio huius distinctionis, in qua de
281 508 1047 568 diuiua agitiar natura, quae realiter nil aliud
333 549 1001 626 est, quam potentia generaudi:itaque Ma¬
384 608 952 670 gister quasdam eius proprietates.
457 660 905 719 muestigat, ac patefacit.
548 776 1067 830 VNC DE VERITATE &c
558 817 1085 869 Postquam magister determinauit
567 861 1090 918 de potentia generandi, quae est ipsa
564 900 1082 944 diuina natura, hic manifestat quas
570 938 1085 994 dam proprietates conuenientes il¬
571 974 1091 1028 li naturae, Et diuiditur in tres: quia
576 1015 1092 1073 primo tractat de diuinae naturae en¬
564 1053 1091 1113 titate, & veritate, secundo de eius
218 1095 1078 1139 incommutabilitate, & tertio de eius simplicitate. Secun
234 1134 1089 1188 da ibi, Dei etiam solius essentia. Tertia ibi, fademque sola¬
228 1175 1091 1219 Prima in tres: quia primo ostendit, quomodo hoc nomen
237 1215 1077 1261 essentia proprie conuenit ipsi Deo, Secundo ostendit
229 1252 1091 1294 quomodo ex dicto Hicronvmi oritur quoddam dubium
234 1289 1085 1338 in proposito, Et tertio respondet huius modi dubio. Se¬
228 1333 1083 1381 cunda ibi, Hic diligenter &c. Tertia ibi, lllud ergo qud &c
234 1369 1088 1417 Tunc sequitur illa pars. Eademque &c. In qua magister tam
230 1407 1084 1460 git de diuinae essentiae simplicitate, & diuiditur in duas
230 1449 1085 1501 partes: quia primo declarat diuinae essentiae simplicitate
239 1487 1094 1534 per comparationem ad extra, secundo per comparationem
225 1534 1094 1580 ad intra. Secunda ibi, Hic diligenter. Prima in duas: quia
233 1561 1088 1618 primo declarat huiusm odi simplicitatem per comparatio
225 1607 1094 1653 nem ad creaturas corporales, Secundo ad incorporales.
232 1645 1086 1693 Secunda ibi, Creatura quoque spiritualis. Quia in ista 8. dis
220 1681 1007 1734 magister tractat de diuina simplicitate; ideo quaero.
513 1760 870 1845 Quaestio
371 1863 954 1932 An in Deo sit aliqua composito,
476 2382 1095 2445 TRVM in Deo sit aliqua composito. Et
486 2428 1090 2482 videtur quod sic: quia in quocunque sunt plu¬
486 2469 1097 2516 res formae actu, in illo est composito, sed
494 2506 1089 2559 in Deo sunt plures formae actu; quia, sicu
487 2545 1085 2588 ait Comm. 12. meta. omnes formae acti
419 2583 1092 2631 ggi sunt in primo motore, quae potentia sunt
237 2625 573 2682 in materia prima.
281 2660 1098 2719 Contra, In quo nulla potest esse passiua potentia, in il¬
234 2702 1100 2753 lo nulla potest essc composito: quia quaecunque faciunt
237 2741 1102 2791 compositionem, vel vnum est in potentia ad alterum, vel
231 2781 1100 2838 ambo sunt in potentia ad tertium; sed in Deo nulla est po¬
282 2831 1069 2874 tentia passiua, vt patet 12. meta. ergo &c. Hic primo
316 2859 1028 2911 videndum est, vtrum in Deo sit composito sub¬
355 2902 985 2952 stantialis. Secundo, vtrum composito acci
401 2940 946 2991 dentalis. Tertio, vtrum composito mo
432 2978 922 3032 dalis. Quarto contra tres con¬
486 3017 875 3061 clusiones ex istis elicitas
518 3057 862 3110 adducam aliqua, & re-
546 3096 806 3162 spondebo ad ea.
1293 314 1806 395 RESOLVTI O.
1127 421 1970 470 Satis dilucide aperitar, nullam penitus in Deo vtalem composit
1161 462 1969 509 nem reperiri, neq ex materia, u forma, cum sit purissimus a
1161 506 1986 545 ctus neque ex gentre, &d differentia, cum sit infinitus, nec vllo
1161 541 1970 588 clailattr genere neque ex subiectu, er accidentercum sit simpi
1161 587 1986 629 simus: vnde colligitur, quod nulla erit in Deo composito moda
1173 620 1974 660 us, ex diuersis scilicet modis absolutis, quibus diuersum aliquid
1159 656 1985 702 in de correspudtat, quando quse id diuinae derogaret simplicitai.
1287 745 1824 797 ARTICVLVS I.
1147 822 1992 903 Vtrum in Deo sit composito substantialis.
1202 933 1975 983 VANTVM ad primum principale, vtrum in Deo
1137 973 1984 1024 sit composito substantialis, est sciendum, quod
1132 1018 1976 1067 composito substantialis dupliciter sumi potest scilicet
1131 1058 1980 1103 secundum rem, & secundum rationem, prima est ex for¬
1138 1099 1974 1144 ma, & materia, seu ex actu substantiali & pura potentia;
1127 1136 1973 1181 secunda ex genere, & substantiali differentia; sed neutra
1131 1174 1976 1218 illarum potest esse in Deo, ergo nulla composito sub¬
1134 1210 1570 1257 stantialis poterit esse in Deo.
1142 1252 1967 1303 Prima igitur conclusio, videlicet, quod non sit realis com
1131 1290 2005 1344 posito substantialis in Deo, satis manifesta est apud om-
1125 1336 2006 1378 nes philosophantes: quia quasi omnes posuerunt Deum.s
1131 1373 1982 1420 esse purissimum actum, cui nihil admiscetur de potentia,
1131 1414 1970 1451 vt patet 12. meta. propter quod ait philosophus 12 meta
1134 1448 2005 1494 Accidit itaque omnia participare malum. i potentialitate,
1136 1489 2005 1533 praeter unum: spraeter Deu. Quamuis. enim quaelibet intelli;
1137 1525 1982 1576 gentia habeat suum hyliachin, vt ait auctor de causis; Deus
1140 1570 1982 1622 men de hoc penitus est immunis. Planum est igitur, quod in
1131 1602 1982 1650 Deo non est materia, cum in ipso nulla sit potentia passiua;
1140 1646 1973 1692 nec per consequens erit in ipso composito ex materia, & for
1124 1683 1976 1738 mat. ergo hanc partem tanquam per se nota supponendo,
1136 1719 1743 1772 probo secundam partem distinctionis sic¬
1157 1761 1971 1809 lilud non est compositum ex genere, differentia, & quod nul¬
1127 1792 1982 1843 lo genere clauditur, & est super omne genus, sed Deus est
1125 1836 1967 1884 huiusmodi, igitur &c. Maior patet a destructione conse¬
1130 1887 1979 1925 quentis: quia si aliquid est compositum ex genere, & diffe
1133 1914 1982 1963 rentia, consequens est, quod ipsum sit in genere. Minorem pos¬
1125 1952 1694 2002 sum probare multipliciter, Primo sic¬
1148 1996 2005 2036 1 Illud quod est causa omnis entitatis, & veritatis re¬
1147 2030 2006 2079 pcribilis in quocunque genere, non poterit claudi in ali¬ l
1141 2072 2005 2127 quo genere: Deus huiusmodi. Maior patet: quia in quo¬l
1141 2113 2005 2165 cunque genere poneretur, non posset esse causa omnis entii
1131 2154 1976 2194 tatis reperibilis in illo genere: alias enim ipsum esset cau
1131 2193 2005 2234 sa sui ipsius. Minorem ponit Comm. 2: metaph dicens, est
1136 2229 1982 2276 enim quoddam ens per se ens & per se uerum: entitate,
1128 2276 1815 2319 & veritate cuius omnia alia sunt entia, & vera
1215 2301 1976 2350 Praeterea, id, quod comprehendit in se essentialiter
1150 2350 1983 2393 erfectiones omniu generum; in nullo genere clauditur;
1138 2392 1983 2441 Deus est huiusinodi. Maior patet, quia in quocunque vno
1131 2429 1975 2479 genere clauderetur, ceterorum generum perfectiones es
1143 2460 2006 2511 sentialiter non haberet. Minor patet 5. metap vbi dicitur.
1139 2505 1993 2557 que est quoddam ens perfectum vniuersali perfectione, in
1152 2542 1994 2590 uo congregantur perfectiones omnium generum, & il¬
1142 2587 1891 2636 lud cus dicit Commen ibidem, esse ipsum Deum.
1163 2623 1975 2675 3 Preterea, ens simpliciter illimitatum non pon: esse in ge¬
1141 2658 1995 2709 nere: quia omne, quod clauditur in aliquo genere, limitatur:
1138 2703 1988 2747 limiribus illius gereris, sed Des est simpliciter illimitate
1143 2741 1990 2788 cum sit totaliter independens, vt patet. 8. physic. & i2: meta¬
1222 2779 2006 2825 Praeterea, si Deus esset in genere, tuc aliquid posset
1150 2820 2005 2872 pfectius Deo congitari. consequens est falsum; consequentiam
1156 2861 1988 2900 probo. Si. nm esset in genere, ipse esset condistinctu, ceteris
1139 2902 1983 2940 speciebus eiusdem generis, & per consequens perfectiones
1152 2933 1997 2976 illarum specierum Deus non comprehenderet: sed intelle¬
1149 2976 1985 3018 ctus conciperet, & cogitaret entitatem illius generis, quae
1137 3017 1992 3060 omnes perfectiones suarum specierum comprehederet, er-
1148 3052 1994 3096 po &c. falsitas consequentis patet per Ansel. qui ait, quod
1149 3088 1985 3140 Deus est, quo maius cogitati non potest. Et planum est
