2364 3553
444 240 1292 305 que non loquitur de magnitudine molis, sed perfectionis,
445 297 612 346 & virtutis.
462 302 1288 382 3 Praeterea, hoc confirmatur: quia Deus est infinitae vir¬
447 379 1289 418 tutis, vt patet 8. physic sed infinito non potest esse maius,
444 412 779 467 vt patet 1. & 2. physic
452 441 1298 499 e Praeterea, quod est formaliter infinitum, non potest
446 490 1289 535 contrahi ad esse finitum, uel ad rationem finitam, sed Deus
438 526 1292 582 est formaliter infinitus, ratio vero cuiuslibet generis for¬
450 572 842 620 naliter est finita, ergo &c.
464 607 1289 652 Praeterea, illud, quod cum nulla alia re habet conue¬
445 645 1294 691 nientiam essentialem, non potest esse in genere: Deus est
443 686 1284 732 huiusmodi. Maior patet: quia vt ait Doethius in Comme¬
435 725 1289 771 to super Porphyrium, Cenus est cognitio collecta ex spe¬
435 762 1284 807 cierum substantiali similitudine: Si. n genus non diceret
438 805 1281 853 aliquam essentialem, seu substantialem conuenientiam eorum
444 854 1290 896 quorum est genus, tunc non posset praedicari de ipsis in eo
441 891 1295 936 quoe quid. Minor similiter patet: quia illa, quae non habent
438 919 1292 967 eundem modum essendi, non habent aliquam essentialem con
437 964 1288 1015 uenientiam, sicut apparet de substantia, & accidente, sed
438 998 1285 1046 modus essendi Dei plus differt a modo essendi cuiuscun¬
451 1040 1298 1092 que creaturae, quam modus substantiae a modo accidentis,
439 1081 1298 1130 cum modus essendi Dei sit infinitus, modus vero essendi
437 1122 1293 1168 creaturae finitus. Et illud intendit Dion. 1. de di. non di¬
438 1159 1290 1210 cens, quod Deus secundum nihil existentium est existens, &
444 1194 1143 1245 tamen causa quidem essendi est omnibus
448 1235 1295 1278 3 Praeterea, quae sunt in eodem genere, conueniunt in vna
445 1270 1299 1331 orma, & natura, secundum Com. 3. metaph sed Deus cum
432 1317 1290 1365 creaturis non conuenit in aliqua vna natura, nec partici¬
444 1359 1285 1403 pat cum creaturis aliquam vnam formam, vel naturam,.
453 1396 1294 1449 Sed contra praedicta potest instari, & primo contra pri
429 1438 937 1486 mam partem illius conclusionis.
444 1458 1280 1519 1 Quia proprius effectus aliquid sui praesupponit in
433 1511 1290 1555 sua cauia, sed materia prima est proprius effectus Dei: in
439 1549 1283 1599 hoc enim ipse solus transcendit omnem creaturam, quod ip
439 1586 1288 1636 se Deus solus potuit causare materiam: Sed in quocuque est
438 1632 1292 1677 aliquid de materia, illud est compositum ex materia, & for
435 1673 1290 1717 ma, cum materia se ipsa esse non possit sine omni forma
477 1708 1036 1750 Contra secur dam conclusionem sic.
477 1741 1286 1788 In quocunque potest vere concipi aliquod commune
439 1788 1292 1833 indistinctum, & aliquod distinctiuum, in illo potest con¬
435 1824 1287 1876 cipi ratio generis; & differentiae, & per consequens ipsum
431 1864 1289 1908 erit compositum ex genere, & diffetentia, sed in Deo pos
437 1903 1286 1944 sumus considerare essentiam diuinam vt communem, &
439 1941 1280 1984 indistinctam contrahibilem a personali proprietate, &
433 1980 1286 2033 ipsam proprietatem vt proprium principium distincti¬
438 2022 827 2072 uum, ergo &c.
474 2062 1290 2117 Contra minorem, qua assumitur, quod Deus non sit in
456 2097 1116 2142 enere, potest argui multipliciter. Primo sic.
459 2111 1287 2184 Vnumquodque mensuratur primo, & minimo sui ge¬
445 2181 1290 2231 eris, vt dicitur 1o. metaph sed vt ait Commen. ibidem,
434 2215 1270 2262 Deus est illud, quo omnes substantiae mensurantur, ergi
438 2251 902 2297 Deus est in genere substantiae.
445 2301 1268 2341 2 Praet erea, cuicunque proprie conuenit ratio alicu
429 2333 1274 2378 ius generis, hoc est in illo genere, sed Deo proprie conus
435 2374 1276 2417 nit ratio substantiae, quae est per se esse, & alteri non inherere¬
451 2415 1281 2460 3 Praeterea, quicquid differt ab aliquo differentia sub
438 2450 1276 2496 stantiali, illud est in genere, Deus differt a creatura diffe¬
432 2493 1272 2540 rentia substantiali. Maior patet: quia omnis differentia sul
435 2526 1275 2573 stantialis est diuisiua alicuius generis; probo minorem: quia
434 2563 1283 2615 omne, quod differt ab altero, aliqua differentia differt, om
428 2606 1276 2656 nis autem differentia, aut est accideuntalis, aut substantia¬
423 2643 1277 2693 lis, Deus autem non potest a creatura differre differentia
425 2686 1267 2728 accidentali, cum in Deo nullum sit accidens, vt ait Doe
428 2725 1280 2772 thius in lib. de tri. ergo differt differentia substantiali a
430 2757 710 2818 quocunque differt
517 2800 1268 2851 praeterea, aut Deus conuenit cum creatura genero
436 2845 1270 2886 ut differt ab ea genere, si primo modo, tunc habetur pro
429 2885 1274 2935 positum, si secundo modo, tunc erit in genere, quamuis
423 2931 1280 2973 in alio genere: quia omnis diuersitas praesupponit multi¬
426 2955 1272 3007 tudinem; igitur diuersitas in genere praesupponit diuersa
439 3001 549 3046 genera
510 3037 1271 3078 Praeterea, composito secundum rationem sufficit ad hoc
421 3078 1274 3140 qu aliquid fit in genere: quia albedo est in genere, & tamen
1342 242 2189 297 in sua essentia nullam habet realem compositionem, sed in
1344 292 2202 337 Deo est composito secudum rationem, cum in eo multa sint
1341 337 2187 382 differentia secundum rationem, sicut patuit de attributis.
1358 370 2191 421 e Praeterea, omne, quod habet conceptum determina¬
1342 409 2192 458 tum, & quidditatiuum sub aliquo communi sibi, & aliis,
1338 448 2192 500 est in genere; sed Deus dicit conceptum quidditatiue di¬
1339 494 2198 539 stinctum ab omnibus alijs contentis sub hoc predicamen
1345 532 1974 583 to communi, quod est substantia, ergo &c
1422 567 2199 617 Preterea, Commentator dicit, quod primus motor, qui
1340 604 2192 652 est minimum mensurans omnia, quae sunt in praedicamen
1334 649 2183 695 to substantiae, est eiusdem naturae cum eis, quorum est mensu¬
1342 685 1525 734 ra, ergo &c.
1356 724 2202 768 3 Praeterea, boeth. in lib de trin dicit, duo praedicamen
1339 762 2180 809 ta manere in diuinis, substantiam scilicet, & relationem
1356 808 2185 854 3 Praeterea, Dam. in de duabus naturis in Christo aiti
1337 845 2192 893 que substantia, quae continet increatam deitatem, & omne
1344 883 1910 933 creaturam, genus est generalissimum.
1355 921 2189 970 10 Praeterea, quorum est vnus conceptus vniuocus, il¬
1350 960 2186 1004 a sunt in eodem genere, sed Dei, & cuiuscunque create sub¬
1338 1001 2186 1045 stantiae est vnus conceptus vniuocus. Maior patet, probo
1351 1037 2193 1089 minorem: quia plus distat albedo, & Deus, quam lapis, &
1341 1082 2189 1124 Deus; eum ergo albedinis, & Dei possit esse vnus conce¬
1357 1120 2197 1165 tus analogus, puta conceptus entis, lapidis, & Dei erit
1339 1165 1856 1206 vnus conceptus vniuocus, ergo &c
1353 1196 2192 1247 1 Praeterea, de quibus est vna scientia, illa sunt unius
1343 1245 2183 1288 rationis, & per consequens, vnius generis; sed Dei & crea
1335 1279 2186 1328 turae est vna scientia, puta metaphysica, quae speculatur ens
1350 1321 2186 1364 nquantum ens, vt patet. 4. metaph ergo Deus est i genero
1380 1360 2188 1400 Sed illa non concludunt, & sunt expresse contra inten
1351 1393 2189 1440 ionem Augus in de cognitione verae vitae, vbi per multa
1350 1439 2180 1477 verba Aug. probat, Deum non esse in aliquo decem prae¬
1339 1475 2192 1516 dicamentorum, & ibi concludit sic dicens Decem igitur
1356 1514 2192 1558 raedicamentis cuncta humana conditio includitur, & ab
1341 1550 2190 1606 his omnibus proprietas summae essentiae euidenti ratio¬
1345 1590 1754 1637 ne excluditur.
1347 1632 2182 1674 Ad illud igitur, quod arguitur contra primam conclusio¬
1338 1671 2192 1717 nem dicendum, quod non oportet, quod materia sit materialis
1335 1707 2199 1748 ter in Deo causante: sed quod eius entitas virtualiter sit in
1335 1747 2190 1792 Deo. Quomodo autem pura potentia virtualiter compre
1332 1785 2183 1839 hendatur in puro actu, & vtrum habeat ideam in puro a¬
1331 1823 1997 1872 ctu, inferius patebit, cum tractauero de ideis.
1368 1868 2193 1925 Ad illud contra secundam conclufionem dicendum, quod
1343 1908 2195 1952 maior non est vera, nisi illud commune indistinctum ali¬
1350 1945 2189 1996 uid potentialitatis includat, & sit determinatae, ac limi¬
1333 1985 2186 2031 tatae perfectionis, & sic minor est falsa. quia essentia diui¬
1332 2025 2009 2069 na est purus actus, & infinitae perfectionis.
1354 2059 2190 2110 Ad primum argumentum contra illam minorem dice
1332 2105 2195 2152 dum, quod philosophus, & Comm. accipiunt ibi genus lar¬
1339 2144 2190 2188 ge pro substantia analogice praedicante de substantia fini
1332 2185 2183 2238 ta, & infinita sicut enim quandoque restringunt nomen
1338 2221 2177 2270 generis infra genus praedicamentale, sicut cum in eodem
1337 2265 2185 2305 1O. dicitur, corruptibile & incorruptibile differunt plus¬
1344 2300 2182 2365 uam genere, sic etiam quandoque extendunt nomen ge¬
1327 2341 1848 2381 neris vltra genus praedicamentale
1356 2374 2174 2438 Doctor vero communis propter illud argumentum in
1336 2420 2169 2465 quaestionibus de potentia Dei dicit, quod Deus est in ge¬
1335 2464 2181 2517 nere substantiae per reductionem, sicut punctus, & vnitas
1339 2493 1739 2546 unt in genere quantitatis.
1360 2533 2172 2594 lstud tamen mihi non videtur, salua sua reuerentia: quia
1334 2570 2182 2622 siue aliquid per se, siue per reductionem sit in aliquo ge¬
1333 2610 2183 2671 nere determinato, impossibile est ipsum comprehende¬
1326 2653 2178 2711 re essentialiter perfectionem cuiuslibet generis: quia
1338 2695 2175 2748 uamuis per accidens sit in genere, clauditur tamen sic
1320 2731 2183 2794 infra limites illius generis, quod perfectiones aliorum ge¬
1325 2771 2177 2820 nerum sibi essentialiter non poterunt conuenire, sed
1327 2812 2156 2870 perfectiones omnium aliorum generum essentialiter ip
1320 2852 2168 2905 si Deo conueniunt, ergo ipse nec directe, nec per redu¬
1320 2888 2174 2943 ctionem debet in aliquo genere collocari. Nec est ne¬
1333 2923 2174 2977 essitas aliqua, quae nos cogat ad concedendum mensu¬
1323 2962 2165 3012 ram semper esse eiusdem generis cum mensurato, lo¬
1323 3011 2168 3060 quendo de genere praedicamentali. Scibile enim mensu¬
1317 3048 2169 3106 rat scientiam, & tamen nec directe, & per se, nec per redum
1318 3080 2163 3147 ctionem est in praedicamento qualitatis, in quo est ipsa
