2420 3555
243 246 1106 310 scientia nisi per atcidens hoc contingat, puta inquantum de
249 301 703 354 aliqua qualitate esset scientia
289 345 1112 389 Ad secundum dicendum, quod de ratione substantiae, vt est v¬
239 381 1109 428 num de ro generibus, est, quod sit finitae & limitatae perfectio
256 424 1106 471 nis, alias genus substantiae non esset aliis condistinctum,
250 457 1107 504 & sic ratio generis praedicamenti substantiae non praedica
246 497 905 543 tur de Deo, qui est infinitus, & illimitatus.
287 537 1109 592 Ad tertium dicendum, quod sicut patet 10 metaph. prin¬
252 571 1096 621 cipia propter sui simplicitatem non dicuntur differre ali
244 617 1109 657 qua differentia, sed sunt seipsis diuersa, ergo Deus cum sit
250 660 1104 709 fimplicissimus, non differt ab eo, quod non est Deus, per
248 695 1097 743 aliquam differentiam additam: sed immediate per suam
251 734 1103 780 essentiam differt ab omnibus aliis. loquendo igitur de dis
252 772 1097 817 ferentia substantiali, quae est diuisiua generis, & addita
262 815 1096 873 generi constituit speciem, tunc minor est falsa cum su¬
245 848 440 907 probatione.
294 886 1096 936 Ad quartum dicendum, quod Deus non proprie dici¬
244 930 1101 975 tur diuersus genere a creatura; sed debet dici diuersus
247 968 1103 1020 plus quam genere; si enim corruptibile, & incorruptibile
246 1006 1097 1051 differunt plusquam genere, multo magis Deus & creatu¬
246 1047 1097 1093 ra, sed quia nomina sunt ad placitum, tu poteris extende¬
244 1092 1105 1137 re hoc, quod dico diuersum genere non solum ad ea, quae
245 1128 1094 1168 sunt in diuersis generibus, sed etiam ad ea, quae sunt ex-
246 1174 1110 1217 tra genus, vel supra omne genus, respectu eorum quae sunt
245 1203 1102 1255 in genere, & sic concedo propositionem: quia non est
249 1243 420 1293 contra me¬
288 1284 1100 1336 Ad quintum dicendum, quod non quaelibet composito
243 1319 1094 1371 secundum rationem sufficit ad hoc, quod aliquid sit in go
240 1364 1097 1412 nere: omne enim, quod est in genere, vel est compositum
242 1406 854 1446 realiter ex his, uel est componibile huic
254 1428 1099 1485 Ad sextum dicendum, quod non sufficit quaelibet deter¬
246 1479 1094 1526 minatio conceptus, sed oportet conceptum sic esse deter
244 1519 1097 1556 minatum, quod ipsa res concepta sit finita, & limitata.
238 1548 1095 1605 Etiam non sufficit quodlibet commune, sed debet esse
246 1597 1095 1640 commune vniuocum, de ipso, quod dicitur esse, i genere
238 1639 1098 1679 & de aliis eiusdem generis vniuoce praedicatum: haec au¬
246 1673 780 1723 rem omnia deficiunt in proposito.
272 1710 1088 1760 Ad septimum dicendum, quod Commen. sumit ibi natu
237 1759 749 1803 ram analogice, & non vniuoce.
287 1792 1103 1839 Ad octauum dicendum, quod dicuntur duo predicamenta
243 1828 1090 1874 mamere in diuinis propter aliquam similitudinem istorun
242 1870 1107 1919 praedicamentotum, quam in diuinis videmus. substantia
243 1910 1100 1954 etiam in diuinis est per se, & relatio est ad aliud, in cete¬
254 1954 1095 2007 ris tamen necessario requisitis ad rationem generis non re¬
245 1991 764 2038 periuntur haec genera in diuinis
294 2022 1082 2074 Ad nonum dicendum, quod dictu Dam, debet sic exponi. Qene
247 2075 1097 2116 ralissimum genus est, idest maxime commune. Vnde Dam.
244 2106 1090 2150 non loquitur ibi de genere praedicamentali; sed accipitur
236 2148 1081 2187 ibi large genus po quocunque communi, quod patet puer
240 2183 1085 2230 ba sua. Ait enm sic. bubstantia, quae continet supersubstanti
246 2225 1097 2269 liter in creatura deitatem, cognoscibiliter autem, & con¬
236 2271 1055 2309 tentiue omnem creaturam, generalissimum genus est.
278 2299 1101 2347 Ad decimum dicendum, quod minor non est vera. Ad
237 2337 1095 2391 probationem dico, quod hoc non arguit conceptum vni¬
243 2381 1082 2428 nocum, sed analogicum de natura n ipsius analogiae, est
236 2419 1084 2465 quod vnum analogorum plus distet, quam alterum a pri
240 2455 1094 2500 mo, sub quo analogantur, quibuscunque enim duobus talibus
236 2499 1088 2547 datis, vel vnum dependet ab alio, vel ambo dependenta
242 2536 1087 2586 tertio donec deueniatur ad primum omnium, a quo depe
242 2575 1080 2627 dent omnia cetera ad ipsum ordinata, ex quo apparet, qu
240 2622 1085 2667 an conceptibus analogis possumus multos, & varios gra¬
239 2651 465 2712 dus assignare.
296 2694 1092 2745 Ad vndecimum dicendum, quod si est scientia communis,
246 2738 1086 2782 tunc non oportet de quibus est una scientia, esse vnam
246 2777 1090 2819 rationem vniuocam: sed analogicam, & talia non sunt
246 2806 1095 2852 vnius generis praedicamentali sed vnius generis scibilis,
234 2852 1094 2899 vnde genus scibile potest esse latius, & strictius, quam
239 2895 1097 2940 fit genus praedicamentale. In tota enim philosophia na
237 2925 1085 2975 turali determinatur de vna portione praedicamenti sub¬
240 2967 1086 3006 stantiae: in 5. metaph determinatur de omnibus io. prae¬
237 3004 1078 3047 dicamentis; aequiuocatur igitur in argumento genus
241 3036 1087 3101 prout sumitur pro genere scibili, & pro genere praedi¬
233 3082 416 3143 camentali.
1307 308 1859 389 ARTICVLVS II
1223 400 1922 488 Vtrum in Deo sit composito accidentalis.
1238 505 1986 560 VANTVM ad Secudum principale vtrum in Deus
1164 539 2000 604 sit composito accidentalis, dico, quod in Deo non
1152 589 1791 635 potest esse aliqua composito accidentalis.
1164 634 1988 677 1 Quia in illo, in quo nullum est accidens, non pote
1152 662 1994 705 rit esse aliqua composito accidentalis: Deus est huius¬
1149 703 1990 756 modi, ergo &c. Maior patet, probo minorem: quia omno
1156 738 1982 784 accidens, aut est proprium, aut commune, sed tam ea, qua
1144 777 1996 822 se habent ut propria, quam ea, quae se habent ut commu¬
1150 818 1998 866 nia, in Deo sunt penitus idem, quod sua diuina natura:
1158 860 1988 901 quia omne tale per participationem reduci debet ad ali¬
1147 897 1982 941 quod tale per essentiam, sed huiusmodi accidentia sius
1146 935 1985 987 sint propria, siue communia substantijs creatis, conueniuni
1155 976 1983 1027 per participationem; ergo in prima substantia erunt esser
1149 1018 1979 1068 tialiter idem cum substantia. Et haec est intentio Docthi
1149 1048 1982 1104 in lib de trin vbi ait. Deus cum sit forma simplex, subie¬
1143 1092 1994 1153 ctum esse non potest. Et idem Doethius ait, quod in Deo
1148 1126 1457 1176 nullus est numerus.
1164 1165 1988 1219 2 Praeterea, si in Deo esset composito accidentalis,
1147 1208 1986 1265 vel illa esset ex esse, & essentia, vel propter cetera accidem¬
1143 1248 1976 1299 tia esse, & essentiam Dei consequentia. Non primo mo
1143 1287 1983 1328 do: quia tunc Deus non esset purum necesse esse, quod
1146 1326 1983 1380 est contra philosophos, & theologos, & tunc oporteret ip
1141 1363 1994 1419 sum habere aliam causam supra se, a qua eius esse, & essen
1152 1402 1985 1460 tia dependeret, & sic non posset dici primus motor, cu¬
1147 1440 1992 1500 ius contrarium demonstratur 8. physicorum. Hinc est
1152 1477 1988 1532 quod ait Hylarius in lib de trin. Esse non est accides Deo,
1150 1523 1985 1575 ed subsistens vnitas; nec secundo modo: quia cum omne
1143 1562 1982 1608 tale adesse, & abesse possit preter subiecti corruptionem,
1144 1597 1988 1642 si in Deo talia essent accidentia, ipse necessario mutare¬
1146 1640 2006 1686 tur, cuius contrarium habetur 12. metaph. & 8. physico¬
1147 1680 2007 1734 rum, vbi dicitur, quod Deus est immobilis per se, & per
1147 1718 1988 1766 accidens, & ab intra, Et lac. 1. Apud quem non est trans¬
1144 1754 1979 1797 mutatio, nec uicissitudinis obsibratio. Propter quod ai
1155 1793 2004 1836 Commenta. 12. metaph. lustitia, sapientia, & cetera huius
1140 1831 1993 1874 modi non significant in Deo intentiones additas supra suam
1141 1872 1977 1927 substantiam. Et P. Aug. 7. de trin ait. Si quid de illa simpl
1147 1915 1758 1965 citate dixeris, eius substantia significatur.
1176 1948 1979 2004 Sed contra has partes illius minoris potest instari. Cor
1138 1986 1373 2038 tra primam sic.
1159 2031 1979 2077 1 Quaecunque sunt vnum realiter penitus, & omnino¬
1146 2069 1970 2118 quicunque cognoscit vnum, cognoscit, & reliquum, sed Deus
1140 2118 1977 2161 esse cognoscimus, & eius essentiam non cognoscimus, er¬
1143 2152 1982 2194 go esse eius realiter differt ab essentia. Maior patet: quia
1153 2192 1980 2241 quod totaliter est simplex & indistinctum, vel totaliter
1137 2234 1985 2277 cognoscitur, vel penitus ignoratur. Minor est Dam. 1. lib¬
1139 2263 1974 2312 vbi sic ait. Quoniam quidem Deus est, manifestum est non
1133 2300 1975 2353 bis; quid vero est secundum substantiam, & naturam, in¬
1141 2347 1886 2390 comprehensibile est omnino, & penitus ignotum
1152 2360 1985 2435 2 Praeterea, vnumquodque diffinitur per id, quod est
1136 2417 1974 2471 idem, quod sua essentia; sed secudum philosophum per ens
1138 2460 1984 2511 & esse nihil diffinitur: quia cum sit onibus commune,
1140 2496 1877 2543 diffinitum per hoc a nullo penitus distingueretur
1146 2537 1997 2590 3 Contra secudam partem potest argui sic. Eadem est
1144 2571 1995 2616 dlistantia snbstantiae ad accidens, quae est accidentis ad sub
1137 2612 1995 2659 stantiam, sed a substantia non pot fieri trausitus in entitatem
1141 2650 1996 2711 accidentis: quia quod vere est, nulli accidit, vt dicitur 1. physi,
1135 2698 1995 2752 corum: ergo etiam econuerso, quod est accidens in vno,
1129 2728 1995 2784 in nullo poterit esse substantia, vt ait. Commen. 8. meta¬
1138 2772 1968 2817 physicoru contra Alexandrum, qui posuit calorem esse for¬
1140 2811 1993 2863 mam substantialem ipsius ignis. Cum ergo omnia talia,
1145 2854 1982 2908 uae sunt posteriora essentia, & esse rei sint in creaturis ac
1142 2887 1897 2929 cidentia, ipsa in Deo non poterunt esse substantia,
1206 2925 1991 2982 Praeterea, secundum Dion de di nomi. Omnia parti
1137 2966 1971 3015 cipant diuinam bonitate, sed nulla creatura videtur par¬
1139 3004 1978 3052 ticipare diuinam substantiam, cum ipsa tantum modo re¬
1139 3043 1979 3104 periatur in tribus diuinis personis; ergo cius bonitas dif¬
1129 3079 1463 3141 tert ab eius substantia
