2314 3528
126 236 973 293 Nec secundo modo: quia tuc manus illa separata viueret
128 287 980 337 Nec tertio modo: quia tunc una anima viuificaret duo
132 332 975 375 torpora. Nec quarto modo: quia nihil mouetur ad illudi
117 370 974 413 in quo persecte est, sed anima perfecte manet in corpore
123 407 970 456 renduo, non obstante manus abscisione; ergo non fuit tota
126 441 518 499 anima in praedicta manu
129 466 974 535 3 Praeterea, cum partes corporis sint infinitae, idem
113 521 979 573 treatum indiuisibile esset in infinitis partibus : quod est
92 564 535 610 impessibile, ergo &c.
124 579 981 656 3 Praeterea, illi datur esse actuale, in quo est tota ani¬
120 638 974 683 ma: n ergo tota anima esset in qualibet parte, quaelibet
124 677 965 728 pars haberet esse actuale, quod est contra rationem par
113 725 980 775 tis, vt pars est: quia secundum philosophum partes sunt
123 758 392 805 potentia in toto.
123 779 974 846 Praeterea, id quod est in aliquo ita modico, quod non
110 840 977 892 potest esse in minori, non est indiuisibile, nec per conse¬
131 869 980 924 uens potest esse totum in qualibet parte eius, in quo est
113 913 984 964 ced anima humana poterit informare ita modicum cor¬
110 952 974 1010 pus, quod non posset minus informare, ergo &c. Maior
132 1001 974 1041 atet quia receptiuum eius, quod est indiuisibile, num¬
142 1030 973 1081 nam potest esse nimis modicum. Minor etiam patet a
116 1069 980 1117 de aima, vbi dicitur, quod omnium natura constantium
114 1109 628 1160 terta est mensura magnitudinis.
137 1146 979 1196 4 Praeterea, anima sensitiua hominis non est in quali¬
120 1186 980 1236 ret eius parte, ergo nec intellectiua. antecedens suppo¬
119 1229 980 1273 nur esse notum consequentia probatur: quia quae sunt
122 1264 986 1313 em realiter, illud, quod conuenit vni, & alteri; sed sen¬
123 1311 989 1352 Pia, & intellectiua sunt idem in homine realiter, cum
128 1339 824 1394 Tomine sit tantum vna forma substantialis.
201 1379 981 1431 Praeterea, si anima humana esset tota in toto cor¬
119 1420 981 1480 rere, & tota in qualibet eius parte, tunc omnes poten¬
123 1461 988 1510 tae aximae erunt in qualibet parte corporis: quia vbicum
122 1508 982 1555 ane est subiectum, ibi necessario sunt naturales proprie¬
126 1547 981 1591 eaes sabriecti, sed potentiae animae sunt suae proprietates
130 1583 282 1633 natur ales,
138 1610 986 1666 4 Item posset aliquis dicere, quod haec conclusio con¬
131 1659 984 1713 madicit primae: quia anima hic appellatur tota: cum er-
134 1703 989 1752 to ratio totius sumatur in ordine ad partes, nec possit
129 1743 984 1785 alquid esse totum, quod nullam partem habet, videtur,
116 1784 985 1827 quod haec conclusio destruat primam, in qua dicebatur,
137 1809 770 1859 mod est indiuisibilis, & penitus inextensa¬
156 1844 996 1904 Praeterea, omne totum est maius sua parte, sed ani¬
142 1898 976 1940 t non potest dici maior aliqua parte, cum nullam ha
142 1926 988 1981 nat, iuxta positionem primae conclusionis; ergo idem,
154 1971 309 2028 pod prius.
148 2000 986 2056 1 Praeterea, sicut quod est hic, non est alibi: sic quod
128 2041 983 2094 en secundum se totum in aliquo determinato situ, nihil
135 2083 983 2137 si poterit esse alibi, seu in situ: Sed manus hominis de¬
142 2133 980 2180 otat alium situm a pede: igitur si tota anima est in ma¬
129 2170 658 2219 m, nihil sui erit in pede, ideo &c.
172 2201 738 2253 Sed ista sophismata non concludunt
178 2224 986 2298 Ad primum dicendum, quod animam esse totam in
140 2277 989 2335 ono potest intelligi dupliciter. Vno modo sicut in pro
145 2315 977 2369 o perfectibili. Alio modo sicut in eo, quod ordinem ha
135 2357 987 2411 bea ad proprium persectibile. Primo modo vbicumque
141 2399 989 2448 tota anima, extra illud nihil est ipsius ammae: quia vt
138 2436 987 2491 Ee totum corpus humanum respondet ipsi animae tam¬
150 2476 987 2532 niam suum proprium, & per se perfectibile Secundo mo
141 2513 981 2571 so tota anima potest esse in aliquo, & tamen ipsa tota pro
141 2552 989 2606 ten esse extra illud : vt sic enim tota anima est in quali¬
138 2590 986 2647 Te parte, & tamca nulla parte determinatur ipsa anima
142 2637 992 2688 ad esse tantummodo in illa parte, cum sit per accidens in ea¬
161 2678 986 2728 Ad secundum dico, quod secundum eandem forman
140 2712 995 2762 Trpumenti eadem difficultas sequitur contra te, qui di¬
150 2756 995 2808 mam esse extensam: quia quaero de parte animae
140 2797 998 2850 in manu, du abscinditur, aut illa pars animae cor¬
142 2826 1001 2881 pitur, & sic tota anima illa esset corruptibilis: quia
146 2864 1000 2923 S atione aliae partes per huiusmodi diuisiones essent
150 2906 1004 2959 truptrbilex; quia omne totum est corruptibile, cuius
141 2944 995 3005 rivet pari est corruptibilis: Aut reuertitur ad corpus
137 2990 989 3039 ime Auae partes sormae eiusdem rationis informaren
144 3020 995 3083 rem, sne eandem partem perfectibilis. Dico ergo ad soi
150 3068 998 3140 aeunenti, quod anima per se est in toto corpore
1014 250 1866 301 in nulla autem parte est, nisi inquantum illa pars habet
1018 292 1862 334 ordinem ad totum. Si ergo aliqua pars nunc habens or¬
1030 330 1859 372 linem ad totum, postea decidit a tali ordine, siue per ab
1017 372 1875 421 scisionem, siue per arefactionem, siue per quamcumque
1022 412 1878 450 aliam viam hoc fiat, tunc anima definit esse in tali par¬
1016 448 1850 497 te, non per motum, vel mutationem sui, sed per muta
1027 487 1316 538 tionem illius partis.
1059 525 1873 574 Ad tertium dicendum, quod quamuis partes mathe¬
1016 566 1861 607 maticae sumptae sint infinitae, tamen partes naturales cor¬
1030 606 1865 655 poris humani finitae sunt: quia est dare minimam carnem
1022 640 1364 696 vt patet 1. physicorum.
1059 683 1863 731 Posset igitur dici, quod partes habentes ordinem ad
1020 726 1866 770 totum naturale sunt partes naturales; & in illarum qua¬
1014 760 1860 809 libet parte est tota anima, & cum non sit in parte nisi vt ha¬
1017 797 1865 854 bet ordinem ad totum naturale, non oportet eam esse
1024 833 1849 889 in qualibet parte mathematica distincte: quia nec illa
1026 886 1861 927 partes distincte signari possunt secundum totam earum
1025 913 1247 966 multitudinem,
1048 948 1852 1001 Posset etiam dici, quod non est inconueniens aliquod
1024 994 1866 1046 creatum simul esse in infinitis, quae in potentia tantum
1020 1034 1274 1084 sunt, & non actu
1057 1047 1860 1119 Ad quartum dicendum, quod illi datur esse actuale, in
1027 1108 1859 1165 quo est ipsa tota anima per se, & tamquam in proprio per
1020 1156 1866 1202 fectibili; non autem illi, in quo est tota anima per acci¬
1023 1189 1870 1237 dens, puta vt ordinem habet ad suum proprium perfecti
1026 1229 1880 1275 bile. Primo modo anima est in toto corpore organico
1023 1267 1864 1316 physico, vt patet 2. de anima. Secundo modo est in parte.
1058 1304 1895 1360 Ad ouintum dicendum, quod maior est vera de eo, quod ti
1029 1345 1866 1394 est in aliquo, secundum commensurationem localent, non
1021 1379 1875 1433 autem de eo, quod est in aliquo secudum proportionem
1035 1432 1865 1476 ormalem, siue persectionalem. Sic enim anima rationa¬
1022 1459 1870 1513 lis quamuis non sit qualis, seu accidentalis, sed substan¬
1035 1501 1872 1550 tialis forma, requirit tamen debitas qualitates suum su¬
1023 1535 1869 1588 sceptibile disponentes, sic quamuis non sit quanta, requi¬
1024 1583 1866 1628 rit tamen debitam quantitatem in suo perfectibili, cum
1020 1622 1875 1677 omnium natura constantium sit debita mensura magni¬
1033 1656 1668 1702 tudinis & augmenti, vt dicitur 2. de anima
1058 1693 1899 1740 Ad sextum dicendum, quod anima sensitiua in homi¬ ti
1032 1736 1876 1784 ne potest sumi pro essentia animae, & sic est idem, quod
1031 1775 1866 1825 intellectiua, & vt sic, non extenditur. Alio modo sumi¬
1034 1820 1859 1864 tur pro potentia sensitiua, & sic extenditur extensione on
1032 1851 1517 1907 gani, in quo fundatur subiectiue.
1054 1880 1862 1943 Ad septimum dicendum, quod consequentia est falsa,
1029 1929 1862 1972 loquendo de potentiis sensitiuis: quia illae non sunt in
1032 1975 1869 2019 anima sicut in subiecto, seu subiectiue, sed solum sicut in
1029 2007 1865 2050 radice: in organis autem fundantur subiectiue. De intel¬
1023 2045 1867 2095 lectu autem, & voluntate potest dici, quod mediante es¬
1029 2087 1866 2136 sentia animae, in qua immediate fundantur, sunt in toto
1026 2127 1862 2175 corpore humano, & in qualibet parte corporis, vt habet
1023 2165 1307 2219 ordinem ad totum
1065 2209 1864 2253 Ad octauum dicendum, quod cum dicitur tota anima, ly
1032 2241 1860 2288 tota quantum ad presens spectat, potest intelligi dupliciter
1045 2281 1869 2322 Vno modo de toto integrali composito ex partibus quan¬
1030 2319 1868 2368 titatiuis. Alio modo de toto virtuali composito exparti¬
1038 2357 1864 2405 bus potestatiuis. Primo modo non potest dici anima hu¬
1030 2404 1880 2446 mana in aliquo esse tota positiue, cum nullas habeat par
1028 2438 1861 2485 tes quantitatiuas; sed priuatiue, puta tota anima dici¬
1041 2473 1873 2520 tur esse in aliquo: quia nihil est ipsius animae, quod non
1029 2519 1866 2560 sit in eo; sicut etiam Deus dicitur esse totus in aliquo,
1037 2559 1874 2604 quamuis nullas habeat partes quantitatiuas. Secundo mo
1044 2588 1883 2638 do anima potest dici totum positiue, & potest dici tota
1034 2632 1867 2680 in aliquo inquantum nulla potentiarum immediate in
1041 2667 1531 2721 ea fundatarum excluditur ab illo
1077 2711 1864 2757 Ad nonum dicendum, quod vt anima habet partes po
1047 2755 1873 2796 itiue, sic est maior qualibet sua parte, & quia tales partes
1041 2784 1865 2828 habet virtuales, bene sequitur, quod anima sit maiorum
1043 2822 1860 2869 virtutis, quam quaecumque sua potentia per se sumpta
1084 2864 1877 2914 Ad decimum patet per ea, quae dicta sunt ad primum,
1045 2899 1865 2946 & ad octauum. Potest etiam dici, quod aliquid esse in deter
1051 2953 1881 2995 minato situ potest intelligi dupliciter. Vno modo situa¬
1034 2978 1876 3027 liter, ita quod commensuretur loco illius situs. Alio modo
1042 3025 1882 3071 non situaliter, & isto secundo modo maior est falsa: nam
1050 3058 1880 3123 totum corpus Christi est in hoc determinato situ, puta
