2303 3538
162 231 1043 291 secundum istos doctores, humanus intellectus distinguit in
166 291 1031 339 ter diuina attributa, quae in seipsis intrinsece omnino sunt
171 320 535 380 idem realiter, ergo &c
184 371 1025 416 2 Praeterea, vbi est dare primum, secundum, & tertium
156 395 1028 447 ite naltem secundum rationem est dare prius, & poste¬
165 446 1024 495 tius; Mla patet: quia secundum est primo propinquius quam
158 493 1029 543 tertium, & per consequens est prius: vt patets. metaph¬
164 520 1024 565 sed nos concedimus patrem esse primam personam in
169 561 1018 606 diuinis, cum fit fontana deitas secundum Dionysium, &
158 601 1016 650 flium secundam personam tamquam a patre immediat
163 641 1029 694 productam, & spiritum sanctum tertiam, quasi ab vtroque
158 680 1022 721 procedentem, ergo saltem secundum rationem siue no¬
162 715 1013 765 sro modo cognostendi, poterimus ibi assignare prius, qo
154 754 317 807 posterius.
201 767 1025 848 Preterea, omne producens secundum rationem prius
155 806 1017 885 encipitur esse, quam producat, ergo pater praeconcipitui
152 873 1009 924 genetatione secundum suum esse personale; sed genera
162 918 1017 966 tio secundum nostram rationem est prior filio: quia via si
165 951 1021 1003 cundum rationem est prior termino, ergo pater secundum
153 989 1023 1046 rationem est prior filio: quia quicquid est prius priore,
156 1029 749 1078 en etiam prius posteriore.
191 1071 1020 1124 Ad primum ergo dicendum, quod quantumlibet aliqua si
155 1113 1029 1162 mul intelligantur, tamen si intellectus discernit vnum es
156 1152 1022 1193 se productum, & alterum producens, ipse poterit produ¬
159 1189 1020 1231 renti tribuere rationem prioris, & producto rationem posterio
153 1228 1020 1273 rs, non ratione qua relatiua sunt, sed ratione, qua vna psona
164 1274 1028 1317 educens est, & altera pducta, & maxime, quia in omnibus
161 1309 1028 1352 ereaturis, ex quibus nostri intellectus oritur cognitio, Se¬
159 1346 1028 1394 re productum posterius est producente, ergo a simili po
171 1390 978 1433 em concipere in diuinis.
167 1423 1022 1468 Ad secundum nego maiorem, quod quantumlibet causa
162 1461 1019 1513 reeausa est, non possit intelligi sine causato, vel causabili¬
160 1502 1022 1549 ineegitur tamen naturaliter causa fore prior causato,
159 1546 293 1601 ergo &c.
188 1570 1021 1628 Ad tertium nego minorem, quia essentia vt est in pa¬
156 1622 1023 1667 tre, potest concipi sub ratione prioris, & vt est in filio
153 1659 1012 1700 sab ratione posterionis: quia sient imrealiter distinctis il
156 1698 1018 1738 hd, quod addit super alterum, si additio est realis, tuc rea
155 1738 1029 1786 hter est posterius eo; sic in non distinctis realiter, illud,
148 1783 1022 1829 quod habet se per modum additionis ad seipsum, ad mi-
160 1817 1019 1867 nus secundum rationem est posterius seipso; sed essentia
153 1854 1015 1901 nest in filio, addit super seipsam, vt est in patre essc com¬
158 1894 1016 1941 nonicatum, ergo filius ratione essentiae potest concipi e
172 1935 1014 1975 posterior patre secundum humanam rationem. Etiam
177 1971 1019 2020 reo minorem quantum ad alteram sui partem: quia (sicui
170 2015 1010 2062 P nocto res met dicunt, & bene) qualem ordinem rea
191 2050 1016 2098 m habent aliqua inter se, vbi differunt realiter, talem or¬
164 2092 1022 2132 ninem rationis habent cum differunt ratione; unde quia
167 2130 1017 2176 emus, quod vbi intellectus, & uoluntas differunt realiter.
170 2168 1012 2218 Pessectus realiter est prior voluntate, ideo in Deo, ub
156 2214 1025 2260 Slum differunt ratione, dicimus intellectum ratione
159 2248 1011 2293 ese priorem voluntate. Sed in his, vbi proprietas consti
164 2297 1021 2335 ua suppositi generantis differt realiter a gencratione,
152 2324 1009 2370 Si talis proprietas est realiter priori generatione, er
153 2367 1012 2416 tn uinis, vbi paternitas, quae est patris constitutius
168 2405 1011 2456 onrintas, differt secundum rationem a genetatione ip¬
155 2453 1004 2493 s secundum rationem potest dici prior generatione.
159 2480 1011 2527 Sed nuod est ratione prius generatione, euam est ratio
155 2521 1022 2566 neprius genito, ergo persona patris etiam propter suam
173 2560 1023 2607 roptietatem relatiuam potest dici prior filio saltem se¬
187 2606 1014 2655 dum rationem.
195 2639 1023 2683 Shy exiam vt praedixi ponunt prioritatem in diuinis,
186 2678 1029 2727 tae non es prioritas rationis tantum, sed secundum ali¬
189 2717 1027 2763 io dicitur prioritas realis secundum quid, secundum
164 2761 1025 2803 so dicent prioritas naturalis praesuppositionis. De hac
170 2799 1029 2848 emen pre appositone ad praesens nihibdicam: quia lo¬
169 2833 1029 2878 m habet carea distinctionem 12. Et secundum alios di¬
173 2874 949 2926 nommoritas originis.
197 2918 1028 2964 Prim, dictum suum declarant sic. Sicut in multitudine
178 2950 1026 3000 Spleiter eali est ordo simpliciter realis, ; & per conse¬
169 2989 1015 3045 ena prius, & posterius simpliciter realia,; sic vbi est mul
165 3039 1020 3076 unido realis secudum quid, possumus ponere prius, & pro
171 3067 1018 3134 enus reale secundum quist, sed vbi aliqua multa diffe
1090 234 1924 321 tunt secundum esse, est multitudo simpliciter: raalis,
1087 297 1919 362 vbi autem sunt multa non secundum esse; sed tantummi
1077 332 1923 398 do secundum modum essendi sicut in diuinis, ibi est mul
1080 380 1917 437 titudo realis non simpliciter, sed secundum quid, ergon
1093 411 1928 475 liuinis propter diuersitatem realium modorum essendi
1083 455 1925 514 erit ibi prius, & posterius realiter, quamuis secundum quid
1115 493 1925 554 Sed illud non intelligo: quia aut ille per modoxillos
1078 528 1912 584 reales intelligit modos absolutos, & sic contra eos argu
1083 581 1920 629 uperius dis. 8. ergo quo adhoc praesens dimitto. Aut intel
1071 605 1923 672 ligit modos relatiuos, & sic dico, qued inquantum opposit sunt
1077 654 1922 698 vrique realiter differunt, sed cum hoc realiter simul sunt,
1070 693 1908 749 nec aliqua realis prioritas poterit poni inter huiusmod
1070 725 1908 791 relationes. Si autem tales modi sunt desperati, tunc ac
1071 762 1913 830 huc realiter coeterni sunt ratione coexistentiae, qua cos
1078 807 1664 852 vistunt modis directe relatiue oppositis.
1084 838 1916 906 Alij dicentes, quod in diuinis sit prius, & posterius oria
1086 881 1908 942 tinis, seu secundum onginem naturalem, probant hoc primo.
1086 925 1908 983 1 Auctoritate Augus in lib de triplici habitaculo ub
1071 959 1911 1023 sic dicit, Cum iusti fuerint in patria videbunt quid inte¬
1070 1006 1905 1063 rest inter generationem, & processionem, & uidebunt, qui
1082 1043 1752 1092 ater praecedit filium, non natura, sed origine.
1092 1055 1906 1139 2 Item, Hichar. 8. de trini: loquens de priori, & poste¬
1069 1116 1920 1178 riori in diuinis sic ait. Prius, & posterius in hoc loco in¬
1069 1163 1911 1223 telligi volumus, non temporis suceessione, sed ordine
1077 1194 1347 1243 naturae.
1083 1211 1909 1294 3 Praeterea. 1. posteriorum dicitur, Primum est quod
1072 1272 1904 1332 sic se habet, quod alteri conuenit aliquid per ipsum, & sil
1069 1311 1908 1373 bi non per alterum, sed filio, & spiritui sancto, conuenit es
1064 1351 1713 1407 se per patrem & patri non per eos, ergo &c
1077 1370 1914 1449 4 Praeterea, pater est principium filij, vt patet per Au¬
1076 1431 1901 1495 gust. 5. de trini: sed vt dicitur t. posteriorum, primum, & prit
1065 1474 1712 1518 cipium idem sunt, ergo pater est prior filio,
1083 1509 1879 1567 3 Praeterea, posset gratia disputationis argui, quod pat
1072 1549 1907 1606 esset prior filio duratione: quia sicut se habet corruptio
1068 1591 1913 1647 ad desinere esse, ita generatio ad incipere esse; sed omne
1071 1627 1910 1669 corruptum desinit esse, ergo omne generatum incipit es¬
1069 1664 1908 1735 se, quod autem incipit esse non est aeternum, ergo filius
1070 1702 1313 1752 non est aeternus.
1082 1718 1903 1803 8 Praeterea, quandocunque aliqua sunt idem; si u¬
1068 1783 1910 1843 num habet principium, & reliquum: sed esse filij in diui¬
1068 1820 1917 1883 nis, & duratio sua sunt idem, cum ergo filius habeat prin¬
1071 1863 1904 1920 cipium sui esse, etiam habobit principium suae duratio;
1069 1905 1916 1957 nis; omne autem, quod habet principium durationis,
1072 1936 1290 1989 est temporale
1083 1949 1909 2045 3 Praeterea, vbicuque est numcrus, ibi est prius, & poste¬
1066 2020 1777 2070 rius; in diuinis est numerus, cum ibi sit ternarius
1071 2058 1914 2118 E Preterea, proprium naturaliter est posterius eo,
1065 2099 1902 2161 cuius est proprium: sed in Deo est proprium; puta pro¬
1076 2140 1901 2200 prietas personalis, & illud, cuius est proprium, put¬
1074 2181 1901 2233 persona; etiam est ibi proprietas essentialis, & essentia
1148 2213 1904 2273 Praeterea, vt patet in praedicamentis, vnus modus
1080 2253 1903 2307 prioritatis est quando aliqua conuertuntur secundum e-
1075 2297 1905 2361 xistendi consequentiam, & tamen vnum est causa alterius.
1062 2329 1382 2380 sed pater, & filius &c
1083 2343 1912 2430 so Praeterea, quicquid est primo propinquius, hoc est
1068 2404 1909 2477 realiter prius, sed filius est immediatior patri: quia spiri.
1068 2453 1821 2505 tus sanctus procedit a patre mediante filio, ideo &c
1113 2497 1913 2548 bed istud non ualet: quia prius origine non ponit nus
1065 2530 1895 2576 merum cum priori natura, &cum priori secundumcon
1083 2569 1903 2623 nitionem siue rationem: quia quandocunque aliquid ori;
1078 2611 1901 2657 ginatur ab aliquo, vel distinguitur, & numeratur natur,
1062 2647 1901 2703 in producente, & producto, & tunc prius origine es
1070 2679 1904 2748 idem, quod prius natura, vel sic producitur, quod ta¬
1075 2726 1901 2781 men manet in eadem natura cum producente, &capi
1077 2761 1910 2822 idem esse cum eo, tunc prius origine non est aliud, quam
1086 2798 1268 2846 prius rationem
1074 2808 1914 2898 Et per hoc ad auctoritatem Aug patet: quia filius in di
1072 2878 1907 2948 uinis sic producitur, quod tamen manet in eadepi natur,
1071 2913 1613 2968 cum patre, & capit idem esse cum co
1077 2932 1904 3015 Ad secundum dicedum, quod quamuis in diuinis sit orde
1071 3000 1904 3055 naturae: quia filius habet naturam a patre, & non patera
1071 3030 1914 3095 filio,; tamen ille ordo non est in diuersitate naturae: sed fun
1076 3073 1904 3133 datur super eadem natura, & super eodem esse, & idec
