2308 3538
455 263 1302 316 productum non potest excedere suum principium pro¬
453 304 1296 364 ductiuum: sed consequens est falsum, quia nulla perfectio
452 340 1019 397 potest deficere alicui diuinae personae.
500 371 1290 435 y Praeterea, principium, quo producitur aliquid natu
456 427 1289 470 rale, est ipsa natura: sed spiritus sanctus est productum nm
456 460 1172 512 turale, cum sit producenti connaturale, ergo &c
488 486 1299 551 S Praeterea, actus voluntatis non potest esse nisi respe
452 541 1290 585 ctu praecogniti, si ergo spiritus sanctus producitur per
459 573 1287 620 modum voluntatis, ipse prius erit cognitus, quam prodi
458 618 1295 664 ctus, sed illa cognitio non posset esse abstractiua: quia o¬
459 652 1283 704 mnis cognitio, quam habet persona diuina respectu diui
452 687 1284 750 norum, est intuitiua. Cum ergo intuitiua terminetur ac
455 739 1286 788 rem, vt actu existit in propria natura, ergo spiritus sanctu
458 767 1285 827 ante, quam per voluntatem produceretur, existeret, quod
456 810 815 864 est impossibile, ergo &c
491 841 1287 910 S Praeterea, quae procedunt per modum voluntatis
455 890 794 942 sunt artificiata, sed &c.
488 914 1292 987 Sed ista opinio a dictis sanctorum doctorum videtur
456 968 710 1031 expresse deuiare.
489 994 1295 1056 1 Deatus enim Aug. saepius spiritum sanctum nomi-
456 1034 1286 1094 nat amorem, siue caritatem, iuxta illud e. de tri. spiritus
449 1091 1279 1138 sanctus est aliquid commune patris, & filij, quae com¬
455 1126 1295 1178 munio consubstantialis, & coaeterna, si amicitia conue¬
440 1157 1298 1222 nienter dici potest) dicatur: sed aptius dicitur caritas,
441 1198 671 1257 ergo &c.
427 1232 1286 1293 ltem 15. de tri. ait. Non frustra in illa trinitate solu
432 1279 978 1327 spiritus sanctus caritas nuncupatur.
493 1297 1295 1380 Item, idem Aug in de cognitione verae vitae ait. Nihil
435 1354 1196 1410 aliud spiritus sanctus, quam amor Dei, intelligitur
488 1398 1295 1448 Et Hiero super Ps. 15. ait. Spiritus sanctus nec pater
464 1439 1296 1496 nec filius, sed dilectio, quam habet pater in filium, & fi-
450 1479 680 1532 lius in patrem.
489 1490 1296 1560 ldem posset deduci ex dictis ceterorum, dimitto ta¬
447 1563 1289 1614 men causa breuitatis. Sed constat, quod amor per mo¬
448 1588 968 1645 dum voluntatis procedit, ergo &c.
491 1606 1296 1685 2 Praeterea isti in declaratione secundae positonis as¬
448 1667 1283 1722 sumunt aliqua minus vera: quia illud, in cuius ratione fo
454 1712 1289 1760 mali includitur notitia, quae est expressiua, & declaratiua
452 1761 1286 1801 notitiae simplicis, non est possibile produci, nisi principio
449 1786 1293 1837 intellectiuo, & actu intellectuali: sed verbum, quod est fi
446 1824 1287 1874 lius Dei patris, est huiusmodi, vt patet per. Rich. 2. de tri¬
444 1871 1292 1919 vbi sic ait. Recte verbum Dei patris dicitur, per quem pa
456 1917 1289 1957 tris, qui fons sapientiae est, notitia manifestatur. Et infra
452 1942 1286 1994 eodem ca. Dei filius verbum patris dicitur: quia a solo pa
446 1983 1286 2035 tre oritur, per quem paterna claritas manifestatur, in pa¬
440 2022 1284 2082 tre omnis veritatis conceptio, in iverbo omnis vcritatis
456 2067 584 2129 prolatio.
492 2089 1286 2156 3 Praeterea, quod est ipse actus intelligendi, vel termi
453 2141 1293 2190 nus constitutus per actum intelligendi, necessario requi
453 2176 1280 2227 rit intellectum, tamquam suum proprium principiun
458 2215 1283 2265 productiuum, verbum est huiusmodi, ergo circumscripto
447 2262 1286 2306 intellectu non posset esse verbi generatio, sicut isti assum
465 2296 1278 2358 serunt, Et eodem modo potest argui de amore, qui es
450 2336 972 2397 spiritus sanctus respectu voluntatis.
495 2365 1283 2427 Ad primum ergo eorum argumentum dico, quod in¬
453 2415 1283 2467 telligere, & velle possunt dici productiones verbi, & spiri
449 2462 1284 2506 tus sancti. Ad primam probationem dico, quod intellige
446 2501 1286 2542 re, & velle diuinum possunt sumi vel essentialiter, & pro
441 2535 1287 2588 ut sumuntur essentialiter sunt actus essentiales, prout au
450 2567 1200 2617 tem sumuntur notionaliter, sunt actus notionales
489 2608 1279 2662 Ad secundum dicendum, quod soli patri conuenit in¬
444 2643 1286 2697 telligere notionale, quo intelligere verbum producitur;
441 2690 1278 2739 & soli patri, & filio conuenit velle notionale, quo amor
452 2718 968 2783 personaliter subsistens producitur.
486 2748 1274 2817 Ad tertium dicendum, quod intellipere notionale, qo
452 2806 1274 2853 velle notionale, differunt realiter eodem modo quo ij
447 2844 1274 2895 sae emanationes differunt. Etiam falsum assumunt in pro
448 2882 1289 2942 batione alterius partis, cum dicunt, quod conditio actuum
451 2924 1283 2971 intelligendi, & volendi est opposita faecunditati: quia etiam
441 2957 1284 3013 secundum philosophum ex frequentatis actibus genera
441 2998 1271 3056 tur habitus, quauis enim per actus immanentes, maxim
448 3031 1278 3092 vt speculatiui sunt, non constituatur aliquid ad extra, ta¬
435 3090 1286 3141 men ad intra potest aliquid constitui, sicut iam patuit
1341 244 1497 311 de habitu
1388 284 2167 351 Est tamen hic aduertendum, quod intelligere notio
1344 350 2155 389 nale aliqualem similitudinem habet cum actu transeun
1346 379 2155 434 te, & cum actu immanente. Nam in eo, quod terminatu
1335 421 2158 464 ad terminum suppositaliter existentem extra personan
1340 463 2162 513 producentem, in hoc aliquam similitudinem habet cum
1340 499 2161 550 actu transeunte: sed in eo, quod talis terminus est eiusdem
1338 538 2172 585 naturae cum producente, aliquo modo conuenit cum actu
1336 573 2156 618 simmanente: quia quicquid per actum intellectus consti
1344 614 2168 661 tuitur, vt est manens, totum manet in intellectu, & est in
1338 651 2175 699 tellectualis naturae, siue sit verbum, siue habitus, siue quic
1341 693 2124 742 quid aliud sit, & eodem modo est de uelle notionali.
1384 728 2174 783 Ad primum secundae suae positonis dicendum, quod
1338 770 2191 811 quamuis creaturis non conueniat producere per intelle
1335 808 2192 853 ctum, & voluntatem talia, quae non habent ordinem peri
1335 850 2193 899 se ad intellectum, & voluntatem: tamen impossibile est
1342 887 2181 935 aliquam creaturam generare verbum intellectuale sine
1342 927 2159 975 intellectu, vel producere amorem perfectissimum sin
1353 966 2170 1012 voluntate: sic in proposito: quia filius Dei est verbum in¬
1334 1002 2171 1043 tellectuale, & spiritus sanctus caritas, vel amor siue dile¬
1341 1042 2173 1088 ctio, ideo eorum productiones debent esse per modum
1346 1080 2172 1124 intellectus, & voluntatis. Vnde si calor ignis haberet in¬
1340 1123 2175 1162 tellectum, & voluntatem, vt tu ponis, quamuis caleface¬
1348 1162 2183 1208 ret tunc, sicut nunc, tamen si verbum, vel amorem produm
1345 1201 2168 1243 ceret, certe non produceret sicut nunc: sed necessario in
1342 1239 2172 1287 talium productione intellectus, & voluntas essent sib
1349 1275 1907 1319 principium, & ratio producendi, sic &c
1367 1312 2177 1369 Ad secundum dicendum, quod etiam in his, vbi intel¬
1343 1357 2174 1417 lectus, & voluntas differunt a natura, verbum, & amo¬
1343 1399 1908 1446 procedunt ab intellectu & voluntate.
1378 1434 2189 1486 Ad tertium dicendum, quod quamuis tam filius, quam
1337 1465 2179 1515 spiritus sanctus procedant a natura: quia intellectus, & vt
1335 1512 2174 1556 luntas per modum, quo procedunt, sunt identice ipsa di
1335 1554 2181 1607 uina natura, filius tamen magis dicitur procedere per mo
1335 1592 2182 1637 dum nature, quam spiritus sanctus. Primo: quia filius ge¬
1334 1630 2189 1680 neratur, generatio autem est opus naturae, vt ait Dam. Se
1344 1670 2195 1710 cundo: quia natura est determinata ad vnum, & ideo in
1336 1708 2184 1764 generatione filij, qui procedit ab vna persona tantum
1339 1751 2191 1809 magis obseruatur modus naturae, quam in productione
1328 1787 1887 1844 spiritus sancti, qui procedit a duabus.
1366 1819 2189 1874 Ad quartum dicendum, quod aliter procedit creatura por
1338 1863 2192 1913 modum voluntatis, & aliter spiritus sanctus: quia volun¬
1335 1906 2192 1949 tas diuina est principium creaturae secundum quod habet
1330 1945 2190 1991 libertatem contingentiae, & contradictionis, vt est domi
1331 1987 2198 2032 na sui actus, ita quod potest producere, & non producere
1332 2024 2197 2063 iuxta beneplacitum voluntatis: sed vt est principium spi¬
1328 2062 2183 2123 ritus sancti, est libera libertate complacentiae, quae con
1331 2102 1879 2148 cernit necessitatem immutabilitatis.
1364 2139 2199 2184 Ad confirmationem dico, quod maiorem conuenien¬
1338 2180 2192 2233 tiam habet productio spiritus sancti cum productione f
1332 2219 2208 2278 lij, quam cum productione creaturae: quia productio filij,
1336 2258 2195 2303 & productio spiritus sancti sunt ambae necessariae, & im¬
1332 2300 2199 2342 mutabiles; quia quamuis spiritus sanctus procedat por
1332 2339 2189 2384 modum voluntatis, tamen ea necessitate, & immutabilitati
1335 2374 2197 2443 procedit, qua pater diligit filium, & filius diligit patrem
1332 2411 1892 2469 creatura vero contingenter procedit.
1370 2442 2197 2503 Ad quintum patet per iam dicta vel dicendum, quod
1331 2494 2210 2543 quamuis potentiae rationales sint opposita respectu eorum,
1336 2542 2207 2589 quae sunt ad finem, determinate tamen volunt ipsum sine,
1364 2574 2213 2624 Ad sextum dicendum, quod si intellectus, & voluntas
1329 2609 2212 2659 essent huiusmodi principia, vt praescindunt a natura, & cum
1331 2651 2218 2700 conclusione expressa ipsius naturae, tuc bene procederet
1324 2692 2223 2736 argumentum. Sedi sic non dicimus, immo praesupponimus
1322 2723 2213 2780 intellectum, & voluntatem in diuinis esse penitus idem
1326 2778 2207 2819 realiter, quod insa diuina natura, nec ipsam naturam ex¬
1332 2811 2220 2864 cludimus in praedictis productionibus, immo dicimus, quod
1323 2838 2216 2892 ipsa natura est principium vtriusque productionis, vnius ta
1326 2891 2207 2943 men, vt habet modum intellectus, eo quod talis productis
1326 2927 2222 2982 terminatur ad verbum, & alterius, vt habet modum volb
1329 2969 2078 3019 tatis, eo quoe talis productio terminatur ad amorem
1360 2997 2216 3059 Forte dicetur mihi, tu dicis, quod spiritus sanctus produci
1329 3037 2221 3092 tur amore, quo pater diligit filium, & filius patre, & iterum
1329 3081 2223 3139 dicis, quod productio spiritus sancti terminatur ad amorem,
