2426 3524
238 228 1104 287 lorum: quia vbi ex parte intellectus habemus duo voca¬
247 283 1109 330 bula, puta intelligere, quod est ipsa actio intellectus, &
257 322 1112 367 & verbum, quod est terminus talis actionis, ibi ex parte
250 362 1108 415 roluntatis habemus solum vnum: ideo amor isumitur tam
252 403 1105 460 pro actu, quam pro termino ipsius actus, propter quod spi
250 439 1109 494 rtus sanctus dicitur quandoque produci amore, quando¬
261 483 691 538 ue dicitur amor productus.
289 498 1103 572 Ad septimum dicendum, quod quamuis spiritus sit produm
254 560 1108 610 ctum naturale, tamen quia amor est, ideo per modum vo
242 598 530 652 luntatis procedit.
300 626 1110 691 Ad octauum dicendum, quod actus voluntatis potest
243 685 1102 727 comparari ad obiectum, & ad terminum per ipsum pro¬
249 719 1105 768 ductum. Primo modo semper est respectu cogniti; sed non
249 760 1112 804 secundo modo. vnde nisi Deus cognosceret suam boni¬
256 797 1100 845 tatem, quae in productione spiritus sancti est obiectum di
246 833 1109 881 uinae voluntatis ipse numquam produceret spiritum san¬
243 869 1105 923 ctum, sed ex hoc non oportet, quod spiritus sanctus sit con
255 920 1108 966 gnitus, cum in tali productione ipse non sit obiectum vo
255 953 983 1000 luntatis, sed terminus actionis ipsius voluntatis.
288 991 1110 1042 Ad nonum dicendum, quod quamuis ea, quae sic pro¬
257 1035 1103 1081 tedunt a diuina voluntate, quod in aliena natura subsistunt,
245 1071 1103 1128 possint dici artificiata, non tamen spiritus sanctus, qui sua
246 1116 1093 1163 processione eandem naturam numero capit cum patre
250 1155 710 1210 & filio, qui ipsum producunt
363 1238 952 1312 ARTICVLVS III
342 1315 1000 1405 Vtrum possint esse plures spiritus sancti.
332 1400 1106 1477 VANTVM ad tertium principale, dato, quod spi¬
263 1472 1102 1509 Sritus sanctus procedat per modum voluntatis, v¬
252 1495 1103 1553 trum tales personae possent esse plures, dico, quod quamuis
249 1544 1102 1603 spicitus sanctus per modum voluntatis procedat, non pos
240 1583 818 1630 sunt tamen esse plures spiritus sancti.
264 1618 1097 1671 1 Quia nullum productum perfecte adaequans per suam a
244 1664 1100 1707 ductionem proprium suum principium productiuum, quan
240 1703 1102 1751 tum ad modum suae emanationis, potest multiplicari: da
249 1741 1097 1786 oppofitum, tunc principium per tale productum non fuis¬
243 1777 1100 1827 set adaequatum, sed spiritus sanctus adaequat naturam di¬
240 1818 1094 1867 ninam quantum ad emanationem immutabilem, qua al
245 1860 1103 1900 quid immutabiliter producitur per modum voluntatis.
240 1895 1097 1943 ltam minorem probo sic: quia si eo modo, quo procedit
248 1938 1094 1990 spiritus sanctus ab eodem principio procederet aliud sup
249 1983 1103 2026 positum, tunc spiritus sanctus non esset infinitum produ¬
244 2016 1101 2065 ctum, nec infinitae perfectionis; infinitum enim productum
249 2056 1106 2098 adaequat infinitum principium productiuum, saltem quo
242 2100 719 2143 ad suum modum producendi.
251 2128 1110 2177 2 Praeterea, in diuinis suppositis non est multitudo, ni
246 2171 1088 2220 si secundum oppositas relationes: quia vt ait Ansel. om
249 2217 1091 2263 nia in diuinis sunt idem, vbi non obuiat relationis oppo.
252 2250 1102 2296 sitio, sed si plura supposita procederent per modum amo¬
249 2286 1097 2335 ris sen voluntatis, tunc non caperent oppositas relatio¬
241 2330 1103 2378 nes: quia quaecunque secundum eundem modum pro¬
249 2368 1095 2413 cederent, caperent formas similes, & non oppositas, ergo
252 2408 1109 2458 talia supposita essent plura, & non plura, quod est contradictio.
281 2453 1111 2495 Sed forte dicetur, si duo angeli, vel duo homines mu¬
246 2493 1102 2542 tuo se diligunt, ipsi non eliciunt, siue pducunt eundem amo
258 2522 1103 2575 rem, cur ergo pater, & filius mutuo se diligentes alium amo
252 2569 1096 2612 rem non producunt, cum sint realiter distincta supposit al
291 2606 1103 2650 Item, sicut ea, quae sic producuntur, quod in materia re
251 2642 1095 2689 cipiuntur, multiplicantur multitudine principij recepti¬
247 2681 1098 2728 ni, sic ea, quae taliter producuntur, qued in nulla materia re¬
253 2724 1100 2771 cipiuntur, debent multiplicari multitudine principij pro
252 2757 1098 2808 ductiui; sed pater, & filius, qui sunt duo distincta supposi
252 2795 1106 2857 ta, producunt spiritum sanctum in nulla materia receptum,
256 2840 782 2898 ergo non erit vnus spiritus sanctus
299 2883 1109 2929 Item, spiritus sanctus non est minoris virtutis, quam
251 2915 1112 2974 ceterae diuinae personae, sed ceterae diuinae personae sunt
252 2952 1103 3017 productiuae ad intra, ergo & ipse spiritus sanctus, sed non
245 2993 1107 3053 producet seipsum, cum nihil possit seipsum producere, er
249 3035 820 3097 go producet alium spiritum sanctum
294 3069 1117 3142 Hespondeo ad primum, quod plures homines habent
1152 238 1995 299 plures amores: quia absolute distinguuntur, & habet plu¬
1140 289 1997 334 res voluntates, in quibus voluntatibus distinctis distincti
1141 323 1999 371 amores continentur, sed pater & filius se diligunt secun¬
1145 361 1685 415 dum vnam, & eandem voluntatem.
1156 399 1997 451 Ad secundum dico, quod pater & filius, quamuis suppo
1140 437 1997 495 sitaliter sint distincti, tamen in produetione spiritus san¬
1140 483 1985 522 eti concurrunt ut vnum principium ratione unius uirtu¬
1143 521 1991 565 tis spiratiuae, quae est diuina essentia, & ratione vnius spi¬
1140 562 1992 606 rationis actiuae, quae vna & indiuisa est in patre & filio; &
1140 596 1991 649 ideo cum sint vnum principium spiritus sancti spirantu¬
1146 635 1749 685 num spiritum sanctum, & non plures.
1182 676 1982 724 Ad tertium dico, quod spiritus sanctus non est mino¬
1146 717 1982 761 ris virtutis ceteris diuinis personis: quia habet in se eam
1147 755 1993 796 dem potentiam, siue virtutem spiratiuam, quam habet pa¬
1141 793 1990 846 ter, & filius, scilicet diuinam essentiam per modum uolum¬
1149 840 1985 880 tatis immutabiliter diligentis diuinam bonitatem, non ta
1137 874 1986 924 men spirat, siue non prorumpit in actum productionis al
1151 922 1997 967 terius spiritus sancti: quia huiusmodi virtutem non habet
1149 951 1990 992 sub respectu necessario requisito ad actum spirandi; puta
1137 990 1984 1040 sub spiratione actiua; sed potius habet talem virtutem sub
1152 1030 1833 1093 opposito respectu, puta sub spiratione passiua,
1238 1089 1889 1184 ARTICVLVS IR
1240 1178 1898 1265 Vtrum spiritus sanctus prop rie dicatur.
1387 1242 1751 1316 nexus patris & filij¬
1227 1320 1988 1398 VANTVM ad quartum principale utrum spiritus san¬
1164 1391 1991 1448 ctus proprie dicatur nexus patris & filii, dico quod spi¬
1133 1432 1856 1477 ritus sanctus proprie dicitur nexus patris & filij
1227 1466 1989 1519 Quia illud, quod est pfectus amor aliquorum, hoc pprie¬
1147 1498 1993 1546 di nexus eorum, sed spiritus sanctus est pfectus amor patris
1137 1546 1984 1594 & filij. Maior patet per Dio. de di, non ubi dicit, quoid pfectus
1137 1585 1992 1623 amor transformat amante in amatum, ex quo patet, quod amor
1137 1623 1978 1670 haet uirtutem maxime connexiuam: minor patebit inferius
1151 1663 1990 1716 2 Praeterea, illud, i quo consistit unitas, & conio aliquorum
1143 1700 1989 1745 idem uidetur esse nexus eorum, sed P. Aug. 8. de tri. dicit spiri
1147 1742 1984 1788 tum sanctum essc communionem, & unitatem patris, & filij
1175 1779 1984 1826 Forte dicitur contra Aug. quod unitas patris, & silij consi¬
1140 1817 1976 1875 stit in natura diuina, in qua realiter conueniunt, & non in
1146 1857 1720 1910 piritu sancto, a quo realiter differunt.
1165 1897 1992 1942 2 Praeterea, contra conclusionem arguitur sic. Nexus ui
1148 1937 1982 1979 detur esse eorum, quae secundum se sunt separata, sed trini¬
1146 1976 1955 2015 tas personarum est inseparabilis, ut ait Aug. 15. de trin¬
1218 2013 1992 2062 Praeterea, semper nexus mediat inter ea, quae nectit,
1140 2053 1983 2106 sed filius, qui a patre productus producit spiritum sanctum,
1143 2095 1591 2139 est media in trinitate persona
1158 2132 1986 2185 4 Preterea, omne, quod nectit aliqua, uidetur habere
1136 2176 1987 2215 rationem principij aliquo modo super illa, sed spiritus san¬
1155 2216 1992 2266 tus nullo modo habet rationem principij super patre, &
1142 2253 1949 2292 filium, cum ipse sit productus a patre, & filio, ergo &c.
1187 2288 2017 2346 Ad primum dicendum, quod quauis pater, & filius differant pso,
1140 2333 1996 2379 naliter a spiritu sancto; tamen in hoc uniuntur spiritus am¬
1141 2366 1995 2421 cto, quod diligunt se spiritu sancto, qui est mutuus amor pa¬
1144 2409 1986 2457 tris, & filij, & hoc sufficit ad illud propositum, vt spiritus san
1144 2448 1985 2495 ctus proprie dicatur nexus. In essentia autem pater, & filius
1139 2491 1982 2537 non sic uniuntur: sed potius identificantur, popo quod es¬
1153 2525 1992 2576 entia diuina proprie non habet rationem nexus respectu
1148 2561 1989 2622 diuinarum personarum: quia secundum quod aliqua sunt
1148 2601 1992 2657 idem, ut sic, non dicuntur connexa; nexus enim coniun¬
1152 2636 2000 2693 git ea, quae distincta sunt, propter quod oportet, quod nexus
1149 2681 1997 2737 sit distinctus ab his, quae nectit, & quae eidem sunt eade, illa
1147 2719 1991 2766 inter se sunt eade: cum ergo diuina essentia sit eade patri,
1149 2760 1992 2809 & filio, & spiritus sactus differat ab utroqee ideo spiritui san
1152 2805 1998 2853 cto conuenit ro nexus respectu patris, & filii & non essentiae.
1198 2835 1992 2879 Ad secundum dicendum, quod non est necesse ea, quae nectun
1157 2877 1989 2928 tur secundum se esse separata: quia sufficit, quod sint distincta.
1156 2918 1996 2961 modo pater & filius, qui amorose nectuntur spiritu san¬
1149 2956 1992 3002 cto, quauis non sint separati, sunt tamen psonaliter distincti
1186 3004 1989 3046 Ad tertium dicendum, quod quamuis nexus, vt in pposito
1153 3033 2007 3087 accipitur, sit medium inter amans, & amatum: tamen non
1157 3074 2007 3129 est medium inter producens, & productum per modum
