2263 3535
392 227 1242 295 supposit producentis, & producti, quale medium est ipse
402 284 647 333 filius in diuinis.
426 324 1238 365 Ad quartum ditendum, quod quamuis maior sit vera
395 362 1236 411 de eo, quod nectit efficienter, & per modum causae mout
390 399 1233 444 tis: non tamen est vera de connectente per modum ame
395 438 1220 499 ris, quo modo nectuntur spiritu sancto pater, & filius.
434 480 1235 527 Ad argumentum principale nego consequentiam: Ad
402 519 1229 568 probationem dico, quod voluntas non est principium
392 566 1233 606 spiritus sancti, prout apprehenditur quaecunque forma
403 598 1236 640 ted tantummodo ad apprehensionem vnius formae, quae
400 635 1238 679 est bonitas Dei infinita: quamuis consecutiue ad appre¬
400 674 1238 725 hensionem illius diuinus intellectus apprehendit o¬
399 717 631 773 mnem formam.
570 791 1094 850 DISTINCTIO M
434 912 1172 997 Preuissima, &e perspicua diuisio huius distin
487 989 1151 1042 ctionis, in qua modus processionis spiritus
627 1027 1019 1095 fancti incipit dectarari.
705 1156 1226 1220 IC DICENDVM est, &c. Post
723 1206 1240 1263 quam magister tractauit de proces¬
713 1248 1237 1303 honis modo, hic prosequitur de hu
720 1286 1235 1335 iusmodi processionis principio, Ei
723 1332 1229 1390 diuiditur in duas: quia primo mag
720 1356 1236 1423 ster ostendit quantum ad spiritus
713 1400 1230 1456 sancti principium concordiam lati¬
717 1442 1229 1507 norum, Secundo ostendit, quo a¬
721 1479 1236 1544 hoc discordiam Craecorum, ibi, Ore
398 1514 1235 1574 ci tamen &c. Prima in duas, quia primo magister praemit
389 1559 1229 1614 tit suam intentionem, Secundo probat eam, ibi Quod at
392 1597 1242 1652 tem de vtroque procedat. Et haec posset diuidi in plures
392 1638 1226 1699 partes, secundum quod pluribus auctoritatibus scriptura
389 1687 1232 1742 probat, quae praemisit. Et partes patent. Circa istam vnde¬
394 1723 1103 1790 cimam distinctionem quaero hanc quaestionem.
671 1816 960 1872 Quaestio. I
531 1941 1086 2021 An spiritus sanctus a solo patre
722 2001 896 2065 procedat.
629 2524 1229 2576 PRVM SPIRITVS sanctus produ¬
642 2565 1239 2617 catur a solo patre. Et videtur, quod sic¬
637 2607 1226 2658 quia pater aut perfecte spirat, aut non
647 2642 1225 2694 bi primo modo, tunc superflue, & fru¬
636 2685 1233 2730 stra spiraret ipse filius. Deus autem, &
590 2722 1238 2771 natura nihil faciunt frustra, vt dicitur
387 2767 1232 2817 1. celi & mundi. Si secundo modo, tunc aliqua imperfe¬
384 2803 639 2858 ctio esset in patre
432 2838 1220 2886 in contrarium est Aug. 15. de tri. Hic primo videndi
384 2878 1229 2930 est de eo, quod quaeritur: Secundo dato, quod pater, & fi
388 2921 1232 2966 lius producant spiritum sanctum, videndum est, vtrum
378 2959 1229 3017 sint vnum principium respectu illius productionis. Ter¬
378 2997 1226 3047 tio, dato quod sic, videndum est, vtrum hoc non obstante
385 3038 1235 3095 ipsi possint dici plures spiratores. Et quarto, vtrum poten
385 3086 963 3143 tia spiratiua dicat quid, vel ad aliquid
1488 278 2123 348 RE SOLVTIO.
1291 403 2112 471 Spiritum sanctum procedent a patve. & a ftlio tatholite fartmi
1319 457 2109 499 tur asanttis viris. at tum pater, & filius in hac product oni
1328 491 2108 534 sint plures prodirtentes non tam n vt plures, sed vt vnun
1331 531 2116 575 principium pvoductiuum pvodutum, vnde plures spiratorei di
1321 576 2112 621 ci nullo pacto possunt, cum vtrisque tadem conueniat viri
1319 607 1499 673 tus spiratiua.
1431 680 1974 770 ARTICVLVS I.
1416 792 1975 870 Vtrum spiritus sanctus a solo patrt
1622 860 1786 928 procedat.
1355 953 2154 1005 VANTVM ad primum, vtrum spiritus sanctus pro (
1318 995 2154 1046 ducatur a solo patre, sic procedam. Primo ponam F
1279 1032 2155 1091 vnam catholicam conclusionem, Secundo indueam ali¬;
1289 1070 2122 1125 qua motiua Oraecorum, quibus moueri poterant ad ne¬
1290 1118 2122 1164 gandam huiusmodi conclusionem, & tertio ad ea respodebo.
1326 1150 2136 1197 Primo igitur dico, quod spiritus sanctus procedit a pa
1286 1193 2126 1235 tre & filio: quia pater generando filium omnia communi
1286 1228 2119 1279 cat filio, in quibus ad filium non habet oppositionem. Il¬
1290 1268 2130 1314 la patet per Aug. 15 de trini. vbi ait. Pater non integre
1287 1309 2132 1353 se persecteque dixisset, si aliquid minus, vel amplius esset
1290 1350 2123 1395 in eius verbo, quam in ipso. Sed nullam oppositionem h¬
1292 1389 2126 1437 bet pater ad filium, nec secundum virtutem spiratiuam.
1285 1430 2132 1480 quae est diuina essentia, nec secundum respectum, sub
1290 1467 2129 1516 quo talis virtus in actum spirationis prorumpit, qui res¬
1290 1502 2139 1552 pectus est spiratio actiua; ergo pater generando filium il
1283 1546 2128 1592 li communicat virtutem spiratiuam, cum respectu pro¬
1280 1582 2011 1638 posito ad spirandum, puta cum spiratione actiua.
1326 1622 2060 1669 Sed contra illam rationem arguunt quidam sic¬
1316 1666 2136 1710 1 Omne quod habet filius, vt genitus, habet cum op¬
1289 1701 2134 1752 posito respectu ad generantem: sed omne, quod habet fi-
1277 1744 2140 1793 lius a patre, habet vt genitus, ergo etiam ipsam virtutem
1280 1782 2141 1832 spiratiuam habebit ipse filius cum opposito respectu ad
1287 1820 2147 1874 spirandum, sicut etiam virtutem generatiuam cum op¬
1280 1868 1990 1920 posito respectu ad generandum accipit a patre¬
1324 1894 2165 1943 2 Praeterea, instant quidam alij sic. Si in diuinis produ
1286 1936 2167 1985 ducens omne illud communicat producto, in quo sibi non
1284 1977 2146 2017 opponitur, tunc pater communicaret spiritui sancto ip¬
1286 2016 2147 2063 sum generare actiuum: quia in eo patet spiritui sancto non
1280 2055 2150 2108 opponitur, & sic spiritus sanctus filium generaret, & etiam
1286 2096 2150 2143 filius communicaret spiritui sancto generationem passi¬
1281 2143 2150 2184 uam: quia in ca sibi non opponitur. Sed illa non infrin¬
1290 2176 1706 2227 gunt rationem supradictam,
1314 2208 2154 2260 Ad primum ergo dico, quod filius habet omnia cum
1284 2255 2148 2306 opposito respectu ad generantem, vt gencrans est: Sed op
1293 2292 2154 2341 positus respectus ad generantem, vt generans est, est sola
1281 2338 2154 2378 filiatio: quia propositus respectus generantis, vt generans
1287 2375 2164 2415 est, est sola paternitas, siue generatio actiua. Non conclu
1285 2410 2152 2460 dit igitur instantia tua, quod intendis, scilicet quod filius
1284 2451 2150 2497 vt genitus, capiat velle siue potentiam spiratiuam cum
1282 2491 2156 2537 opposito respectu ad spirationem actiuam, quae est in pa¬
1279 2528 2147 2579 tre: quia per potentiam spiratiuam pater non dicitur ge¬
1273 2568 2150 2612 nerans. Etiam instantia tua est contra te: quia tu mer po¬
1278 2610 2153 2654 nis, quod pater communicat filio potentiam sprrandi cum
1291 2649 2166 2696 proposito respectu: quia alias filius non spiraret sparieuns
1279 2690 1773 2730 sanctum, quod error Sraecorum.
1320 2716 2166 2772 Ad secundum dicendum, quod persona producens in
1272 2764 2163 2819 diuinis personae productae communicat omnia in quibus
1278 2805 2156 2855 ci non opponitur, quae sunt communicabilia: sed proprie¬
1282 2844 2159 2891 tas personalis tam in creaturis, quam in diuinis est com¬
1284 2886 2156 2935 municabilis: quia ex quo personam in esse personali consti¬
1280 2922 2163 2975 tuit, si communicaretur, tunc esset confusio personarum.
1275 2959 2171 3007 Cum igitur generatio actiua personam patris constituae¬
1278 2999 2155 3048 & generatio passiua personam filij, spiratio autem com¬
1268 3047 2162 3107 munis non constituat, ideo spiratio communis est com¬
1262 3075 1980 3136 municabilis, non autem generate, vel generari
