2396 3554
212 265 1105 358 EREVIS ET DILVOIDA
330 331 991 423 diuisio totius contextus prologi
395 402 932 484 Magistri sententiarum,
260 475 1056 561 quae ad distinctam, &o perfectam in¬
304 559 1002 633 tellectionem eiusdem plurimum
578 620 756 699 confert.
590 715 1092 800 VPIENTES &c. Praesupposita
584 777 1089 832 notitia, & declaratione causarum
590 815 1091 877 libri senten ad formam tractatus
588 855 1085 911 accedo, in qua attenditur libri di¬
590 894 1083 950 uisio. Diuiditur iste liber in dua
591 938 1089 989 partes. Nam primo praemittit Ma¬
588 974 1097 1030 gister huic operi prologum, seu
598 1015 1098 1078 prooemium. Secundo exequitur
230 1064 1090 1108 tractatum ibi, veteris, ac nouae legis. Quantum ad pri¬
223 1094 1083 1144 mum est aduertendum, quod satis communiter in scien¬
235 1131 1091 1186 tiis prologix antes, circa addiscentes eorum doctrinam
232 1182 1078 1223 tria intendunt. Nam primo eos alliciunt, vt sint beneuo.
221 1209 1082 1268 li. Secundo, vt sint attenti. Tertio, vt sint dociles. Primi
228 1249 1086 1300 fit satis congrue, si auctor ipsius scientiae praemittit suam
221 1292 1084 1339 humilitatem. Secundum, si ostendit tractandae materia
221 1337 1091 1384 arduitatem. Et tertium, si innuit suae scientiae ordinem
227 1366 1090 1417 Nam sicut superbia doctoris consueuit displicere discipu
231 1409 1091 1462 lis, & per consequens facit eos maleuolos: sic eius humili
225 1443 1091 1501 tas placet ipsis discipulis, & facit eos beneuolos. Et sicut
221 1484 1085 1541 materia communis, & facilis contemnitur a studentibus;
224 1528 1084 1581 & per consequens reddit eos vagos: sic materia ardua, &
222 1576 1080 1620 difficilis diligenter attenditur, & facit eos sollertes & at
221 1615 1081 1661 tentos. Et sicut doctrina confusa, & inordinata indocilen
219 1651 1091 1699 reddit hominem, & tortuosum: sic econuerso doctrina on
228 1682 1084 1737 dinate tradita reddit hominem docilem, & studiosum
228 1724 1094 1773 Hunc igitur modum communem Magister in praesenti
221 1761 1089 1818 prologo obseruando tria facit. Nam primo praemittit
230 1805 1086 1854 uam numilitatem. Secundo ostendit praesentis operis dis
231 1842 1086 1893 ficultatem. Et tertio indicat istius scientiae ordinem, vt ra
230 1891 1079 1934 tione primi reddamur beneuoli: ratione secundi diliger
228 1918 1085 1971 tes, & attenti: & ratione tertij dociles, & studiosi. Secun¬
233 1959 1087 2005 dapars incipit ibi, Ardua scandere. Tertia ibi, Horum
233 1996 1083 2050 igitur Deo odibilem. Prima diuiditur in duas partes;
237 2038 1081 2092 Quia primo ostendit suam humilitatem secundum se
233 2081 1081 2130 Secundo in exteriore comparatione, ibi, Cum pauper¬
230 2122 1091 2168 cula. Caxophilacium dicitur a gaxa, quod est diuitiae,
227 2169 1082 2213 & philasse, quod est conseruatorium quasi diuitiarum
233 2206 1082 2248 conseruatorium. Et ideo gaxophilacium domini ad prae¬
236 2231 1080 2287 sens significat sacram scripturam: in qua thesautri scien¬
231 2273 1080 2324 tiae & lapientiae Dei sunt absconditi, & conseruati. Se¬-
233 2311 1091 2369 quitur illa pars, Ardua scandere, in qua Magister senten¬
236 2352 1075 2405 reddit nos attentos, & hoc ex praesentis operis diffi
236 2401 1091 2444 cultate; & diuiditur in duas partes. Nam primo osten¬
233 2435 1084 2484 dit praesentis operis, seu tractatus difficultatem ex tracta
237 2479 1081 2525 dorum eximia sublimitate. Secundo ex inuidorum nimio
239 2512 1095 2565 dolo, ibi. Quamuis non ambigamus. Quantum ad pri¬
234 2555 1085 2607 mum est aduertendum, quod tanta difficultas erat circa
233 2606 1092 2644 materiam istius libri, quod magister aliquo modo retra¬
251 2625 1082 2680 hebatur, ne librum inchoaret, & quandoque econuerso
233 2666 1092 2718 attrahebatur, vt ipsum inciperet. Igitur magister illud
236 2713 1078 2760 bellum cogitationum suarum describens, primo simu
239 2751 1097 2805 ponderat attrahentia & retrahentia. Secundo ostendit
236 2796 1085 2836 causam victoriae, per quam attrahentia vincunt retrahen¬
231 2822 1088 2879 tia, Secunda ibi, Quam vincit xelus. Quo ad primum ite
228 2875 1084 2921 rum est sciendum, quod tria fuerunt impedientia, & re
231 2910 1076 2960 trahentia magistrum ab isto, opere, scilicet stupor aggre
233 2954 1093 2997 diendi, labor exequendi, & timor deficiendi. Econtra fue¬
233 2984 1084 3035 runt tria ad illud opus magistrum attrahentia si oblatio
239 3022 1079 3076 diuini adiutorip & delectatio praemij, & affectio proficien
228 3065 1097 3110 di. Et secundum hoc magister tria facit: quia primo ponit
225 3117 1089 3162 primum retractiuum, cum suo opposito attractiuo. Se¬
1145 248 2004 319 cundo ponit secundum attractiuum cum suo retractiuo.
1149 314 1988 359 & tertio ponit tertium, Secunda ibi, Delectat nos: Ter-
1149 357 1994 398 tia, ibi, Desidcrium hortatur. Quaelibet istarum partium.
1146 395 2008 446 posset diuidi in attractiuum, & retractiuum, & partes pa¬
1140 432 1998 480 tent. Sequitur illa pars, Quam vincit &c. vbi magister.
1139 480 1988 522 ostendit causam victoriae ipsorum attrahentium. Causa
1141 513 1997 560 vero istius victoriae erat caritas, seu amor. Et quia duplex
1134 549 1983 591 est amor siDei, & proximi: ideo primo magister ascribit
1140 588 2003 637 hanc victoriam caritati Dei. Secundo caritati proximi,
1128 628 1989 676 ibi, Non valentes studiosorum. Quia magister dicit in lit
1136 669 1999 706 tera penultimae particulae istius lectionis, quod vult theo.
1144 706 1995 758 ogicarum inquisitionum abdita aperire. ldeo quaero hac
1146 746 1349 811 quaestionem,
1368 820 1883 907 Quaestio. I prologi
1335 909 1785 990 An Theologia sit scientia.
1368 1234 1980 1313 Trum Theologia sit scientia. Et videtur
1374 1304 1976 1346 quod non. Quia quod non est vna scien¬
1380 1341 1991 1385 tia, non est scientia: sed theologia non
1386 1370 2009 1425 est vna scientia, ergo &c. Maior patet, quia
1382 1414 1978 1458 per idem habet aliquid esse, & vnum es¬
1377 1440 2009 1495 se, vt patet 4. metaph cadem est enim ra
1134 1494 1977 1534 tio hominis, & vnius hominis, vt dicitur in 1. elenc. Pro¬
1142 1530 1986 1577 patur minor, quia dicit comment. super 4. metaph. quod
1136 1567 2008 1608 eadem scientia non potest determinare de aequiuocis.
1140 1608 2008 1656 Et idem commentator in de Substantia orbis ait, quod
1131 1655 1975 1700 omnia, quae dicuntur de supercaelestibus, & inferioribus
1144 1687 1983 1733 licuntur modo aequiuoco, sed creator, & creatura, de qui
1143 1731 1973 1778 us tractat theologia, plus distant, quam supercaelestia. &
1141 1762 1272 1817 nferiora.
1166 1779 1975 1858 Contra, ille habitus, qui considerat subiectum vere in
1130 1819 1975 1891 telligibile, & summe speculabile sub ratione determina¬
1128 1883 1982 1927 ta, & speciali, est habitus specificus : sed theologia est hu¬
1141 1925 1983 1969 usmodi, vt supra patuit, ergo &c. In ista quaestione quat¬
1132 1958 1987 2006 tuor sunt videnda. Primum vtrum theologia sit scientia.
1144 2003 1968 2049 pecundum vtrum in tali scientia artituli fidei sint princi
1136 2038 1982 2084 pia. Tertium vtrum ex hoc sequatur, quod sit scientia sub
1134 2078 1902 2139 alterna. Quartum, vtrum proprie dicatur sapientia.
1301 2158 1772 2220 RESOLVTI O
1134 2207 1982 2291 celligitur tandem, quod Theologia viatoris est vera scientia, non
1167 2272 1974 2322 tamen sicuti naturascibilis patitur, sed sicut natura scientis,
1164 2314 1990 2364 ciuius principia sunt articuli fidei. vnde Theologia, large loque
1177 2348 1878 2412 do, scientia sub alterna, at proprie, sapientia diti potest.
1287 2434 1832 2493 ARTICVLVSL
1330 2513 1800 2597 Vtrum Theologia sit scientia.
1220 2600 1984 2683 VANTVM ad primum articulum tenebo, quod
1140 2661 1976 2716 T aliquo modo sit scientia: licet non vsquequaqui
1137 2714 1976 2754 proprie dicta. Sed contra hoc duae sunt opiniones extre¬
1148 2748 1974 2796 mae, quarum vna ponit, quod sit scientia proprie dicta, A
1136 2783 1974 2835 tera, quod nullo modo sit scientia. Primam opinionen
1149 2819 1986 2870 mul ti nituntur multipliciter declarare . Primo ex dictis
1152 2858 1565 2924 quorundam potest argui sic.
1179 2900 1995 2950 Si theologia non esset: scientia, tuc frustra laborarent
1143 2924 1985 2986 studentes in ea : sed consequens est inconueniens, & con
1137 2975 1382 3034 sequentia patet.
1167 2988 1989 3073 2 Praeterea si non esset scientia, hoc esset pro tanto,
1155 3057 1995 3110 quia non est dare passionem differentem a suo subiecto,
1144 3108 1987 3158 quae de ipso demonstraretur: sed hoc non impedit: quia
