2338 3517
471 209 1315 279 veror gratia ex eo, quod omnes creaturae sunt ab vno Deo,
471 269 1315 319 non distinguerentur creaturae inter se, nisi ex vi creatio¬
471 309 1318 358 nis distinctae naturae, & principia distinctiua creaturis con
453 350 1305 389 municarentur: sed istis duabus personis communicaretur
462 391 1306 439 vna natura, & duae relationes, ex parte ergo naturae non
462 423 1307 476 distinguerentur, quia esset tantum vna, nec ex parte rela
468 463 1308 512 tionum: quia in eadem persona essent incompossibiles
462 502 1305 552 non enim plus repugnat passiuum passiuo, quam actiuum
459 545 1310 595 actiuo, Sed actiua generatio, & actiua spitatio non pone¬
459 587 1308 641 rent distinctionem in producente, ergo nec possiua gene
467 615 1001 664 ratio, & passiua spiratio in producto.
491 630 1296 712 Ad quartum dscunt, quod non oportet, quod si amo¬
476 700 1296 752 praesupponat verbum, quod propter hoc verbum debea
458 734 986 787 poni principium amoris effectiuum
501 772 1305 830 Sed quamuis illa solutio valeret de verbo, & amore
456 815 1296 866 quae scilicet verbum & amor re absoluta ab inuicem di¬
464 857 1295 909 stinguuntur, puta prout sunt in nobis; loquendo tamen
459 893 1307 947 de verbo, & amore, quae sola ratione originis distinguun¬
452 938 1301 983 tur, oportet necessario quod amor sit verbum, praesuppo¬
462 978 1299 1036 nat, quod etiam ab ipso procedat, vt ex tali processione
446 1007 896 1062 innascatur distinctio relatiua,
489 1046 1292 1104 Ad quintum respondent quidam alij, & negant mino¬
452 1086 903 1143 rem, quo ad ambas suas partes.
476 1120 1286 1177 Ad primam probationem dicunt, quod falsum assumi¬
448 1176 1294 1224 tur, quia intellectus siue natura in diuinis, & voluntas non
447 1208 1287 1262 differunt sola ratione, sed formaliter ex natura ret. Secun
447 1247 1281 1292 do dicunt, quod dato, quod ita esset, adhuc non sequitu
447 1286 1295 1337 quod filius & spiritus sanctus sola ratione differant: quia
446 1333 1293 1373 non oportet tantam distinctionem esse in principiis, sicut
447 1368 1293 1419 in principiatis. Duae namque ideae sola ratione differunt
440 1407 1282 1461 in mente diuina, & tamen duo ideata realiter differunt
486 1443 1289 1491 Ad probationem secundae partis dicunt eodem mo¬
447 1486 1290 1538 do quod non oportet relationes, quae sunt in principio
447 1527 1281 1565 tantum distinguere illud, in quo sunt, sicut relationes;
444 1567 1290 1616 quae sunt in principiatis, & addunt, quod non est simile:
441 1599 1286 1645 quia simpliciter est impossibile eandem personam acci¬
446 1650 1281 1695 pere bis esse secundum duas perfectas productiones, sed
446 1686 1284 1734 non est impossibile vnam personam producere duas per¬
443 1717 1275 1766 sonas secundum duas perfectas productiones, & ideo quam¬
431 1763 1280 1819 uis relationes productorum constituant distinctas perso¬
441 1805 1215 1849 nas, non tamen relationes, quae sunt in producente¬
452 1830 1274 1880 Sed prima earum solutio non valet: quia superius di¬
437 1864 1274 1929 stin. 8. probatum est, que in diuinis inter absoluta non est
428 1915 1280 1956 dare distinctionem, nisi solam rationis, Nec secunda so¬
435 1953 1281 2008 lutio valet: quia quando aliqua producuntur, quae indi¬
429 1991 1269 2040 stincta sunt naturaliter a producentibus, ac etiam intel
435 2030 1266 2080 se, tunc non potest esse maior distinctio in productis, qua
434 2069 1272 2126 in producentibus, sed supposita diuina producta sunt eius¬
438 2106 1272 2167 dem naturae & inter se, & cum producentibus, ergo &c.
441 2147 1274 2203 Propter quod etiam exempla non sunt ad propositum:
438 2190 1266 2240 quia ideata, & inter se differunt naturaliter, & a suis ideis;
432 2230 1263 2286 & ipsis ideatis communicantur principia, quibus forma
435 2264 1274 2324 liter distinguutur, & quibus vnum alteri repugnat, quod
435 2307 1128 2351 non fieret in proposito, sicut patet per praedicta.
473 2345 1256 2401 Ad illud, quod dicunt contra alterius membri proba
419 2388 1272 2429 tionem, dico quod bene volo, quod in producente non
420 2428 1268 2475 distinguant relationes disperatae: Sed hoc volo, quod si
416 2458 1261 2515 distinguant in suo modo passiuo, sicut tu ponis, quod tuns
428 2504 1266 2558 necessario distinguant in suo esse, seu modo actiuo: quia
423 2538 1263 2600 cum actus sit, qui distinguit, impossibile esse videtur, quod
420 2585 1256 2634 aliqua secundum suum esse passiuum sint magis distin¬
416 2620 1255 2675 ctiua quam secundum oppositum modum, puta secundi
411 2655 1259 2709 suum modum, quo actiua appellantur. Et cum dicis quod se¬
417 2701 1267 2756 quitur hoc impossibile, quod idem produceretur bis dua
463 2739 1218 2796 bus productionibus perfectis, dico quod hoc im¬
493 2780 1184 2833 possibile sequitur ex radice positonis tuae, pu¬
530 2813 1150 2872 ta, quod filius non producat spiritum san
651 2852 1024 2908 ctum, & non sequitur ex
741 2890 917 2944 dictis meis
462 2905 1207 2991 Ad sextum, & septimum non inueni solutiones,
558 2967 1104 3033 quae sint alicuius ponderis, ideo, eas
708 3010 947 3070 non conscripf¬
1473 219 2094 299 ARTICLVLV S LIII.
1464 302 2103 389 Ponuntir motiua oppositc opinionis or
1619 373 1934 438 respo ndetur ad ea
1379 438 2197 525 ED multi doctores contrariae opinionis suam partem
1355 478 2069 565 O nituntur multipliciter persuadere. Primo sic
1361 526 2201 602 1 Quaecumque differnnt a tertio alia, & alia differen¬
1351 587 2306 640 tia reali, illa sunt distincta inter se; sed dato, quod spiritus Opin¬
1349 626 2301 682 sanctus non procederet a filio, adhuc filius, & spiritus san traria¬
1349 663 2198 721 ctus differrent a patre alia, & alia differentia reali, dif¬
1352 700 2188 760 ferret enim filius ab eo per filiationem oppositam suae pa¬
1344 746 2194 811 ternitati, & spiritus sanctus per spirationem passiuam op¬
1347 782 1824 836 positam suae spirationi actiuae.
1362 824 2185 878 2 Praeterea, distinctae relationes reales requirunt ter¬
1343 860 2181 904 minos realiter distinctos, sed paternitas, & spiratio acti¬
1343 903 2191 957 ua, sunt distincte relationes, ergo dato, quod spiritus sanctus
1350 943 2177 994 non procedat a filio, adhuc illae duae distinctae relationes
1335 975 2187 1036 in persona patris existentes terminabuntur ad duos ter¬
1344 1023 2184 1080 minos realiter distinctos, qui non poterunt esse alij quam
1330 1057 1839 1111 filius, & spiritus sanctus, ergo &c.
1355 1073 2181 1152 3. Praeterea, vnumquodque magis, & formalius distin
1340 1140 2183 1192 guitur ab aliis per illud, quod est sibi magis proprium, sed
1344 1183 2177 1231 nunc in filio tria considero, scilicet essentiam, spiratione
1335 1218 2190 1274 actiuam, & filiationem. Essentia autem est communis tri¬
1331 1255 2185 1311 bus, spiratio communis duobus, puta sibi, & patri, sed fi-
1341 1289 2187 1350 liatio est sibi propria, personalis, & incommunicabilis
1332 1340 2179 1389 proprietas, ergo filius per suam filiationem distinguitur
1329 1380 2185 1434 ab omnibus aliis. Dato ergo, quod non procederet spiri¬
1329 1413 2082 1464 tus sanctus a filio, adhuc distingueretur ab eo, &c
1344 1442 2174 1508 4 Praeterea, impossibile est, quod vna persona accipiens
1341 1487 2177 1549 vnam, & eandem naturam duabus processionibus proce¬
1329 1524 2180 1586 dat, nam, & si filius procedit generatione aeterna, & tem¬
1335 1576 2179 1626 porali, hoc tamen non est secundum eandem naturam:
1332 1608 2181 1665 Sed in diuinis sunt duae processiones, ergo dato, quod spiritus
1323 1642 2178 1706 sanctus non procedat a filio, adhuc personae proceden¬
1323 1686 1878 1741 tes erunt distinctae realiter, ergo &c
1401 1701 2178 1782 Praeterca, relationes aeternae in diuinis non sunt ac¬
1328 1764 2181 1824 cedentes, nec assistentes, sed subsistentes personae: illud
1329 1808 2166 1863 ergo quod sufficit ad hoc, quod sint plures relationes in di¬
1319 1845 2169 1903 uinis, hoc sufficit ad distinctionem personarum in diui¬
1322 1884 2172 1941 uinis, sed diuersitas illarum actionum, scilicet generatio¬
1322 1927 2178 1981 nis, & spirationis sufficit ad diuersitatem relationum quia
1318 1960 2181 2023 ad illam, quae est generatio sequitur paternitas in produ¬
1316 1998 1794 2056 cente, & filiatio in producto &c
1338 2018 2167 2103 e Praeterea, filius per hoc, quoed a patre generatur est per¬
1313 2070 2170 2141 sona in diuinis, ergo spiritus sanctus per hoc, quod a patre ipi
1320 2125 2169 2182 ratur erit persona distincta circumscripto quocuque alio,
1323 2158 1736 2203 consequentia patet a simili¬
1325 2180 2167 2258 3 Praeterea, illud quod in diuinis in vna persona stat
1325 2236 2163 2285 tum vno oppositorum, in alia persona potest stare cum
1311 2281 2159 2332 altero oppositorum, nisi ex se habeat ad ipsum naturale
1305 2318 2172 2362 repugnantiam, vnde eadem communis notio stans in pa¬
1311 2358 2167 2415 tre cum paternitate, stat in filio cum filiatione eo, quod
1314 2401 2164 2454 ad filiationem non habet naturalem repugnantiam: sed
1311 2439 2157 2496 generari in persona filij stat cum spirare, & in nulla perso
1313 2479 2157 2532 na generari potest stare cum spirari, quod est oppsitum ip
1316 2510 2160 2573 sius spirare, ergo generari, & spirari ex se sibi mutuo repu¬
1308 2555 2157 2611 gnant, & ab inuicem distinguuntur, & per consequens
1326 2593 2160 2651 ersonam filij, & spiritus sancti possunt distinguere, dato,
1316 2627 1782 2681 quod vna ab alia non procedat.
1328 2651 2158 2729 3 Praeterea, si spiritus sanctus procederet a solo filio,
1302 2702 2164 2769 & non a patre, adhuc distingueretur a patre, ergo dato,
1308 2754 2160 2807 quod procedat a solo patre, & non a filio, adhuc distingue
1305 2795 2151 2848 retur a filio, consequentia patet a simili: antecedens pro¬
1305 2826 2159 2876 batur: quia si spiritus sanctus non differret a patre, tunc
1299 2864 2150 2929 ipse esset pater filij, a quo tamen supponitur processisse,
1302 2911 2157 2971 quae non solum sunt impossibilia, verumetiam incom¬
1303 2935 1460 2991 possibilia.
1310 2954 2145 3043 S Praeterea, distinctae relationes reales inconmunicabi¬
1295 3021 2155 3078 les, & incompossibiles in eodem supposito sufficiunt ad rea
1311 3067 2163 3127 em distinctionem personarum, sed generari, & spirati
