2337 3512
510 160 1389 252 quia debet addi ad finem maioris, vel nisi ipsum, & opposi
522 222 1385 285 tum illius cum quo se compatitur, sint personales, & per
525 268 1395 330 consequens incommunicabiles proprietates. Si autem
519 296 1383 371 hic ordo, quem nunc credimus esse in diuinis, ex tua sup¬
525 344 1383 411 positone mutaretur, puta, quod spiritus a filio non proce
528 374 1378 454 deret, tunc dico quod ipsum spirari nihil esset, eo quod pa
528 415 776 468 ter nihil spiraret
567 446 1383 516 Ad octauum dicendum, quod in consequente non so¬
525 494 1371 562 lum assumitur impossibile, sed incompossibile: quia cum
522 532 1376 602 filius omne posse, & agere habeat a patre, dicere, quod fi-
524 576 1375 634 lius ad intra, vel ad extra aliquid producat, quod pater non
519 612 1365 679 producit, est planissima contradictio: quia est dicere filium
518 659 1372 715 non esse filium. Concessis tamen his, adhuc dico, quod
512 691 1365 762 non est simile de illo consequente ad illud antecedens
519 735 1365 799 quia si solus filius produceret spiritum sanctum, tunc spiri
504 772 1365 828 tus sanctus, & pater se haberent sicut productum, & impro
509 805 1369 877 ductum, & ideo necessario differrent: sed si solus pater, tumo
509 843 1359 907 spiritus sanctus, & filius ambo essent producti a patre. 8
513 889 1361 946 ergo uis, quod similitudo currat, tunc addas impossibi¬
504 917 1357 992 le impossibili, & supponas, quod filius producat patrem, & spi
500 965 1354 1033 ritum sanctum, tunc dicere tibi connexe ad praecedentia.
501 998 1355 1065 que pater & spiritus sanctus non essent, nisi vna persona pro¬
496 1044 1353 1107 ducta: quia si hoc dato, sicut tunc in filio compaterentur
498 1080 1358 1158 se duae relationes actiuae, sic in illo vno producto se com¬
492 1121 1032 1173 paterentur duae relationes passiuae.
536 1152 1348 1228 Ad nonum dicendum, quod minor est falsa: quia supponit
495 1185 1347 1254 ipsum spirari esse, dato, quod spiritus sanctus non procederet
498 1242 1348 1296 a filio: quia, vt probaui, spirare non maneret ex parte patris:
492 1271 1343 1334 sed vno relatiuorum non manente, non manet reliquum
494 1309 1351 1379 Omnes etiam probationes eius deficiunt. Prima, quia non
489 1348 1351 1422 sequitur A. non includit. 8. formaliter, ergo est distinctum
492 1396 1344 1454 ab eo, loquendo de distinctione reali, de qua in praesenti
477 1427 1345 1502 loqueris; paternitas enim diuina non includit diuinam es
476 1470 1332 1531 sentiam formaliter, & tamen non differt ab ea realiter, &
483 1507 1342 1573 eodem modo de sapientia diuina respectu bonitatis. In
482 1543 1330 1612 alijs uero duabus probationibus petit, quid est in principio.
519 1589 1030 1646 Ad decimum patet per iam dicta
522 1622 1342 1697 Ad argumentum etiam principale patet. Posset etiam
476 1651 1331 1730 dici, quod licet spirare non sit de ratione filiij, vt filius est,
479 1706 1330 1769 est tamen de ratione filij, vt a spiritu sancto distinctus est rela
477 1736 1326 1813 tiue; sicut licet albedo non sit de ratione Sortis, ut Sor¬
476 1783 1330 1853 tes est, est tamen de ratione eius, ut a Platone nigro di¬
472 1815 647 1864 stinctus est.
539 1899 1246 1977 DISTINCTIO SIR ETSIII.
462 2003 1317 2089 Secundae particulae tractatus de processione spiritus
503 2055 1267 2134 sancti distincta, & clara duisio, duarumque di¬
546 2096 1217 2183 stinctionum non inepta subdiusio, n qui¬
603 2145 1163 2227 bus de eadem processione agiti
766 2205 996 2270 comparatiue.
780 2274 1305 2357 TEM QVAERITVR &c. Postquam
785 2331 1305 2402 Magister determinauit de filii ge¬
777 2379 1296 2443 neratione, & spiritus sancti proces¬
776 2413 1308 2479 sione secundum se; nunc prosequi¬
777 2458 1291 2519 tur de eis comparatiue. Et diuidi¬
782 2501 1291 2552 tur in duas partes: quia primo inqui
774 2524 1288 2597 rit aliqua de processionis ordine
764 2565 1299 2629 Secundo de distinctione processio¬
431 2602 1286 2661 nis a filij generatione ibi, Post haec considerandum. Pri¬
437 2647 1288 2714 ma in duas: quia primo simul mouet duas quaestiones, Se
431 2680 1287 2750 cundo ponit ad illas quaestiones distinctas responsiones.
431 2716 1289 2794 Secunda ibi, His huiusmodi. Et haec diuiditur in tres par¬
429 2763 1278 2829 tes: quia primo quantum ad primam quaestionem osten¬
434 2795 1287 2871 dit, quod spiritus sanctus non procedit prius a patre, quam
428 2835 1286 2906 a filio. Secundo quo ad secundam quaestionem ostendit,
428 2885 1280 2948 quod spiritus sanctus non procedit magis a patre; Et ter¬
416 2916 1275 2983 tio ostendit sub quo sensu intelligendae sunt aliquae au¬
425 2953 1276 3024 ctoritates, quae praedictis uidentur obuiare. Secunda ibi,
426 2992 1273 3073 Nunc autem tractandum. Tertia ibi, Aug. tamen in 1s. li¬
1424 199 2328 261 de tri. Tuc sequitur, Prius haec considerandum &c in qua ma¬ lib
1433 254 2341 318 gister innuit distinctionem inter generationem, & processio: Disi
1434 294 2268 357 nem. Et diuidit in duas partes: quia primo ostendit, quod spiri¬
1430 327 2259 401 tus sanctus non debet dici genitus. Secundo ostendit, quoi
1434 364 2265 432 licet spiritus non sit genitus, ex hoc tamen non debet
1424 407 2263 473 dici ingenitus ibi, Nunc considerandum est. Prima in
1428 450 2269 507 tres: quia primo ostendit, quod nasci, seu generari non
1437 483 2258 549 potest competere spiritui sancto. Secundo ostendit, quod
1434 529 2261 595 procedere conuenit filio, cui tamen proprie conuenit ge
1421 568 2255 623 nerari. Et tertio ex his innuit differentiam inter genera¬
1419 594 2249 661 tionem, & processionem, quamuis sufficienter huiusmo.
1419 641 2255 702 di distinctionem attingere non possumus in ista vita mor
1422 682 2257 750 tali. Secunda ibi, Cum autem spiritus sanctus. Tertia ibi,
1428 717 2256 784 inter generationem vero filij. Tunc sequitur illa pars.
1413 751 2246 822 Nunc considerandum, vbi primo spiritum sanctum non
1411 790 2244 854 debere dici ingenitum ostendit ex dictis Aug. Secundo
1407 839 2248 893 obijcit ex dictis Hiero. Tertio respodet huiusmodi obie
1410 869 2240 940 ctioni, Secunda ibi, Hiero, tamen in regulis. Tertia ibi
1410 904 2237 972 Sed vt istam &c.Et haec in duas. Nam primo ponit prae¬
1409 947 2233 1014 dictae obiectionis solutionem, Secundo addit suae solu¬
1403 987 2244 1050 tionis confirmationem, ibi. Quod autem &c. Quantum
1400 1029 2156 1087 ad istas duas distinctiones quaero hanc quaestiouem
1688 1105 2035 1202 Questio.
1490 1195 2164 1285 An filij generatio sit prior spiratione.
1690 1256 1936 1321 spiritus sancti.
1622 1575 2209 1640 TRVM GENERATIO filij fit prios
1619 1621 2207 1675 spiratione spiritus sancti. Et videur quod
1634 1657 2211 1725 ic, quia illud, cuius terminus est princi¬
1626 1695 2214 1759 pium spirationis, hoc est prius spiraeione
1628 1734 2201 1799 sed generationis terminus, puta filus, in
1583 1784 2201 1843 Tdiuinis est principium spirationis, erga &c
1388 1808 2207 1873 Contra, sicut se habet filius ad spiritum sanctum, ic se
1364 1845 2199 1919 habet generatio ad spirationem, sed filius non potst e¬
1368 1883 2201 1954 se prior spiritu sancto, ergo nec generatio erit priorpro¬
1358 1934 2190 1990 cessione, siue spiratione: maior patet: quia sicut se labes
1356 1965 2204 2031 terminus ad terminum, sic se habet via ad viam: mnor si
1364 2005 2196 2072 militer patet: quia non maiorem prioritatem habet filusre¬
1352 2045 2185 2103 spectu spiritus sancti, quam pater respectu filij: sed sinerius
1365 2085 2279 2154 probatum est, quod pater non est prior filio, ergo &c. Hic lib. 1
1355 2125 2291 2186 quattuor sunt videnda. Primo de eo, quod quaeritir. Se: Dist. 8
1352 2163 2180 2235 cundo quantum ad dist sequentem videndum est, itrun
1358 2198 2179 2274 generatio, & spiratio differant realiter. Tertio vtrim ex
1356 2245 2174 2309 rum distinctio magis assimiletur distinctioni speifica
1358 2279 2184 2345 vel numerali. Et quarto vtrum spiritus sanctus posst dici
1346 2309 1971 2374 ingenitus, sicut videtur dicere P. Hiero.
1539 2394 2011 2480 RESOLVTIO.
1343 2473 2187 2558 Licet spiratio actiua quo quomodo praesupponat gtneratinem in
1375 2517 2175 2599 diuinis, non tamen ob id inter has notiones ussa vealis aeguitur
1380 2561 2186 2637 prioritas; generatio tamen &x spiratio vtaliter dist insui pos¬
1373 2602 2177 2672 sunt, saltem indirecte, quarum emanationum distinctu distin¬
1375 2632 2181 2723 ctioni secundum numerum assimilatur : verunt amen abusius
1371 2676 1842 2748 spiritus sanctus ingenitus uocitatur.
1478 2751 2027 2842 ARTICVLVS L.
1431 2834 2082 2930 Vtrum filij generatiosit prior spiratione
1605 2904 1869 2966 spiritus sancti.
1395 2976 2171 3054 VANTVM ad primum, utrum generatio filij sit prior
1428 3019 2164 3091 spiratione spiritus sancti, dictum est superius in
