2350 3536
403 190 1266 256 & euidentisfimam scientiam, vt patet ex primo dicto, sequi
413 244 1265 293 tur quod nostra theologia non sit large, sed proprie dict¬
414 276 1088 337 scientia: quod contradicit secundo tuo dicto
464 319 1274 368 Alij dicunt, quod habitus theologiae sunt tres. Vnus
414 360 1267 410 scilicet, quo cognoscuntur illa, quae in sacra scriptura po¬
418 405 1257 457 nuntur, & sic fides di theologia: quia quae in scriptura sa
424 437 1268 496 cra traduntur, sola tenentur auctor itate, quod pertinet ad
412 477 1269 524 fidem, & sic valde large theologia dicitur scientia. Alius
418 520 1259 578 est habitus, qui dicitur theologia defensiua, quo fides, qu
412 559 1263 616 ea, quae continentur in scripturis, declarantur, quo modo
420 600 1267 646 ait Augu. 14. de Trinit. Huic scientiae tantummodo il¬
422 641 1262 689 lud est tribuedum, quo fides saluberrima, quae ad beatitu
415 676 1263 730 dinem ducit, gignitur, defenditur, nutritur, & roboratur.
405 706 1256 774 Tertius habitus est, quo conclusiones sacrae scripturae de
418 753 1256 812 ducuntur ex articulis fidei, & illa dicitur theologia elici
416 795 1265 852 tiua. Et nec istis duobus modis; vt dicunt, theologia pote
405 835 1263 888 rit esse scientia; & hoc, vel ratione materiae in se, circa quam
414 874 1265 935 non potest fieri demonstratio, vel quia huic, scilicet viato
417 917 951 963 ri, eam demonstrare non possumus
459 951 1264 1004 bed nec isti benedicunt, tres habitus distinctos facien¬
417 987 1262 1040 do de theologia sic enim in qualibet scientia oporteret
408 1034 1269 1077 ponere tres huiusmodi habitus: eadem enim ratio hoc
409 1078 1263 1124 exigeret, metaphysica enim esset habitus contentiuus, vt
408 1111 1256 1167 continet ea, quae in ipsa traduntur: esset habitus defen¬
405 1152 1261 1196 siuus, prout declarat, & defendit sua principia: esset habi¬
405 1192 1261 1236 tus elicitiuus, vt ex principijs infert conclusiones: & eoden
409 1235 1262 1281 modo de logica & alijis scientijs. Et quod eorum distin¬
412 1270 1253 1322 ctio nulla sit, patet euidenter ex membrorum coincidet
405 1311 1254 1363 tia. Volunt enim, quod sit contentiua, vt continet ea, que
400 1353 1262 1400 traduntur in nouo, & veteri testamento: nunc autem no¬
414 1389 1262 1438 uum testamentum declaratur per vetus, & defenditur
406 1425 1256 1474 contra ludaeos, & vetus per nouum contra haereticos: er¬
414 1468 1252 1512 go primus modus, & secundus non videntur differre. Thec
411 1510 1253 1557 logus etiam raro potest aliqua conclusionem elicere, quod
415 1554 1257 1599 pertinet ad tertium modum, nisi declarando, quod pertinet
400 1586 1262 1632 ad secundum: ergo secudus modus, & tertius coincidunt
446 1627 1257 1676 His itaque praemissis, dico, quod theologia viatoris estvere
402 1665 1251 1714 scientia, non tamen sicut natura rei scibilis patitur: sed sicus
402 1706 1262 1756 natura scientis patitur: quia ille habitus qui pbat aliquid
406 1744 1256 1788 de suo subiecto: non minus infallibili ratione, quam oeco
405 1792 1251 1835 nomica, vel politica scientia de subiecto suo, ille, inquam
402 1821 1251 1870 habitus est vere scientificus, seu vera scientia: sed habitus
399 1868 1251 1917 theologicus est huiusmodi, ergo &c maior patet, quia eo
405 1900 1243 1950 quod certa ratione, modo, quo certitudo pot sumi in mo
402 1939 1246 1989 rali negotio, probat oeconomica, vel politica aliquid, di
396 1980 1246 2021 suo subiecto igitur vere dicuntur scientiae sic a simili pro
402 2018 1250 2065 bo minorem, faciendo talem svllogismum. Oomne idi
400 2066 1244 2107 quod habet rationem vltimi finis, est summum bonum, &
399 2102 1248 2148 poterit animam rationalem secundum totum suum desi
404 2140 1245 2181 derium beatifice satiare: sed Deus, qui est noster glorificai
402 2182 1247 2225 tor: habet rationem vltimi finis: ergo est summe bonus;
398 2220 1244 2270 & poterit animam beatifice satiare. Maior nota est, quia
402 2257 1248 2312 vltimus finis non potest reserri in alterum, & oportet, quod
393 2296 1238 2343 sit summum bonum, & per consequens poterit satiare
405 2343 1241 2392 inimae desiderium. Minor ex se patet, quia hoc nomen
401 2375 1244 2423 glorificator, vel beatificator, sitio quodcumque aliud no¬
397 2418 1232 2464 men exprimens rationem specialem illius scientiae: ne
402 2456 1247 2496 cessario ipsam exprimit in ordine, ad fine, sicut patuit
398 2490 1238 2540 in quaestione proxima praecedente. Patet igitur, quod
390 2538 1245 2578 passio, vel aliquid loco passionis se habens, non minus
384 2572 1244 2617 efficaci ratione probatur de subiecto istius scientiae, quam
399 2616 1236 2667 possit probari de subiecto scientiae moralis : ergo ista
403 2644 926 2693 non erit minus scientia, quam illa¬
426 2684 1241 2745 Forte dicetur contra me, sicut contra alios, quod illa,
390 2728 1233 2783 quae traduntur in Theologia, non ostenduntur demon¬
384 2766 1229 2810 stratiue. Cum igitur demonstratio sit svllogismus facien
394 2800 785 2857 scire, illa non erit scientia.
422 2842 1226 2897 Respondeo, aut per demonstrationem intelligis po¬
384 2886 1235 2927 tissimam demonstrationem, & sic solum mathematica
388 2925 1225 2966 esset scientia: quia ipsa sola potissime demonstrat, & es
390 2962 1233 3018 in primo gradu certitudinis, vt patet per Auer. Aut intel
394 3003 1232 3043 ligis per demonstrationem svllogismum efficaciter con¬
381 3043 1232 3107 cludentem, quamuis procedat ex aliquibus suppositis, &
1320 193 2176 262 non omnino ex primis: sic rationes theologicae possunt
1316 251 2174 305 dici demostrationes, vt patuit in svllogismo praecedente.
1330 294 2155 344 Dices iterum, quod tales svllogismi non sunt vbique
1310 330 1517 385 in theologia.
1335 355 2168 426 Dico, quod eodem modo nec in alijs scientijs: quia in rei ve
1305 409 2166 454 ritate, siue sit logica, siue naturalis philosophia, siue me¬
1318 454 2153 497 taphysica, siuc quaecumque alia scientia, vbi vnam conti
1306 495 2159 541 net rationem efficacem, mille continet verba, quae sun
1317 534 2167 581 vel falsa, vel inutilia, vel saltem non concludentia neces¬
1319 567 2153 621 sario; & vix etiam probabiliter saepissime videntur infer
1308 608 2162 652 re: rarissime enim in his habitibus (quos appellamus scien
1308 652 2162 702 tias proprie dictas) aliquid demonstratur potissime, quod
1330 690 2162 729 atet ex hoc, quod raro in eis aliquae positiones tam cer¬
1309 729 2162 778 tae reperiuntur, circa quas non sint oppositae opiniones.
1317 766 2161 813 Vnde si quis sedula meditatione reuolueret varietatem
1308 810 2156 864 opinionum, quasi in singulis passibus philosophiae, magis
1311 846 2152 888 videremur in philosophia habere opinionem, quam scie
1308 888 2162 941 tiam, vel non minus habere scientiam in theologicis,
1315 929 2160 973 quam in philosophicis. Quis enim hodie viuit, qui com¬
1314 966 2155 1005 plete, & uiffinitiue cognoicat quidditatem minimi ter¬
1305 1008 2156 1056 mini philosophiae, puta quidditatem vnius formicae: Om
1305 1046 2162 1086 nes enim philosophi, cum volunt diffinire differentiam
1312 1082 2153 1136 substantialem, circuloquuntur per aliquod accidens, quod
1312 1124 2159 1166 est manifestum signum ignorantiae differentiae substantia
1302 1156 2156 1214 lis; & per consequens totius quidditatis. Nec mirum, quod
1300 1203 2159 1246 alia ignoramus: quia nec nos ipsos cognoscimus: quia
1315 1240 2173 1292 Auerroes, quem quasi totus mundus in philosophia se¬
1314 1280 2171 1323 quitur, dixit animam intellectiuam non esse formam sub
1299 1317 2146 1361 stantialem corporis humani, sed esse vnam solam talen
1299 1361 2153 1404 animam in omnibus indiuiduis hominibus. Alij anima¬
1305 1400 2159 1449 rum posuerunt circulationem. Alij animam intellectiuam
1302 1439 2159 1481 dicebant essc corruptibilem. Sed taceo Qentiles: hodie¬
1311 1479 2150 1524 atet quanta de nobisipsis sit diuersitas apud doct. Chri¬
1305 1513 2158 1561 stianos. In Anglia enim tenetur, quod in homine sint
1302 1557 2157 1608 plures formae snbstantiales; & oppositum eius tamquam
1302 1601 2150 1641 erroneum condemnatur. Parisiis vero totum oppositum
1305 1636 2147 1689 tenetur. Et similiter de potentijs animae, quibus intelligi
1300 1676 2147 1721 mus, & volumus, quanta est differentia opinantium, quis
1293 1714 2147 1758 sufficit enarrare: Alijs dicentibus, quod sint idem, quod
1293 1760 2154 1804 essentiae animae, Alijs, quod differant ab essentia animae
1294 1794 2143 1835 reabsoluta. Alijs, quod sint quidam respectus fundati in essen¬
1299 1834 2146 1878 tia animae. Alijs, quod sint quedam habilitates animae re ali¬
1302 1878 2143 1920 ter idem existens cum ipsis actibus animae: His igitur, &
1300 1915 2150 1964 ceteris positonibus philosophiae consideratis, patet quod
1296 1952 2147 2002 vel nihil, uel valde modicum scimus, loquendo de scare
1292 1986 2152 2034 ita stricte, sicut videntur loqui de scientia rationes pro¬
1299 2028 1989 2071 bantes, sacram theologiam non esse scientiam
1317 2071 2154 2125 2 Praeterea arguo ad idem sic. llle habitus videtur es¬
1286 2111 2157 2151 se scientificus, qui sufficienter soluit, & destruit omnes
1298 2151 2143 2199 obiectiones, quae fieri poterunt contra veritates in ipso
1287 2191 2144 2234 consideratas: theologia est huiusmodi, ergo &c. maior pa
1290 2226 2149 2274 tet 3. metaph vbi dicitur, quod soluere non est ignoran
1290 2267 2144 2309 tis vinculum: quia sicut ibi dicitur, solutio dubitatorum
1294 2303 2147 2356 est manisestatio veritatis, Sed minor probari potest, re s¬
1306 2348 2141 2394 ondendo instantijs, quae communiter fiunt contra ipsam.
1323 2384 2143 2421 Arguunt aliqui primo sic Quandocumque sufficien¬
1287 2423 2138 2467 ter soiuitur ratio facta contra aliquam conclusionem, tuno
1293 2467 2138 2517 ex ipsa solutione ostenditur, quod conclusio non est impossi
1282 2501 2129 2547 bilis: sed ad non impossibile sequitur possibile in primo
1289 2548 2135 2589 angulo modalium: ad possibile vero in diuinis, quo ad il¬
1294 2583 2136 2626 a, quae Deo intrinsece conueniunt, sequitur necesse: quia
1291 2623 2134 2667 quo ad Dei intrinseca omnino verificatur illud 3. physi¬
1283 2665 2133 2717 corum cum dicitur: In perpetuis non differt esse, & posse
1282 2697 2134 2753 si ergo possemus sufficienter soluere rationes factas con¬
1278 2740 2119 2793 tra articulum trinitatis, tunc possemus demonstrare, tri
1285 2780 1899 2831 nitatem necessario esse in diuinis.
1294 2816 2129 2867 2 Praeterea cuius propositum non potest sufficienter
1281 2857 2127 2912 probari; eius etiam oppositum non potest sufficienter im
1294 2893 2120 2953 probari, sed propositum fidei non potest sufficienter pro
1280 2943 2129 2991 bari, ergo non poterunt solui rationes contrariae sufficien
1275 2974 2049 3025 ter: alias oppositum fidei improbaretur sufficienter.
1318 3017 2127 3071 3 Praeterea, si soluis per interemptionem, oportet te
1277 3050 2119 3113 darc istantiam extra propositum: sed in tota rerum natu
