2380 3560
200 261 1067 332 patet, quod missio visibilis tria includit, scilicet diuinae
210 329 1067 374 personae aeternam emanationem, animae deuotae internam
207 368 1066 411 sanctificationem, & vtriusque scilicet emanationis, & san¬
209 403 1058 445 ctificationis externam apparitionem, seu manisestationem
207 442 1064 490 & hoc de facto, vel secundum aptitudinem: quia licet tali
212 484 1058 529 signo haec duo non semper manifestentur, tamen huius¬
220 521 1064 581 modi signum est aptum natum ad hoc, vt mediante ipso
213 562 604 612 haec manifestentur.
252 594 1064 653 Ex his etiam apparet quid dicendum sit ad illud, quod
209 644 1055 690 quaeritur in isto articulo. Nam patri non potest compe¬
198 677 607 727 tere visibilis missio.
207 718 1054 763 1 Quia cui repugnat inuisibilis missio, eidem repu
213 756 1057 811 gnat uisibilis missio, sed patri repugnat inuisibilis missio
200 802 1058 848 vt patet ex praecedentibus, ergo &c. Maior patet: quia cu
202 836 1054 886 repugnat inclusum, eidem repugnat includens, sed mis
201 877 1054 927 sio visibilis includit missionem inuisibilem, sicut ex ian
201 914 407 964 dictis patet.
205 952 1057 1007 2 Praeterea, cui repugnat emanatio, ei non competis
210 993 1055 1045 uisibilis missio. llla patet: quia cui repugnat emanatio, ei
210 1032 1046 1077 dem repugnat potestatis delegatio passiua, seu commu
209 1072 1054 1113 nicatio, quae necessaria est in misso, vel legato, sed patri ri
207 1111 1051 1164 pugnat emanatio, cum non habeat personam origine pri
207 1155 1056 1197 rem se, a qua possit emanare. Vnde si quandoque legitur, quo
220 1188 1055 1233 persona patris manifestauerit se in aliquo sensibili signo
212 1226 1055 1275 hoc non debet dici missio; sed potius apparitio: quia qua
216 1268 1058 1316 uis ei, qui habet auctoritatem autenticam a se, & non ab
204 1308 1070 1350 alio, repugnat mitti, vel legari; sibi tamen non repugnat
211 1349 654 1400 apparere, vel manifestari.
249 1395 1055 1435 De Filio autem, & spiritu sancto planum est in scriptu
219 1424 787 1471 ris, quod eis competat missio uisibilis.
258 1467 1064 1511 De filio enim dicit Apostolus, Misit Deus filium suum
219 1505 1071 1557 factum ex muliere, factum sub lege, vt eos, qui sub lege
213 1543 481 1587 erant redimeret.
255 1578 1065 1635 Et Daruch dicit de filio Dei. Post haec in terris uisus
217 1621 791 1665 est: & cum hominibus conuersatus est
245 1659 1053 1706 Etiam spiritus sanctus in sancto euangelio quater le
207 1705 1070 1757 gitur missus visibiliter, scilicet in columbae specie circa
209 1739 580 1790 Christi baptiaationem.
249 1778 1050 1821 In nube circa Christi transfigurationem.
255 1817 1064 1861 In flatu post Christi resurrectionem, cum insufflauit in
212 1859 1052 1904 Discipulos dicens, Accipite spiritum sanctum &c.
259 1894 1032 1938 Et in linguis igneis post CnR1S TI ascensionem.
253 1935 1069 1996 Ratio autem illarum visibilium apparitionum ex causa
213 1975 554 2029 finali potest assignari.
253 2013 1064 2067 Apparuit enim circa baptismum in specie columbae in
213 2054 1059 2105 signum innocentiae, quam debemus recipere, cum bapti
208 2105 1058 2145 aamur virtute illius, qui tunc baptixabatur, qui erat a
216 2137 773 2192 gnus Dei, qui tollit peccata mundi
262 2169 1066 2222 Circa transfigurationem apparuit in similitudine nu¬
204 2212 1071 2258 bis lucidae, vt signum haberemus futurae gloriae, quae reue
214 2255 1064 2312 labitur in nobis: dona enim gratiae & gloriae approprian¬
210 2290 495 2345 tur spiritui sancto
265 2330 1068 2384 Postresurrectionem autem, cum Christus dedit Apo¬
212 2368 1061 2421 stolis potestatem remittendi peccata, missus est eis spiri¬
211 2410 1067 2452 tus sanctus in specie venti, seu flatus, in signum quod Apo
212 2448 1077 2506 stoli tantae potentiae receperunt ibi virtutem, qua omnia
223 2489 1068 2539 peccata nostra possent exufflare. Vnde dictum est eis a
212 2526 1062 2580 Christo, Accipite spiritum sanctum, quorum remiseri
224 2565 1066 2627 tis peccata remittuntur eis, & quorum retinueritis re¬
219 2606 393 2658 tenta sunt
264 2644 1073 2696 Sed post ascensionem missus est Apostolis in linguis
223 2680 1073 2737 igneis, vt ex uisibili signo appareret, quod Apostoli esse
228 2722 1061 2774 debebant uerbis proflui, & caritate feruidi: quia in om
219 2767 1069 2815 nem terram debebat exire sonus eorum, & in fines orbis
227 2804 514 2854 terrae verba eorum
264 2840 997 2887 Sed forte contra illam conclusionem dicetur sic.
274 2883 1071 2929 lilud, quod omnino est inuisibile, hoc non potest uisi¬
224 2923 1076 2972 biliter apparere sine fictione, sed spiritus sancti persona
229 2966 1070 3004 est simpliciter inuisibilis, iuxta illud, quod dicitur. Lucem
218 3002 1071 3047 inhabitat inaceessibilem, quem nullus hominum uidit;
231 3038 1070 3088 sed nec videre potest. Et spiritui sancto non conuenit ali¬
227 3086 1070 3132 quafictio, cum ipse sit spiritus veritatis, vt dicitur in
212 3116 1070 3172 euangelijs, & spiritus sanctus disciplinae effugiet fictum
1101 283 1281 339 ut dicitur.
1119 334 1958 382 2 Praeterea, si spiritus sanctus esset missus in aliqua ui¬
1108 372 1957 426 sibili creatura, runc preter modos comunes, quibus Dens
1111 414 1957 465 est in omni creatura per essentiam, potentiam, & praesen¬
1108 456 1969 494 tiam, spiritus sanctus, esset in illa creatura, in qua mit¬
1109 487 1958 544 teretur, hoc autem esset vel per gratiae infusionem, vel
1115 533 1953 575 per illius creaturae in vnitatem suppositi assumptio¬
1120 564 1954 611 nem, uel per repraesentationem, puta quod esset in re, sicut
1114 604 1247 656 in signo.
1105 650 1954 702 Non primo modo: quia talis creatura cum non sit ra¬
1113 684 1673 732 tionalis, non est capax gratiae.
1138 727 1946 771 Nec secundo modo: quia tunc creatura irrationalis es
1113 764 1958 818 set assumpta a diuino supposito, quod nullus sanae mentis
1111 799 1255 852 poneret.
1139 841 1954 885 Nec tertio modo: quia vel esset in ea sicut in signo na¬
1110 882 1948 924 rurali, vel vniuersali, & tunc mitteretur in omni creatura
1110 924 1963 968 quia in omni creatura reperitur vestigium creatoris, ut pa
1101 969 1953 1016 tuit superius distinctione 1 vel sicut in signo gratuito, &
1113 1006 1952 1057 tunc in omni sacramento mitteretur spiritus sanctus, cum
1104 1036 1687 1083 sacramentum sit signum gratuitum.
1149 1076 1951 1124 Respondeo, ad primum dicendum, quod aliquid uisi¬
1110 1115 1950 1167 biliter apparere potest intelligi dupliciter. Vno modo fo¬
1116 1161 1952 1204 maliter determinatione intrinseca. Alio modo denomi¬
1108 1199 1954 1238 natiue solum denominatione extrinseca, sicut causa quam¬
1102 1235 1956 1277 doque denominatur ab effectu. Primo modo maior est
1118 1270 1960 1316 vera, sed non secundo modo: unde spiritus sanctus dicitur
1113 1315 1958 1366 uisibiliter apparere, non quod ipse uideatur, sed quia ali¬
1106 1355 1961 1399 quid aliud videtur, per cuius contemplationem nos ma¬
1111 1393 1961 1434 nuducimur in cognitionem aliqualem emanationis spi¬
1104 1435 1955 1485 ritus sancti, & manifestationem sanctitatis illius, ad quem
1115 1467 1381 1520 mittitur, ergo &c
1114 1517 1958 1564 Ad secundum dicendum, quod apparet ibi sicut in signo.
1113 1547 1955 1589 Ad probationem diceudum, quod Deus tanquam in signo
1107 1589 1949 1631 multipliciter potest apparere, Primo sicut in signo natu¬
1103 1627 1949 1680 rali, & sic relucet in omni creatura tamquam in vestigio
1116 1663 1954 1713 becundo sicut in signo reuelatiuo, seu illuminatiuo, & sic
1116 1708 1950 1755 apparuit patribus in veteri testamento. Tertio sicut in si¬
1110 1748 1955 1798 gno gratuito, & hoc tripliciter: quia uel illud signum nul
1108 1788 1955 1836 lo modo est causa gratiae, licet ipsum consequatur gratia,
1108 1826 1955 1870 & tale signum fuit circuncisio, & aliqua sacramenta vere¬
1109 1863 1945 1907 ris legis. Vel aliquo modo est causa gratiae, & tale signun
1114 1910 1947 1953 est sacramentum nouae legis, quod aliquo modo efficit
1113 1943 1952 1989 quod figurat, ut patet per magistrum. Vel huiusmodi si¬
1116 1976 1976 2028 gnum praesupponit gratiam, quam demonstrat, seu osten¬
1107 2023 1975 2074 dit, & tale est signum, quo fieri dicitur personae diuinae visi¬
1115 2055 1296 2108 bilis missio,
1247 2174 1821 2233 ARTICVLVS II.
1146 2306 1926 2371 Vtrum Persona visibiliter missa secindum quod
1209 2348 1866 2420 apparet in corporali specie, sit minor per
1353 2406 1718 2468 soud quae mitit cam.
1191 2526 1958 2577 VANTVM ad secundum articulum, utrum perso¬
1112 2535 1967 2619 Cua uisibiliter missa secundum quoed apparet in corpora
1115 2611 1952 2652 li specie sit minor persona: quae mittit eam, distinguen
1117 2649 1964 2694 dum est de creatura in qua apparet persona. Vel quia illa
1120 2688 1967 2728 creatura est assumpta in vnitatem suppositi diuini appa¬
1121 2730 1961 2777 rentis in ea, vel non. Si sic, tunc pono conclusionem at¬
1121 2765 1289 2814 firmatiuam
1124 2808 1958 2859 1 Quia quandocunque duae naturae sunt eiusdem sup
1121 2844 1958 2892 positi, illud, quod per se praedicatur de vna saltem ex con
1113 2889 1958 2936 sequenti praedicatur de altera, maxime si illae duae naturs
1112 2923 1964 2972 in terminis concretis proferuntur: quia vt sic implicat sup
1123 2969 1965 3017 positum, quod est vtriqu commune: sed planum est, quod
1125 3001 1955 3048 natura assumpta est minor persona diuina, quae ipsam non
1113 3048 1960 3082 assumpsit, ergo propter communicationem idiomatum
1128 3080 1963 3125 persona assumens dicetur minor persona non assumente
1125 3119 1958 3168 immo filius Dei, vt sic, dicetur minor seipso, iuxta quod
