2332 3555
450 255 1041 322 Intrinseco non poterit esse voluntarus
489 305 1291 358 2 Praeterea, illud quod mouetur tantummodo a prin
446 344 1295 396 cipio extrinseco, mouetur ad modum instrumenti, & per
441 382 1298 444 consequens non mouetur libere, quia non est in potesta
456 421 1284 476 te instrumenti agere vel non agere: sed de necessitati
441 462 1286 509 agit iuxta impetum impellentis: sed si caritas non esse
459 512 1295 549 habitus inhaerens voluntati, tunc in actibus dilectionis
442 551 1289 592 meritoriae uoluntas moueretur a principio extrinseco
441 580 1289 632 non conferente aliquam vim inhaerentem ipsi volunta¬
442 630 1297 676 ti, ergo actus voluntatis non possent esse meritorij quia
450 660 728 718 non essent liberi.
498 697 1295 751 3 Praeterea, sicut non potest aliquid non album fieri
454 740 1283 784 album formaliter, nisi per albedinem sibi formaliter in¬
450 783 1285 824 haerentem, sic non potest aliquis Deo non carus fieri Dec
441 809 1290 868 carus formaliter, nisi per caritatem sibi formaliter inhae¬
443 867 1228 901 rentem: sed peccator conuersus de non caro fit carus
483 897 1289 945 4 Praeterea, impossibile est de opposito transitum fie¬
447 933 1291 984 ri in oppositum, nisi mediante aliqua mutatione: sed in
456 980 1278 1029 puncto conuersionis peccator transit de eo, quod est non
451 1025 1282 1066 carum esse Deo, ad esse carum: aut ergo mutatio fiere
447 1063 1293 1103 ex parte Dei, aut ex parte peccatoris conuersi. Non pri¬
448 1097 1277 1141 mum, cum Deus sit immutabilis, ergo erit aliquid intrin¬
434 1130 1284 1178 sece inhaerens formaliter ipsi conuerso, ratione cuius
438 1171 1282 1221 nunc dicitur esse carus, quod nos appellamus habitum ca
439 1212 1286 1257 ritatis: quia si sosus actus esset, tunc talis dormiens non
447 1256 1291 1301 esset Deo carus, cum pro tunc actum caritatis non eliciat,
490 1291 1283 1339 3 Praeterea, signum est acquisiti habitus habere dele
442 1325 1292 1373 ctationem in opere, vt patet 2 cthicorum: sed in actibus
438 1367 1283 1418 diuinae dilectionis est maxima delectatio, ergo in nobi¬
445 1407 1289 1452 erit habitus caritatis, ratione cuius in huiusmodi ope¬
443 1445 707 1498 ribus delectemur
444 1489 1276 1533 Sed oppositum illius conclusionis tenet magister set
446 1530 1273 1575 tentiarum dicens hic in littera, quod caritas est ipse spir
448 1569 1275 1613 tus sanctus assistens bonae voluntati ad eliciendum actu
437 1603 1277 1662 dilectionis, siue caritatis, quod ipse, & alij sui sequaces pro¬
445 1641 891 1703 bant multipliciter Primo sic¬
483 1687 1276 1728 1 Quia non minus Deus immediate operatur in no¬
441 1717 1280 1763 bis, quo ad ea, quae sunt gratiae, quam quo ad ea, quae suni
451 1756 1285 1803 naturae: sed Deus non vtitur aliquo medio in opere
452 1798 1279 1847 creationis, quando naturam instituit, ergo nec in opere
448 1838 1094 1890 recreationis, & gratiae vtetur aliquo medio.
463 1871 1280 1928 2 Praeterea, si ad actum meritoriae dilectionis non mo
451 1918 1279 1965 ueretur immediate humana voluntas a spiritu sancto, tums
445 1957 1275 2002 tali actui de condigno, seu de iustitia non daretur vita ae¬
450 2008 1278 2050 terna: consequens est falsum, iuxta illud, De reliquo repo
442 2039 1289 2085 sita est mihi corona iustitiae, quam reddet mihi in illum
440 2074 1279 2118 diem iustus iudex; probatur consequentia: quia cum vo¬
446 2112 1274 2155 luntas nostra sit finita, & actus suus finitus, ergo si habi¬
453 2153 1285 2200 tus, seuuirtus, qua mediante actum meritorium elicit
445 2187 1280 2243 etiam esset finita, tunc in nullo meritum nostrum adae¬
446 2236 1274 2283 quat de condigno ipsam vitam eternam, siue donum glo
445 2280 1281 2321 riae, ergo oportet, quod talis actus immediate sit a
439 2298 663 2360 spiritu sancto.
444 2334 1282 2406 3 Praeterea, sicut Deus in creatione produxit aliqua
443 2390 1279 2439 per seipsum immediate propter eorum excellentiam, pu
441 2428 1262 2476 ta angelos, seu substantias separatas; aliqua vero median
442 2471 1280 2517 te vi productiua naturae communicata: sic congruum esse
439 2508 1280 2551 videtur, vt in gratuitis operibus nostrae creationis ad ea,
435 2551 1279 2602 quae sunt excellentissima, nos moueat immediate, haec au
441 2580 1007 2631 tem sunt actus dilectionis, & caritatis.
466 2623 1280 2676 4 Praeterea, frustra fit per plura, quod aeque bene fieri
429 2664 1274 2716 potest per pauciora: sed posito habitu creato ipsius cari¬
439 2701 1271 2751 tatis, adhuc, vt communiter dicitur, non possumus me¬
435 2742 1280 2787 reri sine speciali motione spiritus sancti,. cum igitur non
439 2787 1262 2832 magis possit spiritus sanctus nos mouere, stante tali ha
431 2820 1278 2868 bitu, quam ipso non existente: quia eius virtus a nullo
438 2858 1275 2908 creato dependet, & Deus & natura nihil faciant frustra,
443 2896 569 2949 ergo &c.
444 2931 1271 2985 3 Praeterea, actum prophetiae ratione suae excellentia
429 2979 1273 3021 rmmediate sine aliquo habitu medio elicit spiritus san¬
432 3013 1276 3060 ctus in mente ipsius prophetae: sed actus diuinae dilectio¬
428 3054 1270 3102 nis est excellentior, quam actus prophetiae. illa minor po
435 3094 1273 3145 tet: quia Apostolus praefert actum caritatis, & ipsam car
1341 258 2179 311 tatem ipsi prophetiae. Maior etiam patet: quia nullus ha
1347 306 2180 353 bitus creatus potest intellectum prophetae ducere in no
1330 345 1603 396 titiam futurorum
1340 380 2189 427 3 Praeterea, si caritas, per cuius coniunctionem ad nos
1332 423 2180 479 dicimur Deo cari, esset aliquis habitus creatus, tuac ali¬
1330 465 2172 503 quod accidens existens in anima sancta esset carius Deo
1330 513 2179 552 quam ipsa anima: sed consequens est falsum secundum
1341 541 2174 594 omnes doctores: consequentia probatur: quia propter quod
1338 580 2173 630 vnumquodque tale, & illud magis, vt patet 1. posteriorum
1371 619 2173 664 3 Preterea, nihil est bonum per essentiam, nisi solus
1333 659 2170 704 Deus: sed caritas est bona per essentiam: Maior patet
1332 700 2174 751 quia omne, quod est citra Deum, sicut est ens per partici
1331 738 2174 788 pationem, sic est etiam bonum per participationem: Mi¬
1329 785 2171 827 nor probatur, quia illud est bonum per essentiam, quod
1333 823 2179 863 non potest intelligi non bonum, sed quamuis omnis alia
1339 852 2180 904 virtus possit intelligi non bona, cum possit esse informis:
1333 895 2184 937 sola tamen caritas non potest intelligi non bona, cum im¬
1329 935 1825 987 possibile sit cam esse informem.
1350 966 2193 1020 S Praeterea. 8. de trini ait August. Deum diligit, qui
1332 1010 2165 1055 dilectionem diligit, quia Deus est dilectio, sed illud non
1332 1053 2170 1097 sequeretur, nisi omnis gratuita dilectio esset Deus, sicut
1329 1090 2172 1139 non sequitur, hoc est sensitiuum, ergo est animal, nisi om
1327 1130 2177 1174 ne sensitiuum sit animal. Multas etiam alias auctoritates
1336 1168 2178 1209 adducit magister tam de sacro canone, quam de dictis
1331 1207 2170 1251 sanctorum, quas ad praesens dimitto, quia vna responsio¬
1333 1246 1841 1293 ne pariter ad omnes respondetur.
1356 1295 2172 1333 Sed quamuis illam opinionem non teneam, ob reue¬
1331 1325 2165 1367 rentiam multorum doctorum oppositam partem tenet
1336 1370 2175 1416 tium, fateor tamen, quod praedicta opinio non est adeo
1337 1413 2164 1457 periculosa, sicut multi eam videntur aestimare, tria incos
1327 1444 1996 1488 uenientia magistro minus iuste imponentes
1365 1481 2168 1521 Primo videlicet, quod actus dilectionis a voluntate
1326 1520 2165 1572 elicitus sit spiritus sanctus, cum talis actus caritas, siue d
1334 1556 1535 1609 lectio dicatur
1364 1592 2170 1648 Secundo, quod ex puris naturalibus mereri possemus
1320 1628 2171 1689 si sinc habitu caritatis infuso eliceremus actum merito¬
1327 1681 1906 1733 riae dilectionis, quod fuit error Pelagii¬
1374 1715 2172 1759 Tertio, quod spiritus sanctus assumeret animam ratio¬
1332 1757 2177 1812 nalem i vnitatem suppositi, si ipse esset immediatum prin
1326 1798 2170 1849 cipium actus nostrae voluntatis, quod dicitur fuisse erroi
1330 1834 1560 1884 Manichaeorum
1326 1862 2180 1924 Primum non est contra magistrum: quia vt patet in
1323 1917 2177 1970 textu istius 17. distinctionis, ipse expresse ponit dilectio¬
1323 1958 2162 2008 nem, inquantum sumitur pro actu nostrae voluntatis, essi
1335 2000 2165 2047 quid creatum, quamuis ad eliciendum huiusmodi actum
1329 2037 2171 2083 non requiratur secundum cum habitus creatus, qui cari¬
1336 2082 2174 2125 tas nominetur in ipsa voluntate; ad hoc enim secundum
1323 2113 2168 2172 magistrum sufficit immediate ipse spiritus sanctus, qui si¬
1332 2163 2165 2207 ne aliquo caritatis habitu ipsam voluntatem ad elicien¬
1332 2192 2149 2236 dum huiusmodi actum perfectissime poterit inclinare.
1352 2231 2163 2291 Nec secundum est contra magistrum propter duo. Pr
1326 2271 2160 2320 mo quia magister non posuit, quod ex nostris puris na
1333 2310 2168 2354 turalibus possemus elicere huiusmodi actum, sed virtute
1323 2346 2177 2396 spiritus sancti: hoc autem non posuit Pelagius. Secundo:
1335 2397 2156 2444 quia quamuis magister non posuit habitum caritatis crea
1336 2429 2168 2475 tum, posuit tamen habitum gratiae a Deo creatum, & ani
1329 2471 2163 2511 niae infusum, dantem ipsi animae esse spirituale, & ipsam
1335 2507 2161 2556 eleuantem super omnia sua naturalia Propter quod ap
1330 2547 2162 2596 paret, quod non valeat illud commune argumentum, quid
1327 2587 2169 2635 fit contra magistrum, quod anima existens in puris natu
1329 2629 2167 2673 ralibus non potest contingere obiectum simpliciter su¬
1333 2669 2175 2720 pernaturale; Nec potest aliquem actum supernaturalem
1327 2707 2174 2750 elicere circa liuiusmodi obiectum, sed si non haberet in
1325 2739 2164 2788 se habitum caritatis creatae, tunc esset in puris naturali¬
1336 2786 2170 2835 bus. Hic magister diceret, quod ista minor est falsa: quia
1329 2826 2165 2869 anima talis non est in puris naturalibus: quia per habitum
1322 2861 2174 2918 gratiae constituitur in esse supernaturali, inxta illud apo.
1318 2898 1865 2948 stoli. Ciratia Dei sum id, quod sum
1359 2939 2193 2990 Nec tertium est contra magistrum: quia ad positionem
1326 2980 2164 3023 magistri non sequitur, quod spiritus sanctus assumat talem
1326 3022 2171 3073 animam in vnitatem suppositi, sed solum, quod iungatur
1320 3053 2164 3109 huiusmodi animae, sicut motor supereminens iungitur ip
1317 3094 2165 3162 si mobili. Quamuis igitur his bene intellectis rationes
