2355 3534
425 237 1271 309 Forte iterum dicetur mihi, posito, quod praedicta duo ca
432 296 1265 348 lefactibilia ambo sint summe disposita, ita quod nullum
426 338 1263 396 illorum est vlterius disponibile ad calorem: quia vtrum
429 386 1154 429 que est summe dispositum.
470 411 1262 471 Respondeo, quod, casu posito, carbo ita perfectum da¬
435 464 1271 507 ret calorem passo, quod ipse contingeret, sicut maximus
432 496 1262 550 ignis; immo vna sola scintilla contingens talem materi;
432 538 1261 586 summum calorem in ea induceret: quia ipsam incende¬
429 580 821 632 ret, & daret formam ignis.
472 625 1261 664 Ad sextum nego consequentiam cum sua probatione
431 651 1268 712 quia non variatur praemium aternum propter variatio¬
431 693 1259 749 nem essentiae ipsius caritatis; sed variatur huiusmodi pra
438 732 1265 788 mium penes maiorem, & minorem intimationem ipsius
435 780 1265 825 essentiae caritatis in mentibus beatorum; iuxta quam in¬
433 817 1267 867 timationem maiorem, vel minorem quilibet beatorum
436 851 958 913 est magis, vel minus carus ipsi Deo.
474 885 1259 948 Ad septimum dicendum, quod si ex proportione ang
427 935 1264 986 lorum vis arguere proportionem caritatis eorum, tunc si
426 969 1271 1019 cut angeli differunt specle, sic oporteret te dicere, quod
441 1010 1271 1058 caritates eorum differrent specie, & tunc Doctor nostet
431 1046 1268 1101 concederet tibi gradus essentiales in caritate: quia tales
426 1095 1265 1152 gradus ponit in omnibus differentibus specle. Sed illuc
421 1134 1267 1179 non oportet: quia dato, quod nullus sit gradus in essen¬
432 1164 1274 1216 tia caritatis, adhuc Deus replebit capacitatem cuiuslibet
426 1214 1268 1252 angeli, secundum quod formam caritatis carendo & in¬
433 1251 1265 1296 fuendo ipsam intensius, vel remissius intimat cuiuslibet
420 1287 1266 1336 menti iuxta suam capacitatem Posset etiam dici, quod
435 1325 1263 1371 cuiuslibet mens secundum quod habet maiorem capacitati
426 1359 1268 1411 secundum hoc etiam habet maiorem dispositionem, pro
433 1399 1262 1451 pter quod caritas aequalis, quo ad gradus essentiae, dat ta
427 1447 1261 1494 libus angelis varios gradus quantum ad esse, propter quo
423 1482 1269 1532 vnus carior est Deo, quam alter secundum magis & mi-
430 1519 1277 1567 nus esse, quo participant caritatem, ratione cuius etiam a
429 1564 897 1607 Deo diuersimode praemiantur.
465 1594 1267 1648 Ad octauum dicendum, quod Commen: non dicit par
432 1635 1262 1686 tem nominaliter, sed partim aduerbialiter. Ex quo pa
433 1679 1259 1723 tet, quod non est intentio Commen. quod ipsum mobili
425 1716 1262 1763 habeat partem vnius essentiae & partem alterius essentia
432 1750 1269 1801 terminorum, sed intendit dicere, quod mobile non sit to
426 1790 1274 1840 taliter elongatum a termino ad quem, sicut fuit antequam
432 1832 1255 1882 inciperet motus; nec sit totaliter elongatum a termino
429 1872 1273 1921 quo, sicut erit postquam completus est motus, sed quod
423 1912 1257 1957 sit in quodam siuxum vtrumque aliquo modo contin¬
419 1954 527 2021 gente.
471 1981 1268 2039 Ad nonum dicendum, quod illud non est propter mi-
420 2038 1264 2087 norem simplicitatem ipsius esse, sed propter varietatem
432 2066 1259 2115 d: spositonum, ex quibus contingit, quod eadem essen
431 2109 1259 2154 tia formae virtualius, & minus virtualiter dat esse; sicu
422 2154 1267 2197 enim posito, quod agere non sit minus simplex, quam vi¬
424 2188 1252 2236 tus, a qua procedit, eadem tamen virtus non mutata for
429 2221 1270 2273 tius ageret in materiam magis dispositam, quam minus
430 2270 726 2320 dispositam, sic &c
460 2298 1254 2352 Ad decimum dicendum, quod motus intensionis ter
427 2343 1261 2388 minatur ad eandem qualitatem, quae praefuit, quamui¬
433 2384 1255 2430 non secundum idem esse, quo piaefuit, sed secundun
429 2425 1252 2478 nobilius, & virtualius esse, quod tali motu acquiritur i
427 2464 557 2509 subiecto.
465 2505 1249 2546 Ad vndecimum dicendum, quod fornia est fundamen
423 2540 1262 2584 tum illius participationis, non quomodocumque, sed vi
426 2584 1265 2628 vir tualiter continet pluralitatem graduum in esse, quos
426 2616 1255 2672 gradus formaliter communicat subiecto, cum capax eori
427 2664 1262 2703 efficitur per congruentem sui dispositionem, & ideo vi
425 2698 1255 2741 sic, sibi mutuo correspondent fundamentum & relatio
422 2734 1213 2796 puta esse secundum gradus in esse, & ipsa participatio
456 2763 1267 2822 Sed contra praedictam doctoris nostri positionem sunt
418 2809 1256 2859 in hac materia etiam multorum doctorum opiniones
417 2855 1257 2904 quamuis aliquae magis directe, aliquae vero minus. Dicit
422 2892 1254 2945 enim quidam Doctor de nostris, quod forma iuscipien
425 2930 1252 2976 magis & minus, suscipit non solum participatione subie
418 2970 1058 3020 cti magis & minus, sed etiam secundum se
453 2999 1249 3056 1 Quia materia est propter formam, & non econuer
414 3047 1259 3094 so, ergo diuersa disposito in materia est propter diuer¬
412 3093 1257 3149 sum gradum perfectionis, qui est in forma, puta, quia for¬
1318 236 2148 310 ma sic requirit, ideo materia sic est disposita, ergo form
1321 304 2163 346 non iuscipit magis, & minus: quia participatur secundum
1311 339 1919 388 magis & minus a subiecto, sed econuerso
1350 374 2151 426 2 Praeterea, motus secundum formam non est aliud
1314 419 2154 467 quam forma incompleta in ordine ad complementum,
1310 463 2155 509 cum ergo motus sit partibilis, igitur forma, quae acquiri¬
1309 499 2159 544 tur per motum secundum se, habet gradus secundum
1312 542 2144 582 magis & minus. Vnde ait Commentator 2. physicorum
1311 575 2156 627 quod in aliis generationibus a generatione substanti ae par
1311 617 2156 667 tes opposit suceessiue recedunt a subiecto, & fiunt in ip¬
1311 654 1594 708 so partes generari.
1353 684 2156 748 3 Praeterea, id, quod conuenit alicui secundum suum
1314 727 2159 775 esse actuale, & secundum suum esse potentiale, hoc con¬
1324 775 2150 814 uenit sibi secundum se, & secundum essentiam suam: sec
1314 811 2156 866 suscipere magis & minus conuenit formae secundum suu
1320 853 2155 901 esse actuale; quia actu fit in subiecto per actionem agen¬
1314 891 2163 941 tis secundum magis & minus nihil autem fit actu, nisi po
1319 935 2151 983 tentia prius fuerit, ergo secundum suum esse potentiale
1316 966 2165 1014 etiam habuit prius esse magis, & minus, & per consequens
1314 1006 2152 1053 cum sibi conueniat secundum vtrumque esse, conuenie
1311 1051 2006 1094 sibi secundum se, & secundum essentiam suam.
1343 1082 1712 1134 Sed nec illa concludunt
1350 1119 2163 1172 Ad primum ergo dicendum, quod quamuis materia di
1317 1156 2155 1208 catur esse propter formam ratione dignitatis, & perfe¬
1308 1204 2153 1252 ctionis, quae magis sunt in forma secundum se considera¬
1314 1244 2149 1292 ta, quam in materia, tamen quantum ad mutuam conexi
1318 1285 2160 1341 gentiam, non solum materia est propter formam: sed etiam
1312 1328 2150 1370 forma propter materiam, nec valet consequentia; qui
1304 1364 2156 1408 quamuis materia sit propter formam, tamen non opor¬
1315 1395 2156 1453 tet, quod diuersi sint gradus in essentia formae propter d
1318 1440 2159 1492 uersos gradus, qui sunt in dispositione materiae, quia hu¬
1311 1485 2165 1532 iusmodi dispositiones sunt ad hoc, vt ipsa materia diuersi¬
1306 1529 2158 1567 mode perficiatur secundum diuersos gradus in esse uir¬
1314 1560 1982 1603 tualit er contentos in eadem essentia formae.
1358 1591 2153 1649 Ad secundum dicendum, quod motus proprie loquen
1311 1628 2156 1682 do non est forma, sicut via non est terminus: quia motus
1310 1676 2166 1726 est via in formam. Et si aliquo modo secundum suum es¬
1317 1708 2150 1766 se materiale motus diceretur idem, quod forma, vt sic ij
1311 1751 2154 1805 se motus non esset diuisibilis, nec haberet partes essen¬
1308 1787 2162 1841 tialiter distinctas: sed secundum suum esse formale mo¬
1308 1829 2156 1880 tus est quidam fluxus, & est quid formaliter suceessiuum,
1314 1874 2163 1916 & vt sic, non est idem, quod forma cum forma sit secundum
1315 1913 2153 1961 suam naturam ens formaliter permanens Commen. etias
1311 1962 2163 2003 videtur ibi loqui de partibus quantitatiuis; quia si aliqua
1313 1992 2166 2034 magnitudo, quae est calida, debet frigefieri, illa magnitu¬
1313 2033 2153 2078 do non similis relinquit calorem in omnibus suis parti¬
1318 2070 1601 2119 bus, sed suceessiue¬
1359 2101 2157 2156 Ad tertium dicendum, quod forma fit per agentis actio
1310 2151 2153 2196 nem actu in subiecto secundum magis & minus, inquan
1317 2188 2162 2230 tum subiecto magis, & minus disposito per actionem ip¬
1304 2225 2160 2277 sius agentis, forma dat magis, & minus esse, & isto modo
1308 2268 2156 2308 secundum magis & minus etiam fuit in potentia ante¬
1314 2302 2166 2355 quam esset in actu; sed nec nunc actu suseipit magis & mi
1311 2341 2152 2390 nus in essentia, nec tunc ad tales gradus fuit in potentia
1308 2383 2156 2428 Magis etiam proprie diceretur, quod forma dat esse secu
1317 2424 2148 2473 dum magis & minus, quam quod suscipiat eise secundi
1306 2466 2163 2511 magis & minus: quia forma non suscipit esse, sed dat esse,
1304 2505 2151 2560 & subiectum per formam suscipit esse. Minor ergo est nim
1308 2539 1803 2590 ganda modo, quo ille ponit eam.
1354 2570 2163 2627 Est igitur alia opinio, quae ponit, quod forma fuscipiat
1308 2608 2152 2663 magis & minus per additionem partis eiusdem rationi
1307 2661 2157 2712 cum praecedente, puta caritas per additionem nouae cari
1305 2697 1793 2743 tatis, & sic de alis. Et probatur sic
1322 2739 2157 2787 1 Sicut trahens, siue intendens arcum curuitatem ad
1305 2779 2156 2822 dit curuitati; sic intendens albedinem addit albedini, &
1305 2815 1578 2860 caritatem caritati
1339 2851 2153 2907 2 Praeterea, videmus ad sensum, quod plumbum addi
1311 2898 2150 2954 tum plumbo, totum efficitur ponderosius ex hoc, quod
1302 2932 2151 2982 grauitas additur grauitati, & ignis additus igni totum es
1303 2980 2148 3029 ficitur calidius per additionem vnius caloris ad alium;
1305 3011 1811 3060 1 Sic igitur eodem modo est in aliis
1334 3043 2156 3101 3 Praeterea, candela superueniens candelae, magis illu
1308 3080 1502 3152 minat acrem.
