2415 3554
255 254 1103 333 4 Praeterea, sicut se habet augmentatio quantitatiua
230 323 1104 363 ad quantitatem, sic se habet alteratio intensiua ad quali¬
236 356 1100 411 tatem: sed illa nonpotest fieri sine additione nouae quan¬
243 395 1025 442 titatis, ergo nec illa sine aduentu nouae qualitatis.
279 436 1100 479 Sed illa opinio stare non potest: quia vel caritas su¬
249 485 1104 525 perueniens faceret vnum cum caritate preexistente, & tunc
243 523 1103 568 vna caritas esset forma & perfectio alterius, & altera es¬
242 548 1087 599 set subiectum istius, vel maneret ab ea distincta, & tun
246 593 1102 644 duo accidentia realia solo numero differentia essent si¬
237 630 486 677 mul in eodem
276 659 1101 719 Ad primum ergo dicendum, quod quia per huiusmodi tra
242 714 1100 756 ctum subiectum curuitatis flectitur in extremis vltra suam
246 753 1100 804 medietatem, & per consequens ad curuitatem melius di¬
249 791 1093 836 sponitur, propter quod eade, quae praefuit, sine aliqua alia
243 834 1096 877 de nouo superueniente dat tali subiecto magis esse cur¬
243 872 1100 916 uum. Si vero per continuationem huiusmodi tractus ex
250 910 1099 954 trema totaliter coniungerentur, tunc dico, quod prima
240 950 1089 1005 curuitas tolleretur, & inducitur forma circularis figurae,
254 990 798 1039 quae specie differt a prima curuitate.
289 1023 1098 1071 Ad secundum dicendum, quod sicut si alba superficies
246 1067 1097 1112 adiungitur albae superficiei, ex hoc non suscipit magis in¬
246 1112 1091 1154 tensiue: sic eodem modo de plumbo & igne: in eadem
240 1146 1103 1189 enim parte plumbi nec est maior grauitas, nec magis
243 1179 1093 1233 graue esse, quam ante fuerat. Sicut enim plures homines
240 1227 1100 1271 simul iuncti fortius trahunt nauem, nullus tamen eo¬
237 1269 1088 1312 rum propter coniunctionem talem ad alterum est for
238 1298 1091 1345 tior in seipso intrinsece. Sic licet illi plures ignes simu
250 1340 1097 1396 iuncti extrinsece possent in fortiorem actionem, intrin¬
247 1379 1080 1434 sece tamen ex hoc nullus eorum esset magis calidus: quo
242 1416 1106 1465 si oppositum quandoque appareret, hoc esset pro tane
249 1458 1103 1505 to, quia materia nullius eorum, vel saltem alterius non
236 1493 1093 1543 erat perfecte intensa, vel summe ad caliditatem dispo¬
240 1534 1097 1589 sita ante huiusmodi coniunctionem, & facta coniunctio¬
240 1585 1097 1625 ne perfecte disponitur, & per consequens intensius
241 1610 437 1667 esse recipit.
278 1638 1083 1698 Ad tertium dicendum, quod non est ad propositum
255 1697 1083 1744 vt patuit superius: quia lumen est forma intentionalis¬
287 1735 1103 1776 Ad quartum dicendum, quod non est simile de quan¬
256 1770 1104 1814 titate & aliis formis: quia sola quantitas est per se di¬
249 1817 1101 1857 uisibilis in partes eiusdem rationis; ideo ipsa secun¬
244 1847 1097 1896 dum tales partes proprie augmentatur. Nulla autem
240 1890 1096 1932 alia forma est diuisibilis in huiusmodi partes, nisi per ac¬
244 1932 1095 1971 eidens, puta ratione quantitatis, prout fundantur in
255 1967 1098 2013 quanto. & ideo non possunt tales formae intendi, vel
238 2007 1095 2058 augeri intrinsece secundum essentias, sed solum secundum
237 2046 1094 2092 esse intensum, & remissum penes dispositionem subiecti.
279 2083 1095 2123 Sed forte dices, Si Deus separaret duos calores, quo¬
240 2127 1094 2173 rum vnus suo subiecto dat magis esse calidum, & alter mi
246 2172 1094 2214 nus esse calidum, adhuc illi calores separati tenerent gra
253 2202 1085 2248 dus suos, quamuis essent separati a subiecto, & per conse
249 2245 806 2290 quens ab omni dispositone subiecti.
282 2277 1103 2332 Hic diceret doctor noster, quod nulla qualitas potest
248 2321 1096 2369 separari etiam per potentiam Dei ab omni subiecto: quia
240 2359 1103 2413 hoc implicaret contradictionem, vt ipse probat. 2. sen¬
242 2397 1103 2441 tentiarum distinct. 10. q. 2. Dato tamen, quod ita fiat,
252 2437 1089 2483 tunc dico, quod Deus virtute sua conseruans huiusmo
252 2478 1094 2522 di accidens, supplet omne illud, quod huiusmodi acci¬
242 2512 1098 2564 dens in tali gradu perfectionis conseruauit in subiecto
247 2559 1098 2602 antequam separaretur, propter quod virtute diuina con¬
242 2600 1097 2636 feruante tale esse & operari, aut saltem aequiualens habe
257 2632 1088 2684 bit separatum, quale habuit, cum erat subiecto & disposi
243 2670 719 2722 tionibus subiecti coniunctum.
291 2709 1104 2753 Alij dicunt, quod prima forma cedit, & corrumpitur,
237 2761 1095 2797 & perfectior forma introducitur primam continens in vir¬
254 2788 670 2840 tute, & sic suscipitur magis.
259 2833 1098 2880 1 Quia in omni motu reali terminus a quo, & termi-
248 2872 1103 2916 nus ad quem sunt incompossibiles: ita quod necessario
255 2906 1096 2955 vnus abiicitur, altero acquisito: sed in omni motu in¬
255 2947 1104 2993 tensionis terminus a quo est forma remissa, & terminus
249 2983 1095 3041 ad quem est forma intensa, ergo acquisita intensa, abijci¬
243 3021 431 3073 tur remissa
328 3052 1109 3108 Preterea, non minus sunt incompossibiles terminus
237 3104 1096 3154 a quo, & terminus ad quem in motu ad formam, quan
1125 277 1988 350 in motu ad vbi: sed in motu ad vbi, cum terminus ad quen
1141 337 1995 392 acquiritur, necessario terminus a quo relinquitur, er; o
1131 360 1425 419 idem, quod prius.
1159 413 1979 464 3 Praeterea, contraria non possunt esse simui, sed ph
1142 444 1975 514 losophus s. physicorum dicit, quod minus album, & ma
1136 481 1519 535 gis album sunt contraria,
1164 530 1988 575 Sed illud dictum non solum est falsum, verumetiam
1139 560 1337 611 periculosum
1155 604 1988 651 1 Quia fide credimus Christi corpus manere tamdiu
1131 641 1982 688 sub speciebus hostiae, quamdiu manent ibi huiusmodi
1140 678 1983 737 species, & non ultra, sed planum est, quod illa ho¬
1140 719 1988 769 stia in accidentibus, siue speciebus suis suscipit magis
1137 761 1981 808 & minus, ergo si in tali motu species primae corrumpere¬
1140 802 1980 853 tur, tunc intensis, vel remissis huiusmodi speciebus, non re
1141 842 1977 883 maneret vlterius sacramentum, quod est contra fidem
1152 879 1973 925 2 Praeterea, frigidum praesens calido remittit calo¬
1136 917 1973 961 rem: Si ergo calor remissus esset essentialiter alia forma;
1138 955 1982 1002 calore praecedenti, tunc frigidum generaret calidum per
1134 998 1973 1039 se; quia agens naturale per accidens corrumpit: non enin
1131 1036 1985 1079 corrumpit, nisi inquantum per se inducit aliquid in
1132 1075 1984 1119 materia, ut patet per Commentatorem 12. metaphysi¬
1136 1111 1972 1155 cae: sed ipsum frigidum non potest inducere frigidita.
1141 1153 1986 1195 tem: quia illa stare non potest cum calore in illo se¬
1138 1190 1972 1237 cundo gradu remisso primo, nec tepiditatem eadem
1141 1232 1989 1279 ratione, ergo per se solum induceret calorem, quod est
1132 1266 1317 1326 simpossibile
1169 1295 1975 1350 Ad primum igitur dicendum, quod terminus a quo
1138 1346 1988 1393 non est essentia formae absolute, & simpliciter, sed est
1136 1386 1985 1427 ipsa forma secundum esse, quod dat subiecto penes dispo¬
1140 1428 1976 1473 ntiones, pro tunc in subiecto existentes, antequam talis
1132 1464 1985 1508 motus incipiat: terminus autem ad quem est eadem
1131 1504 1980 1551 forma essentialiter secundum esse acquisitum ex dispo¬
1131 1541 1973 1587 sitionibus inductis per talem motum: non oportet ergo
1149 1583 1977 1628 quod forma prima tollatur, sed sufficit, quod cesset in
1132 1623 1983 1672 materia, quo ad esse primum, & incipiat ibi esse quo ad
1133 1655 1366 1704 esse secundum
1168 1692 1979 1740 Ad secundum dicendum, quod maior est vera, sumen¬
1134 1736 1983 1785 do ipsum esse pro termino; non autem sumendo essen¬
1137 1775 1982 1828 tiam formae pro termino etiam minor est falsa: quia in
1129 1814 1980 1862 motu circulari idem punctus potest esse terminus a quo,
1127 1849 1464 1903 & terminus ad quem
1177 1891 1969 1941 Ad tertium dicendum, quod quamuis maneat eadem essen
1130 1932 1976 1975 tia albedinis, quae prime stans cum imperfectis disposito¬
1133 1976 1974 2020 nibus dat minus esse album, & postea inductis perfectiori
1131 2012 1979 2051 bus dispositonibus dat magis esse album, non tamen ma
1140 2047 1976 2093 nent simul minus album & magis album, eo que iam esse
1131 2095 1978 2140 transierit secundum quod erat minus album, & tantum¬
1141 2135 1920 2184 modo sit esse secundum, quod actu est magis album,
1173 2156 1985 2215 Alij dicunt, quod caritatem augeri quantum ad essen¬
1140 2200 1970 2248 tiam suam potest intelligi dupliciter. Vno modo secun
1141 2245 1986 2291 dum partes formales, & appellant partes formales talia,
1138 2284 1982 2331 sine quibus impossibile est rem esse, sicut est differentia
1134 2322 1973 2369 rei, vel genus. Alio modo secundum partes accidentales
1145 2366 1983 2407 quae adueniunt & recedunt, sicut dicimus carnem secun¬
1139 2408 1985 2449 dum formam, quae permanet, secundum materiam au¬
1136 2440 1981 2488 tem, quae fluit & defluit. Primo modo, ut dicunt, for¬
1134 2480 1988 2529 ma non recipit magis & minuse, secundo modo recipit
1149 2514 1389 2567 magis & minus
1176 2551 1973 2607 Sed nec illud valet: quia forma simplex non habet par
1154 2592 1970 2637 es materiales in essentia sua, nisi per accidens sibi com¬
1162 2639 1991 2682 etant, puta ratione subiecti, in quo fundatur; si illud est
1143 2679 1988 2721 quantum, tunc talis forma extenditur, & habebit partes
1142 2713 1986 2759 accidentaliter sibi competentes. Sed caritas, de qua ille
1149 2752 1987 2800 loquitur in illa quaestione, est forma sinaplex, & non
1142 2794 1592 2843 fundatur in subiecto quanto.
1184 2818 1985 2880 Est igitur quidam alius, qui ea, quae ponit, uidetur ra¬
1145 2861 1988 2910 dicaliter ex iam dictis traxisse. Dicit enim, quod omnem
1144 2906 1979 2949 formam, quae intenditur, necesse est intendi per acquisi.
1154 2945 1985 2992 tionem alicuius realitatis participantis formae illius spe¬
1155 2983 1982 3032 cificam rationem: quia omne, quod mouetur, est in po¬
1149 3024 1988 3076 tentia ad illud, ad quod mouetur: quia motus est actus
1143 3063 1988 3108 entis in potentia secundum quod in potentia, vt dicitus
1145 3098 1385 3166 3. physicorum.
