2220 3555
113 255 921 331 sequens actui patriae magis conformatus, quod patet: quia
111 314 910 368 alias destatu penitentium non peruenisset ad statum per
113 358 913 407 fectorum, ergo eadem ratione, vel potiori hoc vlterius
114 388 549 442 continue poterit promereri.
129 405 900 484 Preterea, idem confirmo sic; De ratione viatoris est
117 479 902 525 uamdiu manet viator, si inutiliter ociosus non fuerit, sem
107 520 899 564 per suo termino poterit magis appropinquare; nam quic¬
113 555 907 602 qid non contingit terminum, poterit propinquius acce¬
108 590 907 637 dere ad terminum, sed sola intensio caritatis facit nos ap
115 633 911 680 popinquare termino nostrae peregrinationis: quia sicut
105 669 908 716 sola cantas secundum augmentum diuidit inter filios per¬
114 705 913 755 sitionis &regni, sic sola caritas iuxta suum augmentum
99 748 917 798 nos facit appropinquare ad huiusmodiregnum, hoc enim
103 791 918 838 nulla virtus potest secundum se, excepta sola caritate, cum
106 825 900 873 mnis alia virtus possit esse informis, & per consequen
102 860 905 910 ine merito. Dato igitur, quod Deus iustum viatorem
103 902 916 951 per infinitum tempus dimitteret viatorem, caritas in in¬
104 936 908 996 hitum posset augmentari, quamuis numquam aequare¬
108 974 410 1023 ui caritati beatorum.
111 991 905 1069 Sed contratium primae conclusionis tenens quidam do¬
106 1054 907 1103 nor ponit absolute, quod caritas potest augeri in infinitum:
117 1094 901 1143 ta nec secundum rationem propriae speciei caritas ha¬
109 1134 911 1182 etterminum, cum sit participatio quaedam caritatis in¬
101 1172 914 1224 nitae, quae est spiritus sanctus, nec ex parte agentis: quia
97 1210 908 1258 Deus, qui est infinitus, producit caritatem, nec ex parte
109 1252 914 1300 biecti, quia quanto magis caritas intenditur, tanto ma¬
107 1289 914 1342 peapacitas subiecti anugetur, numquam enim vas ali¬
117 1328 899 1374 od posset impleri liquore, si quanto plus susciperet
96 1367 905 1415 uinto hab ilius feret ad suscipiendum, propter quod, vt di
103 1407 838 1451 unt, in infinitum potest fieri augmentum caritatis.
115 1415 901 1497 Preterea, eandem conclusionem quidam alij probant, sic
108 1485 904 1527 Semper ratio & mensura habitus sumitur ab obie¬
89 1519 903 1570 cocum igitur bonitas diuina, quae est proprium oblectum
96 1562 718 1606 untatis sit in infinitum diligibilis, ergo &c.
99 1572 905 1652 3 Praeterea, perfectibile per caritatem potest ficri in
95 1640 901 1686 nfinitum semper nobilius, ergo caritas potest in infiniti
90 1677 911 1725 ener augeri & intendi; consequentia patet: quia semper
85 1718 909 1769 debet esse proportio inter perfectibile & imperfectionem;
91 1756 901 1802 mteredens probatur: quia Deus potest in infinitum crea
90 1793 898 1845 xangelum nob iliorem: quia nulla creatura potest exhal
96 1836 908 1885 potentiam creatoris, cum ergo uoluntas angeli sit pro¬
108 1869 609 1916 um subiectum caritatis, ergo &c
138 1912 902 1961 praeterea, vbi terminus, ad quem acceditur, per inten¬
98 1953 901 2005 cem alicuius formae distat in infinitum, ibi crementum
87 1986 908 2038 bis intensionis potest esse in infinitum: sed terminus,
91 2032 911 2090 mem accedi mus, per intensionem caritatis distat a
93 2065 485 2118 cbis in infinitum, ergo &c
101 2108 899 2163 Sed illa opini o expresse esse videtur contra Aug. in eno
102 2145 897 2187 na sic Mirigatur autem cupiditas caritate existente
78 2182 910 2235 gnec veniat ad tantam magnitudinem, qua maior esse
80 2223 230 2275 non possit
100 2232 912 2315 Preterea, nullus motus alterationis potest esse infi¬
44 2291 898 2351 nits, vt patet 8. physicorum, sed omnis motus intensio
79 2348 607 2390 nis est motus alterationis, ergo &c
135 2377 902 2423 Praeterea, si semper intenderetur, siue extederetur vo
71 2416 904 2468 bntatis capacit as secundum intensionem caritatis, tunc nul¬
78 2458 910 2505 s posset esse beatus: quia numquam repleretur capaci¬
74 2499 908 2543 ti, nullus autem beatus esse potest, nisi tota sua capacitas
82 2534 883 2587 plene quietata, & per consequens repleta, ergo &c
88 2578 908 2620 4 Praeterea, causa formalis non potest dare materiae,
78 2609 916 2659 o sabiecti eansalitatem materialem, seu conditionem
79 2652 911 2710 natenalem, sed receptabilitas, seu capacitas est conditio
78 2691 917 2738 nerialis ideo capacitas non potest augeri in subiecto
81 2739 567 2780 xollatione caritatis, ergo &c
103 2771 918 2820 Freterea, talis capacitas voluntatis, quam ponis, vel
79 2811 913 2855 tem, quod natura voluntatis, & tunc sicut natura non
85 2854 909 2895 nieereicere in infinitum, iuxta illud Aug. 4. super Gene
62 2885 916 2933 Smni natura est certis limitibus circumscripta. Et 2. de ani
58 2928 901 2980 m Smnin natura constantium est certa mensura magn
117 2968 901 3007 ni  augmenti. Sic talis capacitas idem existens, quod
81 3003 905 3046 retat, non poterit crescere in infinitum. Aut dicit perfe¬
78 3042 904 3085 orum, additam voluntati, & tunc sequitur idem, quod
110 3086 907 3146 quia perfectio & perfectibile sunt proportionata; fi¬
956 278 1797 341 nitum autem & infinitum non sunt huiusmodi, ergo &c
972 326 1790 382 4 Praeterea, non magis habet Deus rationem infiniti
950 354 1800 417 inquantum est causa productiua caritatis, quam inquantum
955 402 1796 446 est causa, cuiuscunque alterius creaturae: sed ratione infini¬
967 443 1800 496 atis diuinae non arguitur aliquod productum a Deo cre¬
951 474 1786 543 scere in infinitum, ergo nec de caritate hoc arguere debe¬
954 520 1598 574 mus propter Dei producentis infinitatem.
969 536 1793 612 3 Praeterea, si caritas non haberet terminum secudum
948 596 1789 652 rationem propriae speciei ex hoc, quod est quaedam parti¬
957 636 1784 692 cipatio infinitae caritatis, tunc cum omnis creatura parti¬
954 671 1786 730 cipet diuinam essentiam, quae est formaliter infinita, se¬
958 713 1783 763 queretur, quod nulla creatura esset terminata secundum ra¬
954 751 1787 807 tionem propriae speciei; consequentia patet: quia posita
955 790 1493 841 eadem causa, sequitur idem effectus.
986 805 1788 884 Ad primum igitur dicendum, quod ratio & mensura cari¬
960 875 1790 921 tatis creatae sumitur ab obiecto, non secundum adaequa¬
954 909 1786 962 tionem: quia sic Deus solus habet caritatem, sed secundum
952 947 1778 999 conformitatem obiecti ad potentiam, cum igitur capaci¬
952 986 1791 1039 tas nostrae voluntatis sit finita, ergo caritas non potest cre
948 1015 1394 1078 scere in infinitum simpliciter.
996 1037 1785 1116 Ad secundum dicendum, qud illi, qui ponunt, quod caritas
948 1101 1793 1151 existens in diuersis angelis, differt specie, sicut & ipsi ange
957 1137 1785 1196 li; illi vtique haberent dicere, quod si Deus in infinitum
956 1174 1777 1237 semper produceret nobiliorem angelum, quod semper pro¬
964 1215 1787 1274 luceret nobiliorem caritatem. Sed dato, quod caritas eiusdem
954 1251 1791 1312 speciei sit in omnibus angelis, tunc potest negari conse¬
950 1295 1787 1339 quentia: quia cum in eadem specie non possint dari infi¬
954 1334 1794 1389 niti gradus, nec in essentia, nec in esse, non uidetur, quod
958 1371 1789 1427 iliquid possit in infinitum intendi simpliciter & absolu¬
947 1412 1777 1464 te nisi mutet speciem. Propter quod dicunt sollemne
954 1449 1779 1504 doctores, quod tanta fuerat gratia caritas in Christo.
954 1490 1790 1543 quod si amplius aucta suisset non mansisset in eadem spe¬
958 1520 1791 1579 cie. Ad probationem dicendum, quod quamuis huiusmodi
949 1561 1790 1618 proportio perfectionis ad perfectibise requiratur in perse
957 1605 1790 1669 ctionibus naturalibus, non tamen in supernaturaliter
954 1646 1792 1688 infusis. Vnde quamuis anima Christi quantum ad sua na¬
951 1683 1793 1741 turalia sit inferior quocunque angelo, iuxta illud psal. Mi¬
956 1726 1789 1776 nuisti cum paullominus ab angelis; caritas tamen Christi
949 1766 1781 1820 maior est, quam sit caritas omnium angelorum simul
949 1796 1191 1853 & vnite sumpta
999 1811 1793 1898 Ad tertium dicedum, quod maior estuera, ubi aceessus ad
951 1883 1790 1935 terminum est suceessiuus, sed sic non est de accessu ad obie¬
954 1918 1794 1973 ctum caritatis, quolibet enim actu caritatis tale obiectum
949 1959 1787 2001 attingitur. Ad minorem dicendum, quod quamuis natu¬
955 1995 1794 2054 taliter &entitatiue Deus distet a nobis in infinitum, est
960 2038 1792 2096 tamen cuilibet creaturae intimior, quam creatura sibi ip¬
959 2069 1784 2132 ui, secundum quod ait Deatus Aug. in libro consessionum, pro¬
955 2112 1797 2173 pter quod cuilibet creaturae potest obiectiue coniungi se
955 2157 1523 2208 cundum beneplacitum suae uoluntatis.
989 2172 1790 2253 Virtus etiam secundae conclusionis impugnatur ab
955 2215 1143 2277 aliquibus sic
1023 2235 1779 2327 Omne finitum per continuum accessum attingi po
953 2307 1783 2365 test maxime ab eo, quod est eiusdem rationis cum ipso
957 2344 1787 2384 sed caritas cuiuscunque existentis in patria est finita, eius¬
959 2382 1798 2430 dem rationis cum caritate uiae, ergo attingi potest quo
948 2431 1796 2482 ad sui aequalitatem per continuam intensionem caritatis
959 2459 1174 2512 ipsius uiae.
981 2473 1793 2556 Praeterea, dato, quod aliquid in patria habeat tres
961 2541 1789 2587 gradus, & vnus uiator habeat vnum, & idem viator per
963 2570 1789 2639 opera meritoria acquirat secundum gradum, non appa¬
955 2624 1783 2672 ret quare non possit illum tertium gradum attingere
969 2660 1802 2716 naxime cum sit eiusdem rationis cum isto secundo, quen
956 2688 1209 2743 iam adeptus est.
965 2706 1796 2790 3 Praeterea, quia doctor noster hic ponit exemplum de
953 2779 1783 2828 angulo contingentiae resul tante ex diametro, & linea se¬
956 2816 1787 2866 micirculi; respondent illi, quod exemplum non est. ac
972 2857 1796 2905 ropositum: quia illi duo anguli sunt diuersarum rationum
957 2893 1793 2938 ideo per crementum vnius non peruenitur ad aequalitatem
962 2926 1802 2977 alterius: Sed caritas viae &caritas patriae est caritas eius¬
970 2974 1793 3017 lem rationis, immo in eodem homine sumpta est eadem
960 3011 1792 3054 caritas numero, sed in his, quae sunt eiusdem speciei, per
958 3053 1797 3108 intensionem, vnius peruenitur ad similitudinem, & aequa
964 3081 1202 3145 itatem alterius,
