2329 3551
477 258 1290 314 Sed illa non concludunt, nec contra me, nec contra do¬
455 306 1293 355 ctorem nostrum: Praesupponit enim doctor, quod ille
453 353 1290 403 proficiens in caritate maneat viator: qua hypothesi sup¬
457 384 1286 429 posita arguitur sic. Quandocumque aliqua duo sic se ha¬
445 424 1279 471 bent, quod eis realiter annexa, a quibus absolui non pos
450 462 1283 508 sunt sunt diuersarum rationum, & quodam modo incom
454 505 1283 557 possibilia, tunc talibus sic permanentibus, per intensio¬
446 543 1287 591 nem, seu incrementum vnius non peruenitur ad aequalita
441 583 1281 629 tem alterius, sed caritas viae & caritas patriae sunt huius¬
450 625 1277 673 modi, ergo &c. Maior patet: quia non potest fieri coaequa
437 659 1283 709 litas inter aliqua stante repugnantia inter ea, quae ipsi
448 701 1286 744 sunt inseparabiliter annexa,; sed minor patet expresse per
450 739 1277 794 Aug. in omelia, quae legitur in festo loannis euangelistae.
480 777 1277 824 Ad primum ergo dicendum, quod licet caritas viae &
449 816 1280 859 patriae sint eiusdem rationis, tamen prout est in uiatore
444 858 1280 900 est inseparabiliter coniuncta his, quae differut ratione ab
436 897 1267 944 illis, quae necessario sunt requisita quo ad perfectionem
449 932 1280 974 caritatis, quae est in patria, puta hic est coniuncta enigma
442 975 1279 1026 ti fidei, ibi autem clarae visioni obiectum diligibile clarif
443 1012 1274 1052 sime demonstranti. Hic anima viatoris reclusa est in car¬
441 1047 1264 1095 cere molis corporalis, de quo dicitur, Corpus quod cor¬
436 1095 1265 1136 rumpitur aggrauat animam, & deprimit terrena habita¬
442 1125 1275 1173 tio sensum multa cogitantem: ibi aute exuta est ab om-
432 1163 1274 1210 ni molestia corporali. His & aliis multis consimilibus stam
440 1205 1274 1251 tibus & permanentibus in viatore, planum est, quod sub
438 1246 1271 1288 iectum caritatis numquam tam nobiliter disponetur in
441 1285 1271 1325 via, qualiter in patria, propter quod eadem essentia cari¬
442 1324 1278 1365 tatis numquam daret esse tam nobile & intensum, qua¬
438 1365 1266 1404 se daret in patria: cum ergo caritas non suscipiat magis;
433 1401 1273 1447 & minus secundum essentiam, sed solum secundum esse,
437 1442 1277 1482 sequitur necessario, quod viator manens viator numquam
434 1480 1270 1533 per suae caritatis augmentum caritati comprehensorisipo
431 1524 1280 1570 terit conaequari. Sicut enim linea vnius cubiti signata in
433 1557 1283 1597 circulo decem cubitorum crescente circulo semper ma¬
432 1595 1269 1649 gis dirigitur & accedit ad rectitudinem, & quamuiscum¬
438 1643 1277 1681 que circulus cresceret in infinitum, numquam pars illa
433 1675 1269 1724 manens in circulo fieret plene recta: Si tamen separare¬
443 1713 1268 1763 tur a circulo in breuissima morula posset perfecte dirigi
425 1756 1269 1798 ita, quod totaliter esset recta. Sic quamuis caritas viato¬
435 1791 1273 1840 ris annexa statui praesentis miserie, quae circulo simila¬
433 1830 1269 1872 tur, eo quod idem sibi respondeat pro fine, & pro princi¬
435 1871 1261 1922 pio, quia viator de terra oritur & in terram conuertetur
443 1907 1272 1957 quamuis inquam talis caritas intendatur; manens tamen
441 1949 1278 2000 infixa poriodo illius praesentis miseriae, niquam erit ple¬
431 1992 1279 2033 ne recta, sicut illa, quae est in patria: rapta vero extra statum
438 2027 1133 2074 praedictum quasi in ictu oculi perfecte dirigetur
467 2060 1265 2115 Et per hoc patet ad secundum, & tertium argumentum.
533 2130 1121 2223 ARTICVLVS III
612 2232 1081 2303 Vtrum caritas possit mimium.
450 2330 1272 2384 VANTVM ad quartum principale, vtrum caritas
468 2384 1265 2430 Possit minui, dicendum, quod caritatem posse mi
429 2419 1267 2464 nui potest intelligi tripliciter. Primo ex parte caritatis
432 2457 1259 2501 secundum se Secundo ex parte Dei. Tertio ex parte ope
434 2490 665 2537 rationis nostrae.
450 2526 1252 2579 Quantum ad primum dico, quod habitui caritatis se¬
426 2577 1260 2618 cundum se non repugnat, quin minui possit: quia habitui
414 2610 1264 2653 cui competit augeri, illi secundum se non repugnat mi¬
416 2647 1260 2703 nui: sed caritati, vt patuit in primo articulo competit au¬
426 2691 1142 2743 geri, ergo sibi secundum se non repugnat minui.
467 2721 1261 2773 Secundo dico, quod non repugnat caritati minui ex
433 2762 1265 2812 arte Dei: quia agens liberum habes plenum dominium
421 2810 1254 2858 super alique habitum, si ipsum potest augere, ipsum etiam
432 2850 1258 2891 potest diminuere: sed Deus per suam gratuitam, & libe¬
414 2886 1256 2936 ram influentiam non solum causat habitum caritatis, sed
414 2925 1254 2964 etiam auget & intendit, & habet plenum dominium su¬
431 2967 855 3010 er ipsum, ergo &c.
453 2998 1250 3057 Tertio dico, quod ex actibus nostris caritatem possu¬
414 3037 1252 3086 mus totaliter perdere, siue amittere, sed caritate manen
414 3082 1253 3144 te per nullum actum nostrum possumns taritatem fmi¬
1329 254 2164 313 nuere. Primum patet: quia per peccatum mortale caritas
1323 308 2158 357 totaliter tollitur, sed nostris actibus possumus peccaro
1331 347 2171 395 mort aliter, ergo &cSecundum probando vnum praesup¬
1338 384 2164 426 pono, puta quod cum actus nostri sint triplices, scilicet bo
1325 426 2163 472 ni, mali, & indifferentes, per bonos actus & indifferentes
1328 462 1892 514 caritas non minuatur. Tunc arguo sic.
1341 499 2162 546 1 Omnis actus noster malus vel implicat peccatum
1320 535 2163 586 veniale, vel mortale; sed mortale non minuit caritatem;
1348 583 2164 623 uia omne, quod minuit, aliquid adhuc reliquit, sed mor
1329 624 2164 666 tale peccatum nihil relinquit de caritate, quia ipsam to
1321 658 2166 697 taliter tollit. Nec veniale: quia omne finitum totaliter
1332 697 2168 741 potest consumi per ablationem frequentem alicuius fini
1328 736 2149 783 ti ab ipso; sed caritas est res finita, cum sit creata, ergo s
1345 773 2153 821 er vnum peccatum veniale posset diminui, tunc per fre
1339 818 2160 858 uentationem & multitudinem talium peccatorum ve¬
1325 853 2161 900 nialium posset totaliter consumi, seu corrumpi, & per con
1324 894 2162 933 sequens, cum non habens aliquid de caritate necessario
1319 933 2171 978 damnetur, sequeretur, quod ex solis venialibus sine om-
1329 969 2059 1013 ni peccato mortali necessario homo damnaretur.
1342 1007 2153 1052 2 Praeterea, si aliquis nuper conuersus habens mini¬
1323 1051 2152 1090 mum gradum caritatis peccat venialiter, aut tale venia¬
1321 1089 2155 1135 le pecccatum diminuit aliquid de caritate, aut nihil. Si di
1316 1129 2153 1170 minuit, tunc quia minimus gradus fuit, nihil de carita¬
1317 1165 2149 1208 te manebit, & sic si talis homo moreretur, tunc propter
1320 1207 2159 1256 vnum peccatum veniale , perpetue damnaretur: Si nihil
1319 1245 2152 1295 diminuit, pari ratione nec aliquod aliud peccatum uenia
1330 1283 1634 1327 le diminuere potest.
1353 1319 2149 1371 Sed contra illa ueritate est opinio quorundam, qui dicunt,
1329 1358 2160 1411 quod caritas minuitur in sua essentia propter peccata ve
1319 1402 2152 1449 nialia; uia homo multiplicando huiusmodi peccata ac¬
1314 1441 2155 1489 quirit habitum cupiditatis, & quanto magis multiplica¬
1314 1478 2153 1528 tur actus huiusmodi peccatorum, tanto magis intendi¬
1323 1514 2165 1570 tur; inclinatio ad peccandum, & per consequens minor in
1314 1560 2153 1599 clinatio, siuc habilitatio ad bonum, habilitatio autem ad
1313 1596 2159 1640 bonum, vt dicunt, est ipsa caritas, ergo peccata venialia di
1314 1635 2152 1676 minuunt caritatem. Et addunt, quod sic peccatum uenia
1314 1675 2149 1721 le diminuit caritatem, quod ipsam tamen non tollit;
1320 1711 2152 1760 quia in peccatis uenialibus est deuenire ad talem termi-
1324 1754 2156 1795 um, ultra quem, si elicitur aliquis actus malus, qui alias
1320 1793 2149 1844 esset venialis, ex tunc esset mortalis. Et illud multiplici¬
1326 1828 1675 1885 ter probatur. Primo sic
1362 1871 2164 1918 1 Sicut peccatum mortale est totalis auersio a Deo,
1323 1911 2147 1951 sic peccatum veniale est aliqualis auersio a Deo, sed in
1313 1948 2157 1991 totali auersione amittitur tota caritas, ergo in aliquali
1311 1988 2163 2032 auersione aliqualiter amittitur caritas, ita quoe minus dili¬
1320 2026 2165 2080 getur Deus, quam deberet diligi, Propter quod ait Aug.
1324 2067 2157 2121 n libro confessionum. Quod magne Deus minus te amat,
1326 2106 2135 2158 qui aliquid tecum amat, quod non propter te amat.
1357 2144 2155 2189 2 Praeterea, illud, quod in principio, puta in prima ca¬
1314 2182 2150 2234 ritatis infusione facit, quod minor caritas infunditur, hoc
1328 2234 2154 2273 post infusam caritate facere potest, vt caritas minuatur;
1314 2265 2150 2310 sed multitudo venialium peccatorum si fuerit in homi¬
1311 2305 2145 2351 ne, quando primo sibi caritas infunditur, facit, vt ei minoi
1315 2340 1730 2390 caritas infundatur, ergo &c
1320 2374 2156 2421 3 Praeterea, posito, quod nunc sint duo in aequali gra¬
1314 2411 2159 2471 du caritatis, si vnus illorum committit veniale peccatum
1314 2457 2153 2509 & non alter, peccans minus carus erit Deo, quam non
1314 2495 2155 2545 peccans, sed qui est minus carus Deo, minus habet de ca¬
1308 2536 2163 2597 ritate, ergo ex peccato veniali caritas diminuta est in tali
1309 2574 1955 2619 homine, quamuis totaliter non sit sublata
1321 2606 2147 2658 4 Praeterea, omne malum, vt malum est, tollit aliquid
1318 2653 2063 2704 le bono, sed peccatum veniale est malum, ergo &c
1323 2688 2143 2740 3 Praeterea, post maiorem caritatem contingit alique
1320 2733 2154 2787 sse minus dispositum pro caritate, quam antea fuerat, sed
1320 2771 2141 2819 aritas sicut tu dicis suscipit magis & minus secundum
1304 2812 2147 2859 maiorem & minorem dispositionem subiecti, ergo &c
1318 2855 2147 2903 e Praeterea, 83. quaestionum ait August. Cum augetur
1315 2883 1715 2935 tupiditas, minuitur caritas.
1322 2932 2147 2981 Sed illa non videntur esse vera: quia sicut eisdem acti¬
1305 2960 2178 3020 bus generatur & augetur habitus, vt patet 2. et hicorum,:
1305 3006 2178 3055 sic ex consimilibus actibus corrumpitur & diminuitur ha
1296 3044 2138 3097 bitus, sed nullum peccatum veniale potest corrumperu
1308 3090 2156 3140 habitum caritatis etiam vt tu ipse dicis, ergo nullum por
