2374 3552
552 250 1154 343 E ONcLVS10 I.
434 348 1278 431 Quod quamlibet diuimam personam esse in quali¬
476 397 1217 474 bet duima persona non potest sufficienter pro¬
656 455 1063 521 bari ex diuina relatione.
435 546 1273 605 QECVND o dico, quod non potest probari, quod diuinae
432 588 1270 635 Opersonae sibi mutuo insint ratione diuinae relationis,
479 624 1271 677 1 Quia quae aliquibus sunt ratio oppositonis, illa nen
435 663 1273 708 sunt ratio praecisa, quare vnum illorum alteri insit, sed re
435 697 1276 751 lationes diuinae sunt personis ratio oppositonig, ergo &c
476 748 1274 789 2 Ratione illius non conuenit personae inesse, rationem
437 775 1279 828 cuius sibi proprie conuenit adesse, sed ratione relationis
434 812 1274 876 personae diuinae conuenit adesse. Maior patet, quia tales
440 866 1279 911 modi simpliciter diuersi non possunt conuenire eidem
435 897 1285 944 ratione eiusdem. Minor est nota: quia relationis esse
436 941 581 991 est ad esse
471 970 1280 1033 3 Praeterea, id, quod est praecisa ratio distinctionis per
442 1021 1275 1064 sonae a persona, non est ratio essendi vnam personam in
439 1051 1273 1108 alia, sed relatio in diuinis est precisa ratio distinctionis
434 1094 910 1151 vnius personae ab alia, ergo &c.
572 1172 1145 1240 c ONCLV S 10. III
434 1251 1276 1332 Quod quamlibet diuinam personam esse in qualibes
476 1316 1244 1384 diuina persona non potest sufficienter probari, si
513 1378 1202 1440 ratio tantummodo sumitur ex diuinarum
606 1414 1106 1484 personarum essentiali identi¬
779 1462 941 1530 ficatione.
444 1545 1287 1610 TERTIo dico, quod unamquamque personam diui
454 1610 1273 1651 nam esse in alia non potest fufficienter probari ex
435 1645 1258 1694 hoc praecise, quod realiter sunt idem in diuina essentia.
471 1676 1270 1726 1 Quia ex eo praecise non probatur aliquid alicui in
442 1712 1274 1771 esse, ex quo praecise sibi conuenit per se esse: sed cuilibes
442 1753 1277 1808 diuinae personae conuenit per se esse propter hoc, quod ess
449 1797 1275 1853 idem realiter quod diuina essentia, ergo per hoc non po
451 1838 912 1897 test praecise probari alteri inesse
485 1869 1273 1932 2 Praeterea, si ratione, qua pater est idem filio in diu
440 1912 1281 1966 na essentia, pater esset in filio, tunc esset in seipso per se
441 1953 1279 2008 & primo consequens est falsum, vt patet 4. physicorum;
436 2003 1285 2044 vbi probatur impossibile esse, quod idem sit in seipso pri
431 2031 1277 2082 mo; consequentia patet: quia sicut pater est idem realiter
438 2071 1279 2123 filio per diuinam essentiam, sic est idem sibi ipsi primo &
452 2113 1276 2159 per se: quia per nihil alterum, ergo si ratione identitatis
441 2155 1277 2203 quae sibi conuenit per essentiam praecise est in filio: ratio.
450 2199 1286 2245 ne qua, est idem sibi ipsi per se, & non per alterum, esset
446 2235 673 2288 in seipso primo.
488 2265 1277 2322 3 Praeterea, ratione illius, qua aliqua sunt omnino idem
444 2307 1285 2363 realiter, non potest praecise probari vnum illorum esse in al
434 2347 1279 2401 tero: sed ratione diuinae essentiae personae sunt oino idem
443 2385 1292 2436 realiter. Maior patet: quia semper inter ea, quorum vnum
441 2426 1283 2475 est in altero, oportet quod aliqua differentia discernatur;
441 2464 1291 2515 sed in diuina essentia sic personae diuinae conueniunt, quod
443 2509 947 2571 in essentia nullo modo differunt
548 2626 1193 2705 cO NCLVS1O II1.
437 2702 1282 2789 Quod proedicta inexistentia cuilibet diuinae persond
483 2767 1278 2840 qualibet sufficienter probari pot est ex veali con¬
492 2813 1272 2872 ueientia, & veali differentia, quam habent duum
490 2872 1277 2927 nae personae, non propter essentiam tantum, ner
489 2922 1279 2991 propter relationem tantum, sed propter essentia
480 2965 841 3034 & relati onem simul
507 3043 1276 3106 VARTo dico, quod quamuis ratio istius inessend
449 3093 1283 3149 non sit essentia praecise sine relat ione nec relatio
1323 252 2176 307 praecise sine essentia; essentia tamen & relatio simul sum
1338 303 2180 349 ta sunt perfecta ratio, quare quaelibet diuina persona est
1329 341 2167 389 in altera; quia quaecumque suppositaliter differunt, ita ta
1321 386 2174 428 men quod in vna natura realiter conueniunt, illorum ne
1333 423 2168 464 cessario vnum est in altero: sed personae diuinae ratione
1320 459 2174 498 relationum realiter differunt, ratione diuinae naturae rea
1323 493 2168 536 liter conueniunt, ergo &c. Minor patet exfide; maiorem
1325 532 2177 585 probo; quia in quocumque est natura alicuius, in illo est
1323 575 2174 622 illud, cuius est natura, praesupposita tamen inter ea reali
1322 611 2168 653 differentia; alias per illam maiorem semper probaretur
1326 650 2164 697 idem esse in seipso; quia natura cuiuslibet est in eo: Sed
1324 694 2175 739 natura cuiuslibet diuinae personae est in qualibet diuina
1335 728 2170 769 persona, ita tamen, quod personae realiter differunt inter
1329 766 2159 819 e, ergo quaelibet diuina persona est in qualibet diui¬
1330 806 1488 863 na persona
1359 830 2162 894 Sed dices, quod si illud, quod est ratio per se essendi
1334 884 2174 932 praecise non est ratio inessendi, & similiter illud, quod est
1335 928 2174 969 ratio adessendi praecise non est ratio inessendi, tunc nec
1325 963 2171 1011 simul iuncta poterunt esse ratio inessendi, sed vt su¬
1336 1009 2161 1050 perius dixi, diuina essentia est ratio personis per se essen¬
1332 1043 2166 1086 di, & relatio ad aliud essendi, & praecise vnum illorum ab
1323 1079 2162 1131 altero sumptum separatim non poterit esse ratio suffi¬
1326 1120 2166 1175 ciens personam essendi in persona, ergo nec simul iuncta
1318 1159 2078 1212 poterunt esse causa sufficiens talis modi inessendi.
1352 1200 2162 1246 Respondeo per interemptionem maioris: quia quaecum¬
1326 1247 2168 1285 que sibi connaturaliter mutuo in sunt, oportet ea habe¬
1331 1279 2168 1330 re conuenientiam, & differentiam, sed nec essentia est ra
1335 1319 2162 1362 tio differentiae ipsis diuinis personis, nec relatio est ratio
1317 1350 2178 1400 conuenientiae, simul tamen iuncta ratione essentiae sic con
1332 1398 2163 1448 ueniunt, quod tamen ratione relationis huiusmodi perso
1316 1431 1517 1488 nae differunt
1371 1472 2165 1525 Ad argumentum principale dicendum ad maiorem, quod
1330 1514 2168 1557 relationes diuinas esse in aliquo dupliciter potest intelli
1323 1555 2174 1603 gi, scilicet formaliter, vel identice. Primo modo maior
1325 1597 2165 1640 est vera, quia formaliter paternitas est in solo patre, filia,
1329 1630 2168 1681 tio in filio, processio, siue spiratio passiua in spiritu san¬
1323 1672 2171 1716 cto. Secundo modo maior est falsa, quia ratione identita
1323 1712 2174 1756 tis, qua omnes diuinae relationes sunt idem cum essen¬
1330 1749 2167 1797 tia diuina, in qualibet diuina persona sunt omnes illae re
1322 1783 1590 1839 lationes, ergo ecc¬
1455 1953 2054 2050 DISTINCTIO Six.
1331 2108 2175 2185 preussima, ac vesolotissia diuusio huius distinctionis
1368 2157 2139 2231 m qua quidem de duinarum personarum aequa
1545 2211 1949 2280 litate pulcbre peragitur.
1647 2368 2180 2421 VNC OSTENDEM VS &c. Haec
1668 2417 2181 2464 est distinctio 2o. In qua Magister
1659 2459 2167 2509 ostendit diuinarum personarum
1669 2495 2178 2548 equalitatem ex eo quod habent
1658 2534 2178 2581 virtutem & potestatem, & diuidi¬
1668 2571 2177 2627 tur in duas partes; quia primo Ma
1658 2612 2176 2666 gister istud probat auctoritate: Se-
1669 2651 2166 2698 cundo ratione ibi, ltem alio mo¬
1328 2691 2181 2741 do. Prima in duas; quia primo circa illud propositum veri
1338 2730 2175 2784 tatem, quam sentit, ponit, & auctoritatibus sanctorum mu¬
1326 2770 2174 2824 nit, Secundo, quandam cauillationem, quae huic veritati
1338 2807 2167 2860 videtur esse contraria, tollit ibi, Sed inquis pater. Tuns
1334 2855 2173 2899 sequitur illa pars, Item alio modo; vbi magister primo
1340 2888 2175 2935 probat suum propositum; Secundo remouet quod suo
1343 2925 2173 2978 proposito videtur esse contrarium ibi, Sed forte dices &c
1336 2964 2168 3023 Prima in duas, quia primo probat intentum ratione du¬
1322 3002 2175 3052 cente ad impossibile; Secundo ratione ac cepta ex simili¬
1344 3044 2166 3097 tudine ibi, Hoc autem per similitudinem. Circa hanc di¬
1328 3082 1918 3155 stinctionem quaero hanc quaestionem.
