2374 3545
206 231 1051 307 ra excepta sola natura diuina, non inueniuntur tria sup¬
201 302 1055 350 posita n vna indiuisa essentia, ergo ad rationem contra
196 338 1049 378 articulum trinitatis, nullam extra propositum poteri
208 378 516 432 instantiam assignare
244 421 1049 468 Ad dissolutionem illorum, & consimilium, quae fier
210 465 1053 503 possunt in hoc proposito, est sciedum: quod sicut est mul¬
207 498 1052 543 tiplex genus deceptoriae argumentationis, puta in dictio
211 533 1049 583 ne, & extra dictionem, vt patet. 1. elencorum, sic est mul
216 572 1050 625 tiplex genus solutionis, puta quandoque soluitur sophis
204 612 1061 659 maper distinctionem, & assignatur peccatum in forma:
207 654 1052 703 quandoque per interemptionem, & assignatur peccatun
209 695 1052 740 in materia; & quia omnia adducta, vel adduci possibili¬
208 729 1061 776 contra nostrae catholicae fidei veritatem sunt falsissima so
210 769 1051 807 phismata teste August. 14. de ciuit. Dei. vbi ait. In nostri
201 808 1066 851 relixionis historia, diuina auctoritate fulciti, quicquid es
195 852 1055 899 resistit, non dubitamus esse falsissimum. Et in epistola 7
200 892 1057 940 ad Marcellinum. ait. Si ratio contra diuinarum scriptura
197 927 1054 982 rum auctoritatem redditur, quantumcumque acuta sit
195 973 1059 1018 verissime fallit. Igitur omnes tales rationes solui possunt
200 1004 1057 1052 vel per distinctionem, vel per interemptionem. Verb
201 1041 1062 1100 gratia. Fiat ille svllogisinus a non fideli. Impossibile ess
204 1088 1060 1138 in aliqua natura plurificari supposita, quin etiam plurifice¬
202 1123 1055 1166 tur natura: in diuinis, secundum te, sunt plura supposita
203 1163 1058 1205 igitur erit multiplicata natura, & per consequens plure¬
210 1201 1060 1253 Dij. Respondeo per distinctionem: quia duplicia sunt sup
212 1248 1065 1294 posita, quaedam. Tabsoluta, quaedam vero relatiua. Lo¬
201 1292 1057 1332 quendo de suppositis absolutis, tunc maior est vera prae¬
200 1320 1068 1372 dictae rationis: sed minor est falsa. Loquendo vero de sup
209 1368 1054 1410 positis relatiuis, minor est vera: sed maior est falsissima
195 1401 1068 1460 quia nihil repugnat, tres diuinas personas in vna diuina
203 1441 842 1492 natura per oppositas relationes dist: ngui¬
256 1465 1062 1523 Forte dicet infidelis, quod illa solutio assumit falsum;
213 1514 1056 1570 quia oppositae relationes reales non possunt simul essi
207 1562 745 1612 in eodem indistincto fundamento.
249 1594 1060 1642 Respon tunc distinguendum est de fundamento: qui¬
212 1634 1060 1687 aut loqueris de fundamento finito, aut infinito. si primo
212 1676 1065 1724 modo concedo; si secundo modo, nego. Et dicerent ali¬
213 1712 1060 1767 qui, quod nihil repugnat, duas relationes oppositas simu
207 1753 1067 1802 esse in eodem fundamento: Nam inter mouens, & motum
211 1795 1064 1841 sunt duae relationes oppositae, quae idem habent funda¬
209 1832 827 1881 mentum, quando idem mouet seipsum.
250 1876 1058 1918 Forte infidelis iterum dicet, quod supposita relatiua non
226 1914 1067 1965 poterunt esse in natura absoluta: hic assumitur falsum; Ei
226 1956 1064 1994 deo respondendum est per interemptionem. Et ratio inte¬
221 1998 1063 2040 remptionis petitur, illa esse potest: quia ille, qui iudica
225 2028 1064 2070 de aliquo, quod omnino suum intellectum, & modum
213 2070 1076 2113 suum considerandi excedit, ille temerarie, & male vide¬
217 2104 1077 2158 tur iudicare sed noscere quomodo tria relatiua supposi¬
215 2145 1067 2194 ta sint in vna infinita Dei natura, excedit intellectum, &
218 2187 1074 2234 modum considerandi cuiuslibet philosophi mundani, et
239 2231 1070 2281 so: sicut igitur philosophus, etiam vt metaphisicus, i:
224 2272 1064 2314 metaphisicae, noluit praesumptuose iudicare de acerto ni
225 2297 1077 2350 mero intelligentiarum, sed detulit superiori, dicens, ll¬
227 2340 1075 2393 lud autem per certitudinem inquirere, iltioris inquisitio
228 2392 1076 2434 nis esse videtur. Sic multo magis de articulis fidei non ha
222 2422 1071 2478 bet philosophus iudicare: sed deserre tenetur superiori
263 2464 1066 2512 Ad primum ergo dicendum, quod non ostenditur po
226 2504 1074 2550 solutionem datam a theologo, quod articulus non sit im
233 2538 1066 2593 possibilis, sed eo modo, quo dictum est, soluitur, & vltim;
230 2581 1079 2632 te sibi ostenditur, quod medium aisumptum per ipsum,
238 2624 1073 2673 est extraneu a proposito; & non applicabile ad conclusio
230 2665 1075 2706 nem, quam nititur reprobare, eo quod talis conclusio to
229 2695 1082 2755 tam suam facultatem excedit, & modum suum conside¬
223 2746 1076 2789 randi. Vnde dato per impossibile, quod conciusio, quam
225 2777 1075 2824 intendit probare philosophus contra fidem vera esset, qud
226 2815 1083 2864 huc ostenditur sibi, quod medium assumptum ad proban
231 2859 1081 2908 dum, est impertinens, & extrancum a proposito, & per con
233 2903 596 2945 sequens non concludit.
276 2928 1091 2981 Et per hoc patet ad secundum, quia per fideles solutio
235 2970 1088 3020 nes, non improbatur directe oppostum fidei, sed ostendi
229 3012 1062 3063 tur, quod rationes infidelium non concludunt propositum.
240 3057 1088 3102 Ad tertium dicendum, quod maior vera eit, quando non
222 3090 1081 3150 assignatur ratio interemptiouis: sed quando rationem in
1106 235 1940 306 teremptionis assignamus, tunc possumus dare instantian
1110 301 1950 353 in proposito: & non oportet instantiam assignare extra
1113 348 1946 393 propositum. Sed vtrum aliqui articuli fidei possint proba
1111 384 1959 434 ri efficaci ratione, puta Deum esse creatorem in tempo¬
1104 420 1955 462 te, & alia similia, patebit domino concedente circa prin¬
1103 456 1944 502 libri secundi. Pro supradicta conclusione faciunt & aucto
1101 499 1944 541 ritates sanctorum. Primo Pauli Apostoli, qui habitum
1116 535 1948 585 theologiae saepius appellat scientiam, & sapientiam, Secun
1105 575 1953 619 do Aug. In multis enim suis libris hunc habitum vocat.
1110 616 1944 658 scientiam, & quandoque nominat scientiam salutis: quan
1102 654 1942 696 doque scientiam fidei. Recitationes tamen auctoritatum
1106 694 1949 736 dimittantur ratione breuitatis. Ait etiam Hich. 1. de tri¬
1107 735 1946 776 nit. Meae intentionis est in hoc opere non solum inueni
1106 771 1949 814 re probabiles rationes, sed etiam necessarias. Et in eoden
1116 807 1947 850 cap. ait. Omni studio, & summa diligentia debemus consi
1101 851 1958 894 stere, vt ad eorum intelligentiam, quae fide tenemus,
1108 891 1956 935 quotidianis incrementis proficere valeamus, in quorum
1121 927 1900 970 lena, & perfecta intelligentia vita obtinetur aeterna
1140 964 1949 1010 Item Ans in de incarnatione verbi ait. quod illa duo
1107 1011 1946 1058 opuscula, scilicet prosologion, & monologion ad hoc fa¬
1110 1045 1943 1086 cta sunt, vt quod fide tenemus de diuina natura, & perso.
1110 1078 1943 1136 nis: necessariis, rationibus, & auctoritatibus sacrae scripti
1103 1123 1361 1175 rae probari possit
1228 1198 1796 1281 ARTICVLVS I.
1198 1278 1849 1368 Vtrum in ista scientia Theologiae articuli
1384 1352 1673 1417 fidet sint pruicipia
1185 1426 1956 1488 VAMTVM ad secundurm articulum. Preuiter di¬
1128 1446 1959 1517 co, quod sic. quia respecta ipsorum omnia consi¬
1110 1516 1948 1563 derata in illa scientia regulantur, & diriguntur. Sed con¬
1114 1561 1785 1607 tra hoc aliqui imultipliciter nituntur arguere
1150 1586 1964 1640 Primo sic. Nulla scientia probat sua principia, sed ipsa
1116 1633 1959 1680 supponit sed tota theologia ordinatur eotra haeretieos,
1119 1671 1709 1713 & infideles, inquantum negat articulos.
1129 1704 1950 1760 2 Praeterea, nulla scientia quaerit de suis principijs, nec
1121 1749 1959 1794 concludit ea, sed docto, theologici, quasi in omnibus li¬
1122 1784 1964 1838 bris suis, formant quaestiones de fidei articulis, & ipsas com¬
1113 1828 1379 1881 cludunt ergo &c.
1152 1862 1952 1920 3 Praeterea, in nulla scientia principia sunt minus co¬
1119 1902 1957 1960 gnita, quam conclusio, vt patet, i posteriorum: sed de arti
1112 1952 1949 1994 culis fidei habemus solum notitiam creditiuam: conclu¬
1115 1985 1963 2034 siones autem aliquo modo sciuntur, sicut patuit in praece
1116 2023 1468 2075 denti articulo, ergo &c.
1151 2068 1962 2115 4 Praeterea. 1. Det. dicitur de habentibus habitum theo
1125 2097 1961 2148 logiae, quod semper debent esse parati ad satisfaciendum om¬
1113 2145 1959 2196 ni posceti, & reddere rationem de ca, quae in nobisest fide.
1152 2187 1960 2228 3 Praeterea, August. totum librum de trini vt ipsemet
1122 2214 1973 2270 fatetur. 1. de trini ordinauit ad declacrandum istum arti¬
1122 2266 1967 2308 culum. Deus est trinus, & vnus. Et ibidem ait. quod om-
1124 2299 1967 2342 nes, qui ante eum scripserunt de trinitate, quae Deus est,
1128 2332 1962 2385 diuinorum librorum veterum, & nonorum catholici tra
1126 2374 1959 2429 ctatores hoc intenderunt secundum scripturas docere
1137 2420 1972 2471 quod pater, & filius, & spiritus sanctus, sunt vnius diuinae
1122 2457 1280 2507 substantiae
1167 2479 1958 2544 Item i4 de trini dicit idem Aug. quod huic scientiae
1134 2542 1961 2586 quae dicitur theologia, non omnia tribuenda sunt, quam
1122 2577 1964 2624 im rebus humanis, ab homine sciri possunt: sed id tantum
1127 2613 1968 2667 quo fides saluberrima, quae ad veram beatitudinem ducit
1140 2649 1974 2706 signitur, nutritur, defenditur, & roboratur Ex quibus om
1128 2697 1977 2745 nibus patet, quod articuli fidei per thoologiam desen¬
1122 2724 1974 2775 duntur, & declarantur, & per consequens non possunt es¬
1121 2769 1967 2815 se principium theologiae: quia, vt paret. 1. physicorum: &
1136 2809 1843 2861 1. posteriorum, scientia non probat sua principia
1158 2840 1970 2893 Sed illa non concludunt. igitur ad primum dicendum,
1131 2891 1967 2945 que maior est falsa: metaphysicus enim. 4: metaphysicae pro
1132 2928 1373 2984 bat principia sua
1151 2958 1982 3017 Sed dices, quod hoc non est ad propositum: quia metaphy¬
1128 3017 1982 3056 sica est scientia communis, tmeologia est scientia specin¬
1139 3044 1973 3098 lis: ideo quamuis metaphysica possit probire sua princi¬
1149 3081 1783 3145 ia, hoc non poterit competere thcologiae.
