2344 3544
465 235 1288 295 Dico, quod illa maior ab aduersarijs absolute fuit as¬
429 288 1296 336 sumpta, & vniuersaliter sine distinctione, & ideo sufficit
434 330 1283 380 dare instantiam in vno contento sub illo vniuersali vni¬
435 373 1291 430 uersaliter negato, cum dicitur, nulla scientia probat sua
440 411 580 461 principia
471 419 1283 503 Respondent etiam quidam doctores ad praedictam ratio
443 486 1285 529 nem, quod principia possunt dupliciter probari. Vno mo
434 525 1283 570 do explicite: alio modo implicite. Primo modo probat
429 565 1286 611 metaphysica, siue vniuersalis scientia sua principia. Secudo
428 607 1276 649 modo, probare potest quaelibet specialis scientia sua pris
444 646 1286 691 cipia: nam resoluedo conclusiones in praemissas, & praemissas
439 682 1280 732 in principia: tunc impossibile est conclusionem esse falsam
432 724 1289 773 nisi deficiat aliqua praemissarum: etiam procedendo vsque
441 763 1279 808 ad primum principium, sicut patet. 1. priorum. Cum ergo
432 798 1283 844 ad destructionem conclusionis necessario sequatur destru
428 841 1289 894 ctio principij; quicunque explicite defendit, & probat con
438 885 1277 922 clusionem: ille etiam implicite, & indirecte videtur pro
437 918 1283 968 bare principium: cum igitur quaelibet scientia specialis
432 957 1284 1007 habeat probare, & defendere suas conclusiones: igitur
432 993 910 1048 necessario defendit & principia.
471 1040 1285 1080 Sed illa solutio non valet; quia, licet ex falsitate con-
442 1078 1277 1132 clusionis sufficienter arguitur falsitas in aliqua praemissa¬
430 1121 1283 1165 rum: ex veritate tamen conclusionis, non potest argui ve
431 1157 1282 1202 ritas in praemissis, eo quod ex falsis quandoque sequitur ve¬
429 1192 945 1247 rum, vt patet in secundo priorum.
470 1213 1277 1291 Aduertendum etiam, quod licet theologia sit scientia spo
432 1282 1283 1325 cialissima, ratione subiecti: quia suum subiectum, non so¬
432 1312 1275 1364 lum est vnum vnitate specifica, sed est vnum simpliciter
439 1354 1285 1394 & realiter vnum, & idem numero: ratione tamen conside
429 1392 1285 1438 ratorum, est scientia communissima: nulla enim scientia
429 1431 1271 1483 humanitus inuenta tot potest considerare in propria for
434 1472 1280 1525 ma, sicut sacra theologia: ipsa enim considerat de Deo crea
434 1510 1269 1555 tore, & de omni creatura, prout manuducit in creatorem
425 1549 1277 1596 & dirigit in vltimum finem. ldeo dato, quod theologia,
432 1593 1273 1638 prout conuenit cum scientia speciali, non possit sua prin¬
426 1633 1281 1682 cipia probare, tamen, vt conuenit cum scientia communi
431 1666 893 1715 potest ea probare & declarare.
469 1687 1283 1762 Ad secundum dicendum, quod de aliquo potest quaeri
430 1748 1278 1795 dupliciter. Vno modo, eo quod de ipso dubitatur, & secun
423 1785 1282 1832 dum hoc dicitur. 1 topicorum, quod quaestio est dubitabi
419 1825 1268 1865 lis proposito, & sic non quaeritur de principijs, sed tam¬
425 1872 1271 1914 quam verissima in omni scientia supponuntur. Alio mo
429 1899 1275 1955 do quaeritur de aliquo, non quod de ipso dubitatur, sed so
426 1941 1264 1987 lum dubitatur de sua applicatione in materia speciali, q&
417 1982 1264 2025 sic necesse est, quaestiones fieri de principiis: quia lice
430 2023 1262 2068 principia in se sint verissima, possunt tamen in materi
420 2061 1268 2100 speciali false applicari, & ex hoc contingit svllogismus fa¬
418 2101 1274 2150 sigraphus, sicut patet in lib elench. Primo ergo modo non
425 2149 1256 2188 quaeritur in theologia de articulis fidei, sed secundo mo
422 2174 1268 2233 do necesse est, fieri quaestiones de eis, ne quas ipsis suppo
420 2216 1272 2275 sitis haeretici, falsigraphe svllogixando, falsas faciant appli
426 2254 842 2305 cationes in materia speciali.
455 2294 1266 2342 Ad tertium dicendum, quod maior est falsa in omn
420 2335 1268 2381 scientia subalterna: quia talis scientia praesupponit sua prin
418 2374 1268 2418 cipia, tanquam euidentia in scientia superiori; & quia
423 2415 1273 2470 theologia aliqualem habet similitudinem cum scientiis
423 2454 923 2493 subalternis, vt infra patebit, ergo
465 2479 1092 2538 Ad auctoritates autem patet per praedicta.
465 2531 1259 2580 Ad dictum Deati Petri dici potest, quod rationem reddi
420 2570 1267 2623 mus de fidei articulis, in quantum modo, quo superius di
423 2610 1058 2654 ctum est, rationibus oppositis respondemus
461 2649 1261 2694 His praemissis, probabo intentum. s. quod articuli fide
426 2685 1259 2736 sunt principia theologiae, seu istius benedictae scientiae
417 2728 1253 2773 quia illa sunt principia in qualibet scientia, quae sic se ha
414 2765 1255 2815 bent, quod ea existimantur magis vera, quae magis confor
420 2812 1271 2860 miter se habent ad ipsa, sed sic se habent articuli fidei in
422 2842 1265 2894 theologia, ergo &c. Maior est nota: quia principia sunt
414 2888 1256 2935 quasi regula, & mensura omnium ceterorum considerat
411 2932 1265 2976 rum in scientia: in qualibet aute arte, id magis sapit de ve
408 2968 1260 3006 ritate illius artis, quod magis accedit ad suam regulam
412 3001 1268 3050 & mensuram. Minor, etiam patet: quia in ipsa theologia,
420 3043 1257 3086 vnumquodque tanto verius reputatur, quanto articulis fi
405 3082 1265 3139 dei magis conformatur, & econuerso, omne, quod ab ipsis
1341 237 2119 297 dissentit, tamquam erroneum improbatur.
1366 291 2201 338 2 Praeterea, in qualibet arte, propositiones, quibus ma
1332 341 2205 381 xime adheremus, illae talis artis sunt principia, vt patet. 1. po
1335 372 2177 413 steriorum. conclusionibus. nm adhaeremus propter princi
1339 412 2183 462 pia, propter quod autem vnumquodque tale, & illud magis
1344 450 2186 497 vt dicitur ibidem: sed in sacra scriptura, articulis fidei ma¬
1331 497 2193 540 xime adhaeremus, & propter ipsos oibus alijs, ergo &c
1379 530 2182 575 3 Praeterea, illae propositiones, quae taliter formantui
1335 567 2182 620 de subiecto alicuius scientiae, quod in tali scientia non pos¬
1339 607 2192 648 sunt probari per priora, sunt prima eius principia, articu¬
1336 645 2180 695 li fidei taliter formantur de subiecto theologiae, quod ne
1340 690 1868 733 possunt probari per priora, ergo &c
1376 722 2184 772 Forte dices, & si non per priora, saltem possunt decla¬
1326 762 1917 815 rari, & probari per posteriora; ergo &c
1377 796 2184 855 Dico, quod hoc non impedit rationem principij: quia
1337 845 2170 887 etiam primum principium. 4. meta, probatur, & declara
1341 881 1564 934 tur a posteriori
1348 913 2177 968 4 Praeterea, quae praesupponuntur in scientia taquam
1328 968 2184 1011 verissima, illa sunt eius principia, sed articuli fidei sunt
1336 999 2168 1047 huiusmodi in theologia; ergo &c. Maior patet. 1. poste
1333 1039 2169 1095 riorum, vbi dicitur, quod de principijs oportet praesuppo
1335 1077 1650 1136 nere quod vera sunt
1479 1160 2046 1238 ARTICVLVS IIt
1517 1248 1989 1327 Vtrum Theologia sit scientia
1644 1306 1835 1370 sub alterna
1396 1390 2179 1442 VANTVM ad tertium articulum patet ex iam
1455 1435 2170 1493 dictis, quod theologia large loquendo, potest dic
1326 1473 2176 1521 scientia subalterna; cum non reducat in per se nota, sed
1332 1515 2167 1559 praesupponat sua principia tamquam notissima in scien
1326 1555 2167 1599 tia Dei, & beatorum, quae principia Deus, cum voluerit
1327 1601 2177 1646 poterit reuelare. Nota tamen, illa scientia proprie non
1325 1631 2177 1680 est subalterna: quia quandocunque vna scientia subalterna
1324 1672 2182 1717 tur alteri scientiae, ex hoc, quod causa euidentiae suorum
1329 1708 2176 1756 principiorum patet in scientia subalternante: tunc qui¬
1328 1753 2180 1803 cunque habet scientiam subalternam, ille naturaliter po¬
1320 1788 2183 1834 test attingere scientiam subalternantem, inquantum eui
1317 1829 2164 1869 dentia suorum principiorum patet in subalternante; sec
1319 1866 2168 1909 habens scientiam theologiae non potest naturaliter attin
1329 1907 2196 1952 pere scientiam Dei, & beatorum, ergo &c. lsta ergo di¬
1317 1948 2195 1995 stinctione bene intellecta, cessare poterit murmur argu¬
1317 1985 2167 2038 mentorum duarum opinionum, quarum prima dicit, quod
1320 2025 2195 2069 scientia theologiae sit subalterna: alia econtra negat. Ra¬
1322 2063 2171 2109 tiones primae opinionis verum concludunt quo ad simili
1325 2105 2161 2146 tudinem, quam habet cum scientia subalterna. Ratione
1320 2141 2174 2181 secundae verum concludunt, quo ad proprietatem subal¬
1320 2185 2167 2235 ternationis, quia non est proprie subalterna; sicut sufficien
1319 2224 2173 2272 ter ostendit doctor noster frater Aegidius in scripto su¬
1324 2263 1805 2312 per prologo primi sententiarum
1358 2297 2194 2346 Est etiam alius doctor, directe obuians praelibatis. Di¬
1317 2336 2194 2395 cit enim, quod scientia subalterna non dependet a scien¬
1314 2378 2162 2424 tia subalternante isto modo, quod accipiat sua principia ab
1324 2421 2165 2466 ea, tamquam a manifestante causam suorum principiorum
1317 2454 1693 2508 Quod probat tripliciter,
1348 2489 2174 2555 Primo, quia scientia subalterna ageret vltra suam spe¬
1316 2539 2162 2591 ciem. Probatur consequentia: quia consideratio cuiussi¬
1311 2575 2163 2631 bet scientiae sistit in suis principus: si igitur scientia subal
1312 2619 2162 2670 terna, per manifestationem subalternantis, cognosceret
1315 2660 2168 2710 causam suorum principiorum, iam sua consideratio non
1317 2691 1688 2744 sisteret in principijs.
1344 2739 2162 2790 2 Praeterea, tunc scientia subalterna posset sua princi¬
1317 2775 2162 2824 pia demonstrare: hoc autem repugnat omni scientiae; con
1314 2815 2164 2874 se quentia patet, quia quicunque scit causam alicuius, po¬
1311 2852 1931 2894 test ipsum per suam causam demonstrare.
1344 2887 2158 2939 3 Praeterea, tunc nullus posset addiscere scientiam sub¬
1312 2932 2156 2986 alternam sine scientia subalternante : consequentia po¬
1311 2971 2167 3020 test ex hoc probari: quia habitus conclusionum praesup¬
1311 3013 2160 3061 ponit habitum principiorum, nec aliquid scitur in scientus
1323 3051 2168 3106 isi cognitis principijs. Falsitas consequentis patet: quia
1311 3087 2168 3139 scientiae subalternae principia possunt cognosci via sen¬
