2347 3536
485 224 1301 289 Ad quartum dicendum, quod persona potest dici quid in¬
443 285 1289 327 diuiduum demonstratum, non ratione intentionis secun
438 316 1292 368 dae importatae nomine indiuidui, sed ratione incommu¬
447 362 1291 409 nicabilis subsistentiae substratae tali intentioni. Nec valet
443 394 1292 444 illa consequentia, Persona est indiuiduum, indiuiduum
440 443 1286 484 est secunda intentio, ergo persona est secunda intentio.
445 481 1286 526 sicut nec valet ista, Homo est species, species secunda in¬
437 523 1289 565 tentio, ergo homo est secunda intentio. Illa enim regula,
443 555 1288 609 qua dicitur in antepredicamentis, quando alterum de al
437 609 1288 648 tero praedicatur, quicquid dicitur de eo, quod praedica¬
438 638 1286 678 tur, & de subiecto dicetur, solum habet infallibilem ve¬
432 666 1288 721 ritatem in praedicatis essentialibus ordinatis in recta li¬
431 711 1286 761 nea predicamentali, & ideo in predictis exemplis, & con¬
435 756 1187 800 similibus semper committitur fallacia accidentis.
461 799 1283 836 Ad quintum dicendum, dato, quod vnitas communi¬
431 822 1282 883 tatis huius nominis persona sit vnitas secundum rationem,
434 861 1272 913 non tamen propter hoc illud nomen persona est nomer
428 911 1279 957 secunde intentionis; sicut nec hoc nomen homo, vel ani
444 954 1273 997 mal est nomen secundae intentionis, quamuis homo in
434 984 1278 1034 communi, vel animal in communi non sint aliquid vnum,
434 1027 824 1079 nisi secundum rationem.
471 1069 1276 1115 Ad sextum dicendum, quod persona non dicit puram
438 1105 1286 1150 negationem, non enim dicit praecise ipsam incommuni¬
432 1138 1281 1189 cabilitatem, sed dicit ipsam rem intellectualis naturae in
432 1185 1271 1234 communicabiliter subsistentem. Nec etiam oportet di¬
440 1224 1272 1270 tere quamlibet talem negationem esse secundam inter
430 1263 1271 1307 tionem: quia dato, quod nullus esset actus rationis, quo
430 1297 1280 1343 huiusmodi secundae intentiones formantur, adnuc hic
421 1336 1274 1383 lapis incommunicabiliter subsisteret in natura lapideita¬
431 1376 1278 1431 tis, nec aliter subsisteret tunc, quam nunc, quantum ad
427 1421 888 1481 suam incommunicabilitatem.
577 1533 1129 1616 ARTICVLVS II.
524 1627 1161 1701 Vtrum hoc nomen persona reperiatur
760 1680 929 1751 in diuinis.
426 1772 1268 1835 SVANTVM ad secundum principale, dato, quod hoc
450 1821 1263 1858 nomen persona sit nomen primae intentionis, v¬
423 1857 1261 1906 trum reperiatur in diuinis, dicendum, quod hoc nomen
420 1890 959 1952 persona proprie reperitur in diuinis
430 1920 1262 1975 1 Quia vbicumque allquod nomen reperitur non so¬
419 1964 1256 2015 lum secundum rem, quam significat, sed etiam secundum
420 2005 1260 2056 modum, penes quem naturam talem importat, tale no¬
419 2056 1250 2095 men ibi propric reperitur; sed nomen personae sic reperi
407 2089 1258 2136 tur in diuinis, ergo &c. Maior patet: probo minorem;
420 2123 1265 2177 quia natura, quam persona claudit in suo significato, est
415 2163 1263 2211 natura intellectualis: modus essendi, quem importat, est
422 2199 1254 2259 per se existere, sed tam huiusmodi natura, quam etiam talis
423 2242 1208 2297 modus excellentissime reperiuntur in Deo, ergo &c
420 2270 1256 2331 2 Praeterea, illud nomen, cuius primaria imposito
414 2322 1250 2366 sumpta est a dignitate maxima reperibili in creaturis, pro
411 2361 1250 2410 prie potest attribui diuinis; nomen personae est huius¬
408 2407 1244 2448 modi, ergo &c. Maior patet per inductionem talium non
405 2436 1249 2484 minum ad dignitatem spectantium: quia quasi omnia ta¬
414 2476 1253 2532 lia transferimus ad diuina. Minorem probo: quia persona
414 2516 1250 2560 cum dicatur quasi per se sonans, vel quasi per se vna, an¬
404 2561 1240 2606 tiquitus tantum conueniebat hominibus insignibus spe
408 2592 1257 2634 ctantibus ad excelsas dignitates, qui quidem homines di
416 2633 1253 2685 cuntur per se sonare: quia verbum eorum non dependet
401 2672 1253 2729 ab aliis, sed ad eorum imperium subditi diriguntur. Di¬
404 2711 1241 2753 citur etiam quilibet talium hominum per se vnus respe¬
410 2744 1244 2804 ctu suorum subditorum, eo que in sua subsistentia ab ipsis
408 2796 1240 2839 non dependeat, omnes autem subditi per aggregationem
405 2831 1247 2879 capiunt vnitatem in ordine ad suum principem, tamquam
400 2870 1241 2916 vnus exercitus ordinatus ad vnum principem. Et quia hu
398 2909 1240 2951 iusmodi condiciones ad maximam spectant dignitatem
399 2956 1254 2994 in creaturis reperibilem, ideo patet minor. Patet etiam
406 2989 1248 3035 ex hoc conclusio principalis: Nam cum huiusmodi lauda
401 3028 1245 3069 biles proprietates imperij, scilicet & principatus, a qui¬
396 3066 1246 3117 bus, vt deduxi, primordialiter hoc nomen persona desce¬
1332 226 2181 284 dit, principaliter reperiuntur in Deo; ideo nomen per¬
1331 276 1836 324 sonae proprie reperitur in diuinis.
1373 311 2184 371 Ex quo etiam per modum corellarij possum inferre,
1336 355 2183 402 quod non bene dicunt in hac materia dicentes, quod re-
1341 394 2170 447 piciendo illud, ad quod nomen personae imponitur si¬
1335 435 2182 488 gnificandum, puta suppositum in natura intellectuali, tumc
1338 477 2171 527 maxime nomen personae conuenit Deo, sed non pro¬
1334 514 2167 566 prie conuenit Deo respiciendo ad illud, a quo nomet
1333 560 2184 601 imponitur: quia, vt dicunt, hoc nomen persona impositum
1335 591 2175 635 fuit a larua, siue a representatione per laruam. Sed illud
1331 631 2183 671 dictum dupliciter deficit. Primo quia ea, quibus nomina
1329 670 2174 715 imponimus, sunt res fantasiatae ad quae respiciendo prae¬
1337 710 2177 757 cise nomen personae minime reperitur in Deo, cum Deus
1323 756 2166 799 non cadat sub phantasmate, ergo oportet nos dicere
1327 793 2171 843 quod nomen personae non reperiatur in diuinis praecise
1329 830 2171 869 respiciendo illud, cui nomen imponitur, sed respiciendo
1323 866 2163 907 ad illud, a quo nomen imponitur; puta ad dignitates, di
1322 904 2172 955 quibus iam dixi, tunc proprie reperitur in Deo, Secundo
1326 946 2165 986 deficit dictum istorum in eo, quod dicunt nomen perso¬
1326 986 2165 1037 nae a representatione laruae esse impositum, quia quamuis
1323 1026 2166 1076 tales homines insignes, seu nobiles, qui personae antiqui¬
1320 1063 2165 1114 tus dicebantur, ad distinctionem ceterorum hominum
1321 1106 2165 1153 quando multitudo congregabatur ad comoedias, & tra¬
1319 1144 2170 1190 goedias, in suis faciebus laruis vterentur, quod possibile
1324 1183 2165 1235 est eos fecisse non solum ad distinctionem ab aliis, sed etiam
1314 1223 2168 1263 ad praeseruandum facies a pulueribus; nomen tamen per¬
1317 1258 2168 1314 sonae non imponitur a larua, sed a dignitate praefulgente
1315 1300 2163 1348 in laruato, vt patet per huius nominis persona deriuatio¬
1314 1338 2168 1388 nem, & ethimologiam superius iam proxime recitatam.
1324 1384 2168 1423 gitur cum tales proprietates ad dignitates pertiuentes,
1319 1417 2163 1462 verissime sint in Deo: patet quia respiciendo ad illud, a
1314 1465 2169 1512 quo nomen imponitur, quod tunc nomen persona ple¬
1321 1494 1994 1551 nissime Deo conuenit, quod est contra istos.
1429 1606 2012 1682 ARTICVLVS III
1346 1694 2115 1777 vtrum persona in diuinis sigiuificet substantiam
1595 1758 1857 1830 vel relationem.
1323 1827 2169 1906 SVANTVMad tertium principale, vtrum persona in di
1344 1891 2168 1934 inis significet substantiam, seu relationem, dice¬
1312 1935 2159 1983 cendum quod hoc nomen per se, & directe, siue in recto
1298 1971 2159 2015 numquam significat relationem: quia persona secundum
1311 2006 2156 2057 se significat subsistens distinctum in intellectuali natura;
1303 2050 2159 2092 quod autem tale subsistens relatione distinguatur, hoc
1312 2091 2160 2143 non conuenit sibi vt persona est; sed vt restringitur signi
1311 2124 2154 2174 ficatum personae ad diuina, nec tamen sic restrictum debet
1313 2167 2153 2211 conced i significare relationem in recto, sed solum in o¬
1303 2202 2159 2252 bliquo: quia persona, vt est in diuinis, non significat distin¬
1306 2245 2145 2297 ctam relationem: sed distinctum relatione; & quamuis si¬
1309 2286 2168 2331 ne calumnia possit concedi personam, vt in diuinis reperi
1305 2328 2163 2372 tur, directe significare relatiuum, siue relatum, non tamen
1312 2361 2153 2412 lebet concedi, quod directe significet relationem, signi¬
1312 2400 2153 2448 icat enim directe patrem, sed non paternitatem: quia pa
1302 2441 2150 2489 ter in diuinis directe & in recto dicit subsistens distinctum,
1298 2481 2159 2534 siue incommunicabile intellectuali natura, paternitas au
1299 2522 2046 2572 tem dicit illud, quo tale subsistens distinguitur.
1331 2558 2162 2606 Sed contra illud arguit quidam venerabilis doctor sic.
1323 2598 2160 2643 1 Quia cum substantia semper sit de intellectu pro¬
1300 2642 2154 2688 prietatis, & non econuerso, ergo quando vnum nomen¬
1303 2684 2141 2730 non aeque principaliter significat substantiam, & proprie¬
1293 2721 2144 2772 tatem, & tamen significat vtrumque, oportet semper, quod
1291 2756 2147 2808 principalius significet proprietatem, quam substantiam.
1315 2795 2157 2844 2 Et posset etiam illud confirmari: quia terminus con
1290 2840 2145 2883 cretus principalius significat formam, quam subiectum
1300 2874 2147 2919 ntantum etiam, quod philosophus quandoque videtur dice
1290 2912 2134 2956 re, quod album solam albedinem significat, ergo pater¬
1287 2956 2152 3009 cum sit terminus concretus principaliter signisicat pater
1296 2997 2141 3043 nitatem, & per consequens hoc nomen persona, dum di¬
1290 3035 2148 3085 recte significat patrem, paternitatem non significabit in
1291 3065 1604 3129 obliquo, sed in recto.
