2410 3551
232 252 1092 326 illorum intentionem nestio, ideo rationes praedictas in
228 317 624 372 suo vigore stare permitto.
279 355 1085 405 Alij dicunt, quod vnum, quod est principium numeri su¬
225 397 1070 449 per vnum, quod conuertitur cum ente, addit rationem po
238 435 1086 486 sitiuam, quae tamen non est, nisi in anima obiectiue: quia
225 478 1089 524 haec ratio non est aliud, quam clausio indiuisi inquantum
232 517 1079 557 indiuisum est, quam facit inens indistinctum inquantum
230 553 1082 598 indistinctum comprehendendo quasi in esse indistincto
225 585 1030 651 ipsum summando & mensurando. Et hoc probant sic
267 635 1082 679 Quia ratio vnius, & ratio numeri in hoc solum dif¬
228 664 1087 716 ferunt, quod vnum est indiuisibile; numerus autem est
223 708 1088 753 diuisibuis, sed clausio diuisorum, inquantum diuisa sunt,
231 748 1078 792 est formaliter numerus, ergo clausio indiuisi est formalis
225 788 450 836 ratio vnitatis.
316 826 1083 869 Praeterea, vnum, quod est principium numeri, con¬
221 865 1076 914 sistit in quadam aequalitate excludente plus & minus, vn
231 906 1080 950 de cum dicitur vnus phoenis, tantum est dicere, quod nec
234 946 1076 990 plures, nec pauciores, sed conceptus sic medians inter plu
218 992 946 1034 ra & pauciora est conceptus positiuus, ergo &c.
269 1021 968 1072 Sed haec posito deficit in se dupliciter.
246 1055 1083 1109 1 Primo ex hoc quod dicit illud positiuum, quod vnum
229 1108 1073 1151 existens principium numeri addit super vnum, quod cor
219 1144 1074 1190 uertitur cum ente, tantum esse obiectiue in anima: quia
214 1182 1074 1233 illud, quod est extra animam ens reale non est tantum
226 1219 1070 1266 obiectiue in anima, sed vnum, quod est principium numi
210 1258 1080 1305 ri, est extra animam verum ens reale: Maior patet, mino¬
226 1304 1073 1342 rem probo: quia Auerrois ro metaph ostendeus differet
225 1341 1069 1384 tiam inter vnum, quod est principium numeri, & vnun
228 1387 1082 1431 quod conuertitur cum ente, ait, quod vnum, quod est prin¬
231 1416 1079 1467 cipium numeri, est accidens additum rei, sed vnum, quod
219 1456 1083 1499 conuertitur cum ente, est id ipsum, quod res; addita tamen
229 1493 1083 1539 sbi duplici negatione, puta quod est indiuisa in se; & di¬
220 1532 1082 1580 uisa a quolibet alio. Cum igitur accidens insit ei, cuius est
227 1574 1082 1623 aceidens quia accidentis esse est inesse, vt dicitur 4. met.
227 1616 1084 1658 ergo posituum, quod vnum existens principium numeri,
229 1658 1085 1699 addit super vnum conuertibile cum ente, non solum erit
219 1689 1073 1739 obiectiue in intellectu, sed erit etiam subiectiue in re
219 1723 728 1791 extra cuius dicitur esse accidens
296 1768 1076 1814 Deficit secundo in eo, quod dicit rationem vnius
231 1806 1083 1855 consistere in quadam clausione, quam sacit in ens indiui¬
228 1846 1074 1898 sum comprehendendo, & quasi inesse indistincto ipsun
235 1885 1074 1932 mensurando: quia per haec verba sequitur, quod ipsum vnum
237 1927 1086 1973 sit quid summatum & mensuratu, quod est contra Arist.
240 1964 1080 2013 se metap. vbi ait, quod numerus est multitudo mensu¬
235 2004 1081 2051 lata per vnum, ergo non summatur & mensuratur ipsum
234 2041 1083 2089 vnum, sed per vnum cetera mensurantur, :& ideo ibidem
227 2083 1079 2131 ait philosophus, quod vnum se habet ad numerum sicut
224 2123 626 2174 mensura ad mensuratum.
280 2161 912 2209 Rationes ctiam adductae non concludunt
280 2198 1080 2252 Ad primum ergo dicendum, quod maior est falsa: quia
231 2241 1083 2290 in multis aliis differunt praeterquam in esse diuisibili, &
232 2282 1088 2333 indiuisibili: quia differunt sicut principium & principia¬
234 2320 1082 2366 tum, sicut mensura & mensuratum, & sic de aliis. Ad mi-
233 2363 1076 2407 norem dico, quod quamuis clausio possit aliquo modo com¬
227 2397 1089 2457 petere tam numero, quam vni, quod est principium nu¬
228 2441 1076 2486 meri; tamen opposito modo conuenit ipsis; numero enin
224 2477 1090 2523 conuenit passiue tamquam clauso & mensurato, sed vni
228 2526 1091 2565 fi competit actiue, sibi competet puta tamquam clauden
231 2551 1082 2602 ti, & mensuranti ipsum numerum. Et sequitur ex ratione
225 2596 1089 2642 istius doctoris oppositum illius, quod intendit: quia ipse
228 2631 1079 2689 intendit concludere, quod sicut numerus est quoddam
233 2676 1088 2719 diuisum, clausum & mensuratu, sic ipsum vnum sit quod¬
225 2707 842 2761 dam indiuisum, clausum & mensuratum.
270 2753 1082 2802 Ad secundum dicendum, quod per duplicem exclusio
225 2795 1086 2842 nem implicantem binam negationem non respectu mi¬
232 2832 1082 2879 nus, sed respectu distinctorum, puta respectu eius, quod
234 2867 1083 2918 est plus, & respectu eius, quod est minus seu paucius, non
238 2916 1080 2960 habens rationem formaliter positiuam, sed simpliciter
221 2948 1079 3002 priuatiuam, cuius oppositum concludere tu debebas: qui¬
234 2986 1077 3037 ex duabus negationibus non resultat aequipollentia vniu¬
228 3026 1079 3077 effirmationis, nisi ambae negationes sumantur respectu
233 3062 948 3116 mius, ita quod secunda negatio neget primam.
1263 322 1850 400 ARTICVLVS V
1236 399 1864 479 Quod sit materia numeri proprie dicti
1211 504 1977 567 VANTVM ad secundum principale, quae sit mate¬
1136 523 1975 604 ria numeri proprie dicti, dico, quod materia nu¬
1130 587 1980 643 meri proprie dicti, sunt res, in quibus fundatur forma nu
1129 628 1982 685 meri, puta diuersae res materiales, quarum quaelibet est
1130 678 1632 719 continua, distincta tamen ab alia.
1151 715 1975 762 1 Quia illud est materia numeri, ex quo materialiter
1135 746 1967 802 generatur numerus, sed numerus, generatur ex decisione
1124 788 1770 837 continui, vt patet 3. physicorum, ergo &c
1147 828 1961 875 2 Praeterea, ipsae res numeratae sunt materia numer
1136 870 1974 907 proprie dicti; sed res materiales continuae proprie nume¬
1133 912 1961 955 tantur: quia sicut se habet res formaliter distinctae ad mu
1125 945 1975 988 titudinem transcendentem, sic se habent res continuae,
1118 986 1963 1035 siue quarum quaelibet est in se continua ab alia tamet
1122 1032 1972 1073 materialiter distincta ad multitudinem, quae proprie di¬
1124 1058 1975 1119 citur numerus, sed illae summantur multitudine transcen¬
1130 1103 1907 1147 dente, ergo illae numerantur numero proprie dicto.
1161 1137 1998 1195 Forte dices, quod equus, homo, asinus, leo, capra, & sic
1131 1182 1976 1240 de aliis, quae formaliter differunt etiam numerantur nu¬
1128 1219 1428 1273 mero proprie dicto.
1173 1257 1977 1300 sespondeo quod ex parte, qua quodlibet talium prae¬
1127 1298 1966 1345 dictorum & consimilium est res materialis, habens in si
1136 1335 1967 1386 continuam quantitatem, ratione cuius non differunt spo
1132 1376 1974 1422 cie: quia vt continua sunt, eiusdem speciei esse possunt,
1134 1415 1969 1459 ista talia numerantur numero proprie dicto per accidens
1131 1456 1979 1502 autem est, quod differant formaliter, inquantum tali nu¬
1125 1492 1414 1543 mero numerantur.
1274 1570 1860 1623 ARTICVLVS IIL
1127 1655 1968 1723 Vtrum, numerus secundum suum esse formale set usi
1168 1703 1865 1776 qud extra animam vrealiter differens a
1414 1759 1696 1820 rebus numeratis.
1200 1816 1973 1894 VANTVM ad tertium principale, quae sit forma nu¬
1242 1885 1967 1933 meri, siue, quid dicat numerus quantum ad suum essi
1125 1922 1976 1968 formale, dico, quod quamuis non habeamus nomen vsi¬
1131 1964 1971 2008 tatum, quo naturam formae, quae est numerus abstracte
1137 2003 1982 2047 nominemus possumus tamen eam appellare numerosi¬
1133 2041 1976 2088 tatem: quia sicut forma continui nominatur continuitas,
1131 2084 1976 2125 sic natura formae numeralis nominatur numerositas, &
1131 2122 1976 2168 ista forma est verum ens reale existens in ipsis rebus nu¬
1131 2158 1972 2208 nieratis subiectine tamquam accidens realiter differeus
1124 2199 1646 2247 a subiecto, siue a rebus numeratis.
1162 2233 1967 2290 Duo ergo probabo. Primo quod numerus est verum
1130 2278 1978 2328 ens reale extra animam. Secundo quod differt a rebus
1137 2315 1298 2363 numeratis.
1174 2355 1966 2404 Primum probo sic. lllud, quod realiter & per se sensi
1141 2391 1976 2441 bile, est uerum ens reale circumscripta omni operatione
1130 2433 1975 2481 intellectus, sed numerus est huiusmodi: quia 2. de amme
1131 2474 1976 2523 dicitur, quod communia sensibilia sunt numerus figura, ma¬
1139 2516 1965 2565 gnitudo, motus, & quies; & sicut ibidem patet, sensibili¬
1139 2554 1976 2593 communia sunt sensibilia per se, licet non primo; mator
1137 2590 1970 2637 est euidenst quia sensibile praecedit operationem intellectus
1153 2638 1966 2681 2 Praeterea, figura est ens reale extra animam, ergo
1138 2667 1968 2713 numerus est ens reale extra animam. Antecedens pates
1125 2714 1970 2756 ad vesum, etiam quia ipsa est quarta species qualitatis; ideo
1131 2748 1975 2794 ad entitatem figurae nihil facit intellectus. consequentiam
1131 2789 1969 2836 probo: quia omnis figura praesupponit numerum tamquam
1132 2824 1970 2874 aliquid necessario requisitum, sine quo impossibile est esse
1134 2868 1982 2914 figuram: impossibile est enim esse triangulum sine terna¬
1134 2905 1973 2948 rio, & quadrangulum sine quaternario; vnde eadem ne¬
1128 2943 1976 2991 cessitate, qua triangulus est, circumscripta omni opera¬
1130 2982 1970 3023 tione intellectus, eadem necessitate anguli trionguli fum
1126 3021 1986 3073 dant actualiter numerum ternarium, circumscripta omni
1135 3062 1479 3110 operatione intellectus.
1133 3094 1990 3151 3 Preterea, species vera praedicamenti realis est quid
