2399 3578
435 271 1275 331 diuinam essentiam. Et argult ad vtramque partem. Secur
432 326 1287 368 do prosequitur quaestionem ibi, Persona enim vt supra. Et
440 364 1279 405 haec in duas: quia primo prosequitur quaestionem secun¬
438 403 1268 450 dum aliorum opinionem, secundo prosequitur eam se
435 446 1279 494 cundum propriam intentionem ibi, Sciendum est igitur.
428 482 1274 525 Quantum ad primum est aduertendum, quod quidam fue¬
429 520 1271 562 runt illius opinionis, quod cum dicitur tres personae diuinae
435 558 1280 606 hoc nomen persona significet diuinam essentiam; ideo ma¬
428 604 1277 654 gister duo facit: quia primo recitat motiua istius opinio¬
435 637 1277 680 nis, secundo arguit contra inuentores istius positionis
436 680 1283 727 abi, Sed quid respondebunt. Prima in duas: quia primo ma
438 717 1276 770 gister adducit eorum rationes: Secundo ostendit qualiter
422 762 1282 809 ipsi ad oppositas obiectiones respondent ibi, Quibusdam
439 795 1285 844 videtur. Tunc sequitur illa pars, Sciendum est igitur. Et
429 833 1284 876 diuiditur in duas: quia primo Magister iuxta suam inten¬
432 874 1274 916 tionem quaestionem praedictam determinat, quo ad ter¬
435 911 1273 954 minos numerales, secundo quo ad terminos alietatem
432 953 1275 994 significantes ibi, Deinde quaeritur, vtrum secundum ean¬
442 991 1276 1033 dem. Prima in duas: quia primo istius quaestionis determi
439 1028 1275 1077 nat veritatem. Secundo respondendo obiectionibus tol¬
442 1068 1270 1110 lit falsitatem ibi, Ad hoc autem, quod illi. Tunc sequitu
436 1107 1285 1152 illa pars, Deinde quaeritur &c. Et diuiditur in tres partes:
441 1148 1270 1197 quia primo quantum ad terminum alietatis quaestionem
439 1186 1281 1229 renouat: secundo veritatem tenedam insinuat : & tertio
441 1225 1273 1265 dicta sua recolligit, & auctoritatibus sanctorum roborat
436 1261 1272 1314 Secunda ibi, Ad quod dicimus. Tertia ibi, Ex predicti
428 1307 1270 1351 colligitur, Circa istam distinctionem 25. quaeror
742 1380 993 1458 Quaestio
518 1466 1178 1543 An persona de Deo, & creaturis equi¬
736 1523 971 1586 uoce dicatur.
432 1868 1274 1947 RITRVM hoc nomen persona de Deo, & creaturis di¬
504 1925 1271 1985 catur aequiuoce. Et videtur quod sic: quia plus dif¬
433 1963 1277 2012 ferunt Deus, & creatura, quam caelestia & inferiora: sed
430 2006 1276 2059 secundum Commen. in de substantia orbis, quaecumque
423 2043 1279 2109 dicuntur de caelestibus & inferioribus, dicuntur aequiuo¬
436 2091 614 2134 ce, ergo &c.
475 2104 1268 2179 Contra, quae simpliciter sunt aequiuoca, vnum alterunm
431 2145 1265 2223 non participat, sed persona creata est per participationem
429 2211 1271 2258 persona talis, persona vero diuina essentialiter, & non pai
424 2244 1273 2284 ticipatiue, ergo &c. Quattuor breuissime dicam in ista
445 2284 1269 2334 uaestsone. Primo quod hoc nomen persona de Deo, &o
433 2324 1277 2374 creaturis non dicitur aequiuoce. Secundo quod non dici¬
436 2355 1267 2403 tur vniuoce. Tertio quod dicitur analogice. Et quarto
430 2385 1267 2453 quod huiusmodi analogia magis declinat ad aequiuoca¬
424 2444 935 2499 tionem, quam ad vniuocationem.
614 2499 1107 2580 RESOLVTI O.
411 2593 1274 2648 Licet persona, quae dignitatem quandam importare videtur no¬
459 2647 1268 2703 men multiplex sit: de Deo tamen & creaturis haud aequiuoci
452 2683 1275 2738 dicetur, quia plura aeque primo non significat: Nec vniuoce,
460 2730 1272 2776 quia illa plora importata per tale nomen, genere differuat. Se
458 2762 1278 2813 quitur ergo, quod analogice dicatur, cum praelertim Deo prius
457 2795 941 2849 quam creaturit conuenire videatur.
553 2866 954 2935 ARTICVLV
422 2916 1272 2998 Quod hoc nomen persona de Deo, & treaturis non
720 2975 997 3045 dicitur equiuoce.
447 3053 1257 3119 DRIMVM probo sic:quia nomen significans aliqua plu
407 3108 1270 3175 4 ra non dicitur proprie aequiuoce de cis, nisi ipsis com
1335 262 2176 334 petat aeque primo, sed hoc nomen persona ratione digni
1334 328 2168 373 tatis, a qua imponitur, vt patuit, prius conuenit, & magis
1325 365 2162 412 diuinis suppositis, quam humanis, ergo &c. Et confirma
1335 412 2156 452 tur: quia quandocumque aliquid praedicatur de pluribus
1334 442 2161 491 sic tamen, quod vni conuenit simpliciter perfecte, & alter
1343 486 2163 529 articipatiue, digniori modo dicitur de eo, cui conuenit
1326 519 2150 568 essentialiter, quam de eo, cui conuenit per participatio
1322 564 2156 609 nem: sed non solum hoc nomen persona, sed omne, quo
1326 595 2162 645 conuenit Deo, & creaturae, Deo conuenit simpliciter por
1331 636 2173 685 fecte, creaturae autem participatiue, ergo non dicetur de
1329 676 1690 725 eis simpliciter aequiuoce
1355 687 2161 764 Sed sorte dicetur, quod philosophus in praedicamentis d
1326 755 2171 807 cit, ens predicari aequiuoce de 1o. praedicamentis, & tamen
1326 793 2168 840 ens principalius dicitur de substantia quam de accidente.
1365 833 2190 884 Respondeo que philosophus in praedicamentis loquitur,
1320 873 2174 923 large, & non stricte, siue proprie de aequiuocatione, &
1333 916 2165 950 ideo tamquam logicus large loquens, & non proprio
1320 950 2174 993 dicit ipsum ens esse aequiuocum; sed 4. metaph magis
1337 988 2170 1043 proprie loquens non dicit ipsum esse aequiuocum, sed
1323 1033 1485 1083 analogum.
1454 1111 2040 1192 ARTICVLVS
1341 1192 2184 1275 Quod hoc nomen persona de Deo & creaturis non
1620 1260 1887 1314 dicitur vniuoce.
1346 1314 2173 1396 ECVND AM conclusionem probo sic. Ea, quae diffe¬
1332 1355 2169 1426 Orunt genere, non possunt habere vnum nome n, quod
1323 1424 2165 1468 ipsis vniuoce conueniat, sed res significatae per hoc nomen
1333 1458 2166 1512 persona in diuinis, & humanis differunt genere, ergo &c.
1323 1500 2174 1543 Maior patet 7. physicorum, vbi philosophus probat,
1320 1538 2159 1592 quod proprie vniuocatio esse non potest, nisi in specie spi
1325 1580 1481 1631 cialissima,
1362 1593 2169 1672 Sed forte dicetur, quod, quorum est vna ratio, siuc
1330 1656 2163 1708 diffinitio, illa videntur esse vniuoca, sed diffinitio per¬
1323 1700 2172 1749 sonae data per Rich. scilicet intellectualis naturae incom¬
1333 1735 2178 1788 municabilis subsistentia, est communis personae diuinae,
1323 1776 2183 1832 humanae, & angelicae, ergo nomen personae dicetur de
1320 1814 1500 1864 his vniuoce
1368 1824 2166 1907 Respondeo quod illa non est diffinitio proprie dicta
1320 1895 2169 1949 sed est quaedam descriptio analoga: quia etiam ipsa talis
1318 1934 2177 1986 descriptio secundum prius, & posterius dicitur de Deo,
1323 1972 1658 2031 angelis, & hominibus
1460 2055 2027 2120 ARTICVLVS I
1365 2143 2116 2218 Quod hoc nomen persona de Deo, & creaturum
1599 2203 1883 2265 dicitur analogice.
1338 2260 2174 2329 SONCLVSI o tertia patet ex duabus praecedenti¬
1329 2333 2169 2373 bus: quia nomen existens aliquibus commune, &
1317 2370 2174 2430 nec vniuoce, nec aequiuoce conuenit ipsis, necessario vide
1318 2407 2175 2462 tur, quod ipsis conueniat analogice, maxime si vni con¬
1327 2452 2178 2503 senit per prius, & alteri per posterius, sed nomen perso¬
1314 2489 2172 2538 nae est commune Deo, & creaturis, & nec vniuoce, nec
1311 2528 2178 2583 aequiuoce ipsis conuenit, & Deo conuenit prius, quam
1311 2567 1835 2610 creaturis, sicut iam patuit, ergo &c.
1347 2591 2184 2661 Sed forte dicetur, quod cum modus significandi sequa
1320 2647 2177 2695 tur modum intelligendi, igitur, quod primo a nobis in¬
1317 2684 2172 2741 telligitur, illud per nomina a nobis imposita primo signi
1320 2732 2178 2784 ficatur, sed prius intelligimus personam creatam, quam
1321 2756 1590 2810 diuinam, ergo &c.
1353 2791 2191 2858 Respondeo, quod licet quantum ad modum significan
1312 2832 2172 2891 di, qui sequitur modum intelligendi viatoris huiusmodi
1318 2879 2168 2933 nomina imponentis, prius conueniat hoc nomen perso¬
1317 2919 2186 2977 na creaturae, quam creatori, eo quod creatura sibi magis sit
1308 2959 2175 3013 nota; prius tamen conuenit Deo considerando perfectio
1321 3001 2175 3056 nem: ad quam significandam tale nomen est impositum,
1329 3039 2180 3091 uta incommunicabilem subsistentiam intellectualis natu
1314 3080 2181 3135 rae, eo quoe talis perfectio in infinitum modo perfectiori repe¬
1311 3120 1986 3181 riatur in Deo, quam in quacumque creatura
