2380 3538
472 241 1325 316 2 Praeterea, habitudo semper est distinctorum, ita quo
477 299 1329 349 distinctio praeintelligitur habitudini, sed omnis relatio
480 338 1332 385 dicit habitudinem, ergo distinctio relatiuae oppositionis
486 378 1183 440 praeexigit aliam distinctionem in fundamento.
495 419 1319 468 3 Praeterea, vbicumque sunt relationes reales, opor
477 463 1315 506 tet esse distinctionem in fundamento earum: quia rela
487 494 1322 541 tio, quod sit realis, non habet a relatione sibi opposita
485 533 1328 585 sed hoc habet a fundamento relationis oppositae, propter
480 582 1322 625 quod relatiua, quae dicuntur secundum rationem, vere
477 620 1331 665 sunt opposita relatiue; relationes tamen eorum non sunt
478 655 1330 706 realos, eo quod non sit realis distinctio in fundamento;
478 693 1156 744 sed in diuinis sunt relationes reales, ergo &c
495 728 1319 774 4 Praeterea, vbicumque est origo, ibi est principium, &
483 771 1326 819 terminus originis: sed in diuinis est vera origo, & relatio
486 813 1313 856 nec potest esse principium, nec terminus originis : erg
480 848 1329 891 essentia diuina erit principium, & terminus originis: hoc
490 886 1326 928 autem essentiae non potest competere, nisi in essentia sit
471 927 1327 983 aliqua diuersificatio: quia si essentia non diuersificata es¬
480 963 1325 1017 set principium, & terminus huius originis, cum essentia sit
477 1005 1320 1049 in qualibet persona, ipsa essentia in qualibet persona ha¬
473 1046 1327 1089 beret rationem principij & termini, quod non est dicen¬
477 1084 1322 1128 dum, ergo in essentia erit aliqua distinctio modorum, se¬
479 1123 1242 1171 cundum quam ipsa dicitur principium & terminus.
508 1159 1332 1208 Et addit ille doctor, quod illi modi personales non sunt
489 1201 1332 1244 modi perfectionis, sicut sunt modi attributales; sed sunt
487 1241 1320 1288 modi habendi perfectionem: eadem enim perfectio, qua
481 1280 1327 1324 habetur in patre naturaliter, habetur in filio intellectua¬
471 1316 1103 1369 liter, & in spiritu sancto amabiliter.
489 1359 1321 1398 Sed illud non valet: quia sicut omnium trium diuina¬
493 1394 1329 1440 tum personarum est eadem natura, idem intellectus, &
477 1440 1318 1481 idem amor, prout amor sumitur absolute, sic omniun
481 1479 1325 1523 trium personarum est idem modus essendi naturaliter,
472 1511 1093 1557 intellectualiter; & amabiliter.
489 1551 1319 1599 1 Forte dicetur, quod illud non valet: quia pater natura¬
477 1581 1315 1646 liter non est ab alio; sed filius naturaliter est ab alio, ergo
478 1629 1145 1676 non erit idem modus patris, & filij.
501 1671 1328 1725 Respondeo, quod esse ab alio & non esse ab alio non sunt
481 1714 1315 1762 modi absoluti, de quibus ille doctor loqui proponit, set
477 1753 1331 1797 sunt modi relatiui, cum sint modi originis, propter quod
480 1790 1313 1833 instantia non est ad propositum.
483 1831 1330 1877 2 Praeterea, si personae diuinae differrent per huiusmo
480 1868 1311 1919 di modos absolutos, tunc personae diuinae non conexige
481 1911 1316 1963 rent se mutuo necessario: consequens est falsum: quia ea¬
486 1946 1314 1992 dem necessitate, qua filius non potest esse sine patre, &
478 1987 1314 2040 fpiritus sanctus sine vtroque, eadem necessitate secundi
480 2024 1312 2073 dicta sanctorum, pater non potest esse sine filio, nec filius, qui
474 2070 1319 2120 pater sine spiritu sancto. consequentia probatur, quia quam
481 2109 1323 2161 nis essentia intellectualiter & amabiliter coexigat aliqud,
477 2145 1319 2193 quod est naturaliter: quia intellectus & amor praesuppo¬
480 2185 1313 2224 nunt naturam, tamen esse naturaliter non coexigit nece
472 2221 1319 2276 sario esse intellectualiter, vel esse amabiliter, sed abstra¬
469 2258 710 2312 hit ab vtroque.
479 2298 1312 2343 3 Praeterea, nullus modus essentialis est constitutiuus
477 2336 1319 2382 diuinae personae, quia modi essentiales sunt comunes tri¬
471 2376 1319 2420 bus psonis; sed esse naturaliter & intellectualiter, & ama¬
470 2417 1311 2473 biliter sunt modi essentiales: quia consequuntur diuini
468 2461 1321 2508 essentiam in qualibet diuina persona, ergo &c.
476 2502 1317 2549 4 Praeterea, tunc filius non esset naturaliter, nec patet
468 2528 1316 2581 esset intellectualiter: quia per modos constitutiuos perso
464 2575 1311 2618 nae ab inuicem distinguuntur.
513 2609 1319 2664 Ad primum ergo praedicti doctoris motiuum dicendum,
465 2654 1308 2695 quequamuis in eodem fundamento finito opposita simu
473 2699 1313 2748 esse non possint, in fundamento tamen infinito simul po¬
460 2723 1307 2780 sunt esse opposita, maxime loquendo de oppositis relati
472 2769 1304 2812 uis, de quibus loquimur in proposito, ergo &c.
490 2812 1305 2863 Ad secundum dicendum, quod habitudo realis in creati
472 2842 1308 2905 ris est distinctorum, quae praesupponit esse distincta, eo qu
468 2890 1304 2944 relationes habitudinis realis in creaturis, cum sint oppo
475 2923 1308 2981 sitae, & fundamentum finitum, requirunt distincta funda
464 2963 1309 3008 menta; sed habitudo realis in diuinis habens infinitu fun
464 3001 1313 3062 damentum, non praesupponit distincta,; sed distincta suppo
465 3038 1273 3088 sita constituit in eodem indistincto fundamento.
500 3089 1307 3143 Ad tertium nego maiorem, nisi, loquaris de fundamer
1380 246 2121 315 to finito & limitato, quale non est in diuinis.
1413 309 2223 353 Ad probationem dico, quod non est simile de relatio.
1371 338 2214 401 nibus secundum rationem: quia fundamentum carum est
1372 378 2220 436 finitum & limitatum: nec etiam secum afferunt distinctio¬
1372 421 2216 473 nem extremorum, quae per huiusmodi relationes sunt con
1378 459 2216 508 stituta. Etiam in probatione falsum assumitur: quia quod
1377 501 2213 551 relatio sit vera res non habet ab eo, ad quod est, sed ab
1373 547 2213 600 eo, in quo est; nec habet realitatem a fundamento rela¬
1371 574 1853 633 tionis oppositae, vt infra patebit
1401 612 2213 664 Ad quartum dicendum ad maiorem, quod essentia di¬
1376 655 2221 701 uina est principium, & terminus originis, non tamen ut
1373 697 2210 746 diuersis modis absolutis coniungitur, sed ut alteri, & a¬
1380 734 2219 779 teri respectui est coniuncta: nam vt in persona patris est
1365 780 2213 823 coniuncta paternitati, sic est principium originis, sed
1375 813 2228 861 ut in persona filii est coniuncta filiationi, est terminus.
1372 850 1509 902 originis.
1523 931 2063 1014 ARTICVLVS I
1485 1007 2100 1093 Vtrum persone diuinae distimguantio
1422 1078 1994 1142 absolute.
1437 1167 2207 1211 VA NTVM ad secundum, vtrum personae diuina
1373 1203 2221 1251 Adistinguantur origine, dicendum, quod personae di¬
1380 1246 2219 1296 uinae non constituuntur per origines, secundum quod ori
1375 1282 1663 1338 gines sunt.
1386 1326 2211 1371 1 Quia illud, quo aliquid personaliter constituitur,
1377 1364 2220 1423 est intrinsecum rei constitutae, sed origines non significan
1371 1405 2222 1448 tur vt intrinsccae personis; sed significantur vt actus progre
1378 1438 2215 1494 dientes a persona in personam, quasi via media inter pro¬
1366 1480 2206 1528 ducens, & productum: propter quod dicitur 2. physicorum
1380 1522 2204 1572 que generatio est uia in naturam, ergo &c.
1377 1563 2216 1608 2 Praeterea, actio notionalis considerata per modum
1377 1597 2209 1643 actionis personam agentis non constituit: quia notionale
1365 1637 2213 1685 agere praesupponit suppositale esse, cum suppositorum sit
1372 1687 2219 1733 agere, vt patet t. metaph: sed origo in diuinis puta gene¬
1368 1715 2216 1765 ratio, vel spiratio vt in produtente est actio producentis,
1372 1756 2005 1798 ergo vt sic, non constituit personam eius.
1385 1800 2222 1852 Sed contrarium istius tenent quidam doctores, & hoc
1367 1827 1758 1887 probant sic.
1364 1872 2222 1924 1 Fundamentum diuinarum relationum sunt actus origi¬
1361 1913 2225 1964 nis; sed relationes praesupponunt suum fundamentum, er-
1366 1956 2210 2011 go relationes non constituent vt relationes, sed vt origines
1383 1998 2222 2050 2 Praeterea, quando aliqua plui a sunt in aliquo quoda
1367 2029 2213 2075 ordine, si illud constituitur per aliquod illorum, tunc con¬
1371 2069 2207 2131 stituitur primo, vt patet de paternitate & virtute spitati
1366 2118 2214 2167 ua in patre, sed filiatio & generari insunt filio, & genera¬
1368 2150 2219 2216 ri in eo praecedit filiationem, ergo persona formaliter con
1372 2187 1800 2239 stituitur per ipsum generari.
1373 2231 2214 2281 3 Praeterea, ex quo suppositum diuinum est relatiuum,
1365 2267 2207 2328 & relatione constituitur, ergo illud, quod magis significa
1374 2311 2215 2355 per modum relationis, magis habet rationem constitue¬
1367 2351 2212 2390 di diuinam personam, sed generare, seu quicunque alius
1369 2381 2216 2443 actus originis magis videtur significare relationem, quam
1380 2426 2207 2484 aternitas, seu filiatio: quia actus originis significant re¬
1374 2468 2209 2511 ationem actualem, paternitas uero significat relationem
1371 2499 1807 2554 habitualem.
1374 2545 2204 2587 4 Praeterea, illud, per quod aliquid habet esse, & sin
1359 2581 2213 2623 quo non potest intelligi esse, illo videtur constitui in es¬
1370 2628 2210 2677 e; sed filius habet esse per ipsum generari, & sine ipso non
1364 2661 2064 2710 potest intelligi esse, ergo &c.
1371 2694 2206 2745 3 Praeterea, Dam. lib. 1. ait, qued in diuinis omnia sunt con
1368 2735 2212 2788 munia, pter generationem, ingenerationem & processionem.
1388 2773 2207 2837 Sed illud stare non potest: quia isti doctores, qui has ra
1367 2809 2210 2863 tiones faciunt ipsimet concedunt suppositum diuinum esse
1358 2860 2207 2914 relatiuum, & constitui relatione eo modo, quo efficacius
1368 2897 2204 2939 vt relatio exprimitur: sed planum est, quod relationes diuinae.
1356 2937 2202 2992 magis & efficacius exprimuntur nominibus proprietatum
1361 2971 2203 3022 puta paternitate, vel filiatione, quam nominibus originum
1359 3020 2210 3062 quia dato quod albedo & dealbari essent idem realiter; adhuc
1361 3058 2204 3102 tamen res illa efficacis exprimeretur, vt qualitas est, nomi
1359 3093 2207 3159 ne albedinis, quam per ipsum dealbari, sic in proposito.
