2355 3538
438 200 1299 268 non valet, quia philosophus loquitur ibi de omni sapien
444 263 950 306 tia, quae proprie dicitur sapientia.
489 302 1289 357 Sed tu expresse dicis, quod theologia est proprie sapientia
438 337 1291 381 Et dato, quod philosophus loquatur de humana sapientia
434 380 1292 427 seu philosophia, quomodo tu, qui es theologus, praesumis
436 418 1277 469 cogitare, quod humana sapientia magis alliciat, & dele
441 458 1292 501 ctet, quam diuina; cum omnes catholici tractatores hanc
437 498 1283 546 ponant distinctionem inter illam, & illam, quod illa, s humana, &
425 538 1281 583 si aliqualiter perlustrat intellectum, proprie tamen non
432 575 1282 617 inflammat, nec delectat affectum: illa autem sic perlustra
429 613 1285 659 intellectum, quod interna suauitate infammat, & reficit
437 653 704 703 ipsum affectum.
443 693 1284 735 2 Praeterea, sicut in naturalibus id, quod prohibet om
434 735 1281 788 nem indispofitionem formae repugnantem, firmat & con
435 776 1283 823 seruat formam in materia; sic in intellectualibus id, quod
433 812 1292 861 prohibet omnem indispositionem, qua intellectus potest
438 862 1286 899 indisponi, ne alicui veritati adhaereat, hoc firmat intelle¬
441 887 1286 943 ctum respectu talis veritatis; & per consequens respectu
440 932 1293 981 eius causat adhaesionem: sed habitus theologiae est huius¬
437 968 1283 1014 modi respectu veritatis credendae, quia per studium theo
437 1005 1283 1052 logiae possumus soluere omnem obiectionem, quae ficri
440 1048 1286 1093 posset, ne intellectus firmiter adhaereat theologicae veri¬
429 1091 1285 1131 tati, siue articulis fidei, sicut superius existit declaratum.
447 1129 1286 1168 Prima ratio eorum deficit tam in consequente, quam
438 1162 1287 1206 in consequentia: quia in declaratione falsitatis consequen¬
440 1204 1289 1252 tis dicunt, quod formido est de essentia opinionis, illud
429 1247 1284 1297 autem simpliciter est falsum, sicut in sequenti quaestione
441 1285 1277 1328 probabo. Consequentia similiter deficit, & cum probatur
439 1323 1277 1367 quia vtitur talibus propositonibus &c. Dico, quod nes
437 1357 1280 1405 sic, nec sic, sed adhaeret eis, tamum propositonibus in tali
430 1400 1281 1443 veritate fundatis, quae nullo humano ingenio poterit re¬
429 1441 1280 1488 probari, & ideo faciet adhaesionem specifice differentem
424 1490 1278 1535 ab adhaesione facta per fidem, siue per opinionem: quia
432 1522 1278 1560 cum non sit dare maiorem distinctionem in causis, quam
433 1558 1280 1604 in causatis, cum fides, sapientia, & opinio sint habitus tres
439 1596 1281 1655 specie differentes, oportet, quod adhaesiones ab ipsis causatae.
429 1633 872 1686 differant a se inuicem specie.
441 1669 1286 1717 Ad secundum dicendum, quod adhaesio etiam sapien¬
438 1716 1272 1771 tiae non repugnat adhaesioni fidei, sicut tu assumis in ar
439 1751 932 1808 guendo de adhaesione opinionis,
432 1792 1270 1843 Ad rationem principalem, concedendo maiorem ne
435 1835 1278 1877 go minorem. Ad probationem dico, quod quamuis de
435 1876 1272 1918 aequiuocis, vt aequiuoca sunt, non possit esse vna scientia
432 1914 1268 1960 tamen de analogis, siue de his, quorum vnum habet at
433 1956 1277 2005 tributionem ad alterum, nihil prohibet vnam scientiam
437 1991 1273 2035 esse, vt patet 4. meta. sed principale consideratum in theo¬
429 2025 1280 2082 logia est unum simpliciter, scilicet, Deus ipse; omnia auten
423 2062 1001 2124 alia considerantur in ordine ad ipsum
423 2153 1280 2239 IN HAC QVIDE eo
494 2217 1193 2292 particula litterae, ex hominum
599 2278 1110 2362 prauitate, huiusce tra¬
663 2347 1032 2434 ctatus difficultas
773 2424 938 2504 patefit
743 2527 1260 2580 VAMVIS non ambigamus &c¬
753 2577 1271 2635 Postquam magister ostendit diffi¬
753 2622 1265 2665 cultatem istius tractatus ex tractat.
755 2655 1271 2712 dorum sublimitate: hic ostendit
750 2689 1275 2744 hoc idem ex nefandorum, seu in¬
747 2736 1266 2785 uidorum hominum prauitate, &
755 2773 1265 2828 dolo. Et quia nefandi homines
701 2801 1262 2865 E communiter, & consuete duo ma¬
420 2847 1259 2903 la faciunt, quia impugnant veritatem, & praedicant falsi¬
426 2898 1257 2943 tatem: ideo magister eorum dolum dupliciter ostendit
423 2931 1261 2987 Primo ex ueritatis impugnatione. Secundo ex falsi¬
419 2973 1256 3015 tatis assertione. Secunda ibi; Quorum professio
416 3011 1265 3053 Prima in duas: quia primo tangit istorum inuidorum de¬
414 3053 1268 3102 tractionem, & ueritatis impugnationem. Secundo as¬
1329 211 2186 272 signat istius detractionis, & impugnationis causam, & ra¬
1342 264 2185 312 tionem. Secunda ibi: Quia dissentientibus. Et haec in
1341 304 2174 352 duas: quia primo tangit causam intrinsecam, scilicet, eo
1341 342 2191 389 rum peruersam uoluntatem. Secundo tangit causam
1345 387 2180 434 extrinsecam, puta diaboli calliditatem ibi. Quoniam
1344 421 2177 462 Deus huius saeculi. Quia magister in ista littera tangit
1341 458 2174 511 quosdam, qui ab intellectu veritatis, & a uera fide si
1336 499 2188 552 auertunt, & ad fabulas se conuertunt, ideo quero hane
1338 538 1545 597 questionem.
1523 615 1988 699 Questio 2. prologi.
1351 734 2167 819 An euidens notitia credibilium possit viatori
1621 808 1892 858 communicari.
1554 1085 2178 1141 TRVM CERTA SCIENTIA. S
1572 1129 2178 1180 euidens notitia eorum, quae ponit fide;
1587 1174 2181 1218 catholica, per diuinam potentiam possit
1585 1214 2184 1259 communicari viatori infra terminos
1575 1248 2177 1300 viae simpliciter permanenti. Videtur
1564 1285 1758 1336 quod sic.
1364 1326 2186 1367 Quia quicquid continetur sub obiecto adaequato ali¬
1335 1371 2177 1420 cuius potentiae, in hoc potest illa potentia: sed omnia, quae
1337 1410 2173 1450 ponit fides, continentur sub obiecto adaequato nostri in
1333 1449 2181 1492 tellectus, ergo &c. Maior patet ex ipsa adaequatione. Nam
1332 1485 2174 1536 in adaequatis, nec debet esse excedens, nec excessum. Mi¬
1328 1527 2180 1571 nor apparet: Tertio enim de anima dicitur, quod intellectus
1332 1565 2171 1614 possibilis est omnia fieri, & exprimitur ibi intelligere sui
1339 1605 2184 1661 per fieri: quia ut in eodem. 3. patet, intelligere est quoddam
1323 1645 2179 1688 pati: ergo omne id, quod est alicuius veritatis, & entita¬
1332 1691 2190 1731 tis, videtur comprehendi sub adaequato obiecto nostri in
1328 1722 2180 1776 tellectus, & per consequens etiam ipsa veritas per articu¬
1327 1757 1578 1815 los fidei expressa
1332 1808 2207 1854 Contra, quod vere facit hominem beatum, non est con
1331 1842 2181 1891 municabile uiatori, sed euidens cognitio trinitatis vere
1324 1879 2179 1919 facit hominem beatum, ergo talis cognitio non est com¬
1326 1920 2171 1964 municabilis viatori. Maior nota: quia beatus non potes
1329 1956 2184 2009 esse viator. Minor patet: quia secundum P. August. res,
1323 2004 2184 2052 quae nos beatos faciunt, sunt pater, & filius, & spiritus san
1316 2030 2181 2095 ctus. Haec est enim vita eterna, vt cognoscant te Deum
1329 2077 2184 2137 verum, & vnigenitum, quem misisti, lesum Christum, ut
1329 2110 1517 2163 dicitur 1o. 17
1359 2152 2172 2214 In ista questione quattuor sunt videnda. Primo id, quid
1324 2198 2175 2255 questio querit. Secundo, data tali perfecta notitia siue in
1322 2235 2170 2280 uia, siue in patria, utrum simul cum ea possit uera fides pro
1317 2267 2181 2325 manere. Tertio, utrum fides, & opinio sint compossibilia
1323 2312 2184 2362 circa idem. Et quarto ad articuli primi intelligentiam, ui
1330 2347 2175 2408 denda sunt aliqua de nostri intellectus adaequato obiecto.
1488 2458 1969 2543 RES OLVTI O
1317 2560 2175 2634 In hoc quidem quaesito elicitur praecipue ex intentione Doctoris,
1353 2626 2175 2679 quod Deus de potentia absoluta, potest communicare Viatori
1346 2656 2181 2721 omnem veritatem, quam Peatur intuetur in diuina essentia¬
1352 2692 1867 2757 non ponendo eum extra terminos Viae,
1457 2784 1989 2843 ARTICVLVSI.
1530 2864 1931 2947 Id quod quaestio querit.
1382 2965 2163 3031 VANTVM ad primum, quia hic tangitur de diui¬
1319 3013 2168 3075 N na potentia, quae est mira& incoprehensibilis, quia
1301 3056 2162 3112 infinita, quam semper collaudantes, potius dilatare, quam
