2410 3547
218 244 1076 316 Sortis, intelligit Sortem tamquam verum ens reale pri¬
219 316 1079 359 mae intentionis; videns autem hoc intellectus non prae
219 348 1075 392 dicari de pluribus, nominat ipsum indiuiduum, & illud
231 386 1082 431 est nomen secundae intentionis: quia pro immediato fun
219 434 1075 482 damento sibi respondet apprehensio intellectus, puta non
219 468 1078 519 praedicari de pluribus, sed pro mediato fundamento sibi
229 508 1068 557 re spondet res extra, puta Sortes. Aliquando autem tali¬
225 547 1061 597 intellectus non per quirit sua subtilitate, sed ex suo mo
223 585 1064 631 do intelligendi de necessitate consequitur, & huiusmod
219 627 1073 675 vt plurimum sunt relationes secundum rationem. quam
219 664 1066 705 uis enim in re extra ita dependeat mensuratum a men¬
213 703 1062 745 sura, quod econuerso mensura non dependet a mensura
219 743 1076 793 to: tamen apud intellectum est eorum quafi natura depe
213 780 1071 828 dentia: quia sicut intellectus non potest apprehendere
217 821 1067 867 mensuratum, sic nec potest apprehendei e mensuratum
228 863 1067 912 vt mensuratum, nisi apprehendat mensuram, sic nec po¬
226 898 1058 939 test apprehendere mensuram vt mensuram, nisi apprehi
229 937 1062 982 dat mensuratum: quia tamen dependentiae apud intelle¬
222 975 1064 1028 ctum, qua intelligitur mensuratum dependere a mensu
219 1014 1057 1059 ra, correspondet dependentia in re extra, ideo relatio mi
229 1050 1065 1096 surati ad mensuram est realis, dependentiae autem men¬
213 1094 1069 1146 surae apud intellectum non respondet in re extra dependen
229 1131 1062 1178 tia mensurae, sed sola terminatio, qua mensura terminat
216 1172 1067 1216 dependentiam mensurati: ideo relatio mensurae ad men¬
213 1216 833 1257 suratum est relatio secundum rationem.
225 1245 1061 1296 Ad tertium dicendum, quod aliquid vere & realiter
207 1289 1061 1331 est idem sibi; tamen relatio, qua idem refertur ad seip¬
212 1328 1058 1378 sum, est relatio secundum rationem: quia intellectus ip¬
219 1369 1054 1415 sam concipiendo vtitur vno tamquam duobus, vt pate
221 1408 1062 1456 s nretaph sic Deus vere, & realiter est dominus propter
222 1450 1050 1494 veram, & realem potentiam coercendi subditos, qua ter¬
212 1483 1061 1534 minat omnem dependentiam seruituris subditorum suo
218 1527 1064 1571 rum, relatio tamen Dei ad subdites est relatio secundum
213 1570 1057 1609 rationem, cum sibi ex parte Dei non respondet ordo de¬
217 1602 1054 1656 pendentiae, qua referatur ad subditos, sed solum depen¬
210 1650 1054 1688 dentia, quam terminat, prout subditi ordinantur ac
219 1683 313 1737 ipsum.
335 1755 971 1843 ARTICVLVS II
214 1839 1062 1921 Vtrum relatio, quo est inter Deum, & creaturam,
408 1915 850 1976 sit realis ex parte creaturae
213 1996 1061 2061 SVANTVM ad tertium principale, vtrum relatio,
221 2035 1061 2083 Ne quae est inter Deum & creaturam sit realis ex par
212 2079 1058 2125 te creaturae, sic procedam. Primo ponam vnam conciu¬
207 2114 1061 2161 sionem & ipsam probabo. Secundo instabo contra eam
206 2157 1055 2206 & soluam instantias Tertio inferam quoddam corollarium
213 2196 1013 2244 contra, dictas cuiusdam doctoris in ista materia.
241 2223 1050 2284 Conclusio est haec, quod creatura realiter infertu
206 2277 422 2327 ad creatorem.
226 2309 1061 2359 1 Quia illud, quod realiter dependet ab altero & ad
215 2345 1053 2409 ipsum ordinatur, hoc realiter refertur ad ipsum: sed crea¬
218 2398 1058 2440 tura realiter dependet a Deo, & ad ipsum ordinatur, vt
218 2433 598 2487 patet 12. metaph
224 2468 1047 2512 2 Praeterea, omne productum reale realiter refertui
200 2511 1049 2560 ad producens sed creatura est realiter producta a Deo;
212 2553 344 2607 ergo &c.
237 2584 1073 2640 3 Praeterea, omne mensuratum realiter refertur ad
218 2628 1066 2675 mensuram, qua perfectissime mensuratur: Sed Deus est
208 2663 1070 2716 mensura omnium perfectissima, qua omnes creaturae per¬
214 2709 640 2765 fectissime mensurantur.
254 2745 1072 2795 Contra illam conclusionem ab aliquibus instatur sic.
252 2790 1055 2832 1 Si omnis creatura refertur ad creatorem rela¬
218 2826 1057 2878 tione reali, tunc ipsa relatio;, qua refertur creatura,
215 2870 1060 2916 cum sit realis, est vera creatura, & per consequens refer¬
207 2902 1064 2951 tur ad creatorem, aut igitur refertur relatione secundum
206 2940 1065 2993 rationem, aut relatione reali. Si primo modo, tunc pari
212 2995 1058 3035 ratione quaelibet alia creatura refertur relatione secun¬
207 3021 1064 3075 dum rationem ad creatorem, & non reali relatione. Si se
208 3058 1058 3118 cundo modo, tunc eodem modo quaeretur de illa relatio
210 3102 799 3164 ne, & erit processus in infinitum.
1134 244 1974 314 2 Praeterea, creatura secundum quod est producta a
1124 308 1965 362 Deo sic refertur ad Deum: sed a Deo secundum substan¬
1126 351 1962 397 tiam suam est producta, igitur secundum suam substantia
1125 388 1973 436 refertur ad Deum, & non secundum aliquam relationem
1126 426 1605 484 accidentaliter superuenientem
1165 457 1969 522 3 Praeterea, omnis relatio est quasi quoddam mediti
1120 501 1970 555 inter extrema relatiua, sed inter creatorem, & creaturam
1126 549 1960 600 nullum cadit medium: quia secundum Pern, omne, quod
1117 586 1721 631 est, aut est creatura, aut creatrix essentia.
1164 615 1974 686 Sed illud expresse est contra P. Aug. 5. de trini. vbi ait
1123 659 1974 705 Deum dici relatiue ad creaturam, non ratione acciden¬
1116 702 1975 751 tis, quod accidit sibi, sed ratione accidentis, quod accidit
1113 748 1953 792 creaturae, ad quam dici incipit ipse Deus. Oportet igitui
1116 780 1962 826 quod relatio creaturae ad ipsum Deum sit aliquid reale
1117 824 1952 861 existens in ipsa creatura, quo ad Deum creatura refertur;
1149 862 1944 905 Ad primum igitur dicendum, quod relatio resertur ab
1119 900 1955 940 Deum, non tamen alia relatione, sed seipsa: sicut enim
1119 938 1956 989 species differt differentia sua propria ab alia specle, diffe¬
1118 977 1962 1030 rentia autem non differt ab alia differentia: sed seipsa est ab
1107 1017 1952 1060 alia differentia realiter diuersa, sic relatiuum refertur re
1119 1051 1813 1097 latione: relatio autem respicit terminum seipsa
1134 1094 1948 1141 Ad secundum dicendum, quod sicut aliquid dicitur s
1110 1134 1952 1186 mile ipsa qualitate causaliter, & fundamentaliter, sed ip¬
1108 1180 1949 1220 sa similitudine dicitur simile formaliter, sic quelibet crea
1116 1214 1946 1255 tura per suam naturam resertur ad; Deum fundamenta¬
1120 1251 1631 1306 iter, sed ipsa relatione formaliter.
1167 1288 1959 1340 Ad tertium dicendum, quod quamuis inter creatorem
1111 1328 1944 1376 & creaturam non sit medium tale, quod nec sit creator
1105 1375 1945 1416 nec creatura, tamen inter creaturam absolutam, & create
1117 1410 1953 1451 rem per modum cuiusdam tendentiae mediat creatura,
1110 1448 1946 1495 quae est relatio: quae cum sit ipsa tendentia, siue ordo, non
1104 1486 1952 1532 requirit aliam tendentiam mediam, sed seipsa tendit ad
1111 1531 1960 1574 terminum, nec etiam mediat relatio tamquam res alia a
1111 1567 1692 1614 suo sundamento, sed tamquam modus.
1152 1595 1952 1643 Et ex hoc potest inserri contra vnum doctorem, quod
1116 1639 1936 1689 falia est sua adinuentio, qua ponit circa illam distinctio
1119 1686 1949 1728 nem 3o. quod nulla relatio formaliter sumpta sit ens rea
1106 1720 1940 1766 le extra animam, omnis enim relatio, vt ait, dependet ab
1110 1757 1950 1801 actu rationis, & formaliter solum habet esse obiectiue in
1116 1798 1935 1841 nima, & hoc ipse probat primo de relationibus, quae di
1111 1832 1953 1883 cuntur modo vnius, vt est fimilitudo, aequalitas, & identi
1113 1883 1955 1923 tas. De identitate tamen dimitto, quia ibi concedo secu,
1107 1921 1826 1974 quod ibi sit relatio secundum rationem tantum.
1150 1957 1572 2008 Similitudine vero arguit sic.¬
1115 1990 1949 2039 1 Omnis realitas potest per diuinam potentiam ma¬
1108 2039 1949 2089 nu teneri absque omni alia realitate, a qua non depedet,
1110 2076 1951 2121 sed realitates duarum albedinum a similitudine non de¬
1116 2114 1956 2155 pedent, ergo si similitudo esset ens reale, posset Deus ma
1107 2151 1957 2194 nutenere duas albedines, destructa similitudine: sed illud
1106 2196 1964 2240 est falsum, quia intellectus semper aeque inueniret simili
1106 2228 1634 2273 tudinem cirea huiusmodi duo alba
1124 2264 1947 2313 2 Secudo pbat hoc idem de relationibus modo numeri sic
1104 2302 1961 2354 si relatio mo numeri esset verum es reale extra animam, tume i
1107 2352 1959 2395 vna re, puta in vna sola lineo, essent infinitae entitates rea
1110 2389 1958 2434 les, falsitas consequentis patet, probatur consequentia: quia
1110 2426 1945 2474 talis linea respectu suae medietatis esset dupla, & illa mo
1115 2469 1954 2520 dietas respectu totius esset subdupla. Iterum eadem li¬
1109 2499 1955 2553 nea respectu suae tertiae partis esset tripla, respectu quartae
1108 2538 1957 2588 esset quadrupla, & sic de singulis partibus, quae cum sint
1108 2579 1957 2628 infinitae, essent infinitae entitates relatiuae actu in cadem
1106 2618 1961 2665 linea, quod est impossibile, ergo relationes tales non pos
1113 2658 1948 2706 sunt dicere formaliter aliquam entitatem extra animam,
1153 2699 1950 2752 3 Tertio idem probat relationibus dictis modo po¬
1111 2733 1955 2782 tentiae. quia illud non potest poni res in natura, quod ha
1123 2781 1952 2831 pet aliquod productiuum, nec mediate: sed paternitas est
1116 2816 1950 2869 huiusmodi. Maior patet: quia nihil potest seipsum produm
1112 2860 1952 2909 cere, vt patet per August. 1. de trim& per Commen. 12.
1116 2905 1944 2945 metaphi. Minorem probat, quia paternitas, quae de no¬
1111 2936 1959 2979 uo fit in aliquo producente, si causatur, aut causatur a ta¬
1119 2970 1952 3018 i producente, in quo est, aut a producto, aut ab actione
1111 3015 1958 3063 fiuente a producente, in quo productum, aut ab aliquo ex¬
1112 3050 1950 3100 trinseco, puta a coelo, vel a Deo. Non primo modo, tum
1116 3093 1962 3146 quia relatio esset per se terminus producentis, tum
