2375 3566
396 295 1265 373 iusmodi propositones esse simpiciter falsas; Dicunt etiam
405 363 1248 411 August. tales propositiones retractasse in suo simili, cum
404 403 1257 453 in suo primo li: retractationum retractat illam, pater est
417 445 1255 491 sapiens sapientia genita. Motiua istius opinionis pote¬
419 483 620 536 rant esse illa¬
480 506 1262 570 Pater non est sapiens sapientia genita, ergo non est
411 554 1257 608 diligens amore procedente, seu producto, nec per conse
422 603 1262 659 quens spiritu sancto. consequentia patet: antecedens po
425 637 1196 691 nit August. 1 retractationum & 3. de trinitate cap.
450 673 1265 729 2 Praeterea, diligere Dei, velle Dei idem est, quod es¬
417 711 1254 773 se Dei: sed pater & filius non sunt spiritus sanctus, ergo
417 755 824 809 non diligunt spiritu sancto.
451 794 1246 854 3 Praeterea, si diligerent se spiritu sancto, tunc aliqui
418 832 1259 876 esset in eis per spiritum sanctum, seu a spiritu sancto. con
420 872 1268 930 sequens est falsum: consequentia patet: quia ablatiuus im
432 910 884 960 portat habitudinem causalem,
447 945 1250 996 4 Praeterea, August. 7. de trinitate arguit sic. Si pate
426 988 1249 1044 esset sapiens sapientia genita, tunc pater esset filio; si
421 1032 608 1081 in proposito
456 1060 1266 1113 Sed illa opinio est contra veritatem, & contra mauife¬
411 1108 1260 1154 stam intentionem sanctorum, vt patet per multas aucto.
416 1154 1266 1202 ritates per magistrum adductas in illa distin. 32. Nec Aug.
413 1186 1255 1231 huiusmodi propositones retractauit: quia non est modums
425 1225 1252 1292 August. aliquid retractare in suo simili; sed in propria fo
420 1266 914 1314 ma retractat, quae vult retractare.
451 1305 1261 1351 2 Praeterea, de libro retractationum remittit ad ea,
413 1342 1269 1385 quae dixerat in libro de trin Sed i5. de trin. dicit hanc es
419 1382 1252 1426 se falsam, Pater sapit sapientia genita; & eodem libro di
417 1419 1267 1475 cit hanc esse veram, Pater diligit filium, & filius patrem
416 1464 758 1516 spiritu sancto, ergo &c.
468 1504 1259 1544 Ad primum nego consequentiam, nam propter aliam.
411 1534 1264 1590 & aliam habitudinem, quae concernitur inter sapere, seu
417 1587 1259 1625 intelligere & diligere potest aliquid concedi de vno, &
416 1625 1258 1670 negari de alio; nam sapere significat motum rei ad ani¬
411 1659 1258 1705 mam, diligere vero significat motum animae ad res; idec
423 1693 1263 1755 quamuis secundum actum amoris anima possit denomi¬
417 1743 1259 1790 nari per illud, quod ab ea procedit, tamen hoc non fit se¬
422 1778 1267 1820 cundum actum sapientiae, nisi cum aliquali determinatio
417 1819 1256 1871 ne, propter, hoc licet haec absolute sitvera; pater diligit fi
427 1859 1257 1909 lium spiritu sancto, qui per modum amoris procedit, ta¬
413 1896 1262 1942 men non intelligit spiritum sanctum, vel seipsum filio,
422 1934 1256 1987 qui per modum sapientiae, & intellectus procedit, quam¬
422 1975 1067 2033 uis possit concedi, quod intelligit se in filio
460 2002 1260 2066 Ad secundum dicendum, quod quamuis in Deo esse,
419 2050 1262 2104 & diligere sint idem realiter, differunt tamen ratione, &
412 2090 1259 2147 habitudine, propter quod aliquid conceditur de vno, quod
420 2128 767 2173 non conceditur de alio
460 2156 1271 2214 Ad tertium dicendum, quod pater, & filius non dicun
420 2198 1263 2251 tur diligere spiritu sancto tamquam forma, quae sit eis ra
423 2246 1259 2295 tio, & principium diligendi, seu dilectionis, sed tamquam
422 2285 1265 2326 constituto, scu producto per actionem, & ideo ille abla¬
425 2321 855 2370 tiuus non tenetur causaliter,
471 2352 1250 2420 Ad quartum patet per ea, quae dicta sunt ad primumi.
454 2404 1261 2457 Secunda conclusio est haec, quod pater diligit se spi¬
417 2440 585 2495 ritu sancto.
453 2475 1260 2528 1 Quia sicut se habet verbum ad dicere, ita se habet
426 2528 1256 2573 amor procedens ad diligere: sed pater dicit se verbo, er
416 2567 967 2618 go diligit se amore, seu spiritu sancto
453 2591 1252 2651 2 Praeterea, eodem amore pater diligit filium, & scip
419 2637 1265 2683 sum, sed, vt iam patuit, diligit filium spiritu sancto, quo di
427 2679 982 2720 ligunt se, etiam nos, & omnia alia a se
549 2746 1173 2833 ARTICVLVS I
562 2844 1131 2907 Vtrum Pater, & filius diligant nos
719 2902 967 2966 spiritu sancto.
450 2975 1253 3042 AT PERR4AC eadem media patet, quid sit dicendi
428 2998 1259 3071 Lad secundum articulum quaestionis; nam sicut patet
420 3072 1262 3113 eodem verbo, quo dicit se, dicit etiam omnia alia; sic pa¬
418 3105 1260 3160 ter, & filius eodem amore, scilicet spiritu sancto, quo dili¬
426 3148 935 3212 gunt etiam nos, & omnia alia a se¬
1418 350 2033 425 ARTICVLVS III
1441 456 2012 515 Vtrum pater sit sit sapicns sapien¬
1642 505 1809 563 tia genita
1346 572 2155 655 VANTVM ad tertium articulum dico, quod pa¬
1316 626 2157 677 ter non debet dici sapiens sapientia genita. Ra¬
1311 666 2159 720 tio quo ad hoc patet per ea, quae dicta sunt in solutione
1321 710 2156 752 primi argumenti praecedentis opinionis; nam illo est ali¬
1308 742 2161 804 quis sapiens, quo intelligit, sed pater non intelligit sa¬
1315 789 2157 850 pientia genita, scilicet filio, ergo non est sapiens sapien¬
1301 825 1481 884 tia genita
1428 891 2036 983 ARTICVLVS IIII
1441 1006 2018 1068 Vtrum Filius sit sapiens sapientia
1647 1054 1809 1115 ingenita.
1356 1132 2159 1203 VANTVM ad quartum articulum, vtrum filius sit
1320 1177 2155 1232 sapiens sapientia ingenita, dico, quod si per in¬
1324 1217 2157 1274 tenitam sapientiam intelligatur persona patris, tunc il¬
1307 1258 2153 1307 lud, quod petitur, potest habere duplicem intellectum,
1309 1296 2157 1343 Vnum, quod filius sit sapiens sapientia ingenita tamquam
1314 1337 2156 1403 forma sua. Alium, quod sit sapiens ingenita sapientia tam¬
1314 1376 1637 1436 quam productiuo suo
1353 1409 2163 1480 1 Primus intellectus est falsus: quia fimpliciter a sua
1304 1448 2159 1503 forma differre non potest: sed filius realiter differt a sa¬
1318 1503 2162 1549 pientia ingenita, scilicet a patre. Sed secundus intelle¬
1308 1536 2153 1592 ctus est verus, quia filius est productus a sapientia ingeni¬
1313 1579 2158 1637 ta, ergo est sapiens sapientia ingenita, secundum quod ali
1316 1616 1796 1670 quid dicitur tale suo productiuo.
1353 1637 2156 1704 2 Praeterea, in diuinis secundum P. August. idem est
1315 1694 2156 1745 esse, & sapere, sed filius est patre, seu sapientia ingenita
1305 1732 2154 1777 tamquam productiuo, ergo vt sic, filius sapit sapientia in
1311 1776 2149 1826 genita, hoc est dictu, quod filius habet esse, & sapere a patri
1310 1812 2155 1855 qui pater est ipsa sapientia ingenita. Et quia doctor no¬
1298 1850 2147 1900 ster iuxta ea, quae ponit in primo articulo, habet poners
1314 1895 2160 1937 amorem productum se habentem, vt aliquid constitutum
1304 1929 2146 1978 in diuinis, habet etiam ponere iuxta illa sua dicta, & ali
1306 1970 2166 2019 qua superius posita duplicem amorem, scilicet amorem
1310 2011 2158 2053 essentialem, qui est communis tribus; & amorem perso¬
1308 2052 2156 2099 nalem, qui est ipse spiritus sanctus, quorum contrarium
1320 2090 2156 2150 per ordinem ponit quidam doctor. Primo igitur recita¬
1317 2126 1929 2170 bo dicta ipsius, secundo respondebo ad ea
1347 2163 2160 2227 Dicit ergo ille doctor primo, quod nullus amor pro¬
1305 2198 1586 2251 ducitur in diuinis.
1341 2239 2156 2295 1 Quia quandocumque aliqua sunt idem secundum
1316 2284 2150 2335 rem & secundum rationem, si vnum non attingitur per
1315 2326 2150 2365 realem productionem, nec reliquum, sed essentia in diui
1316 2361 2147 2408 nis est idem, quod amor secundum rem, & secundum ra¬
1320 2403 2144 2463 tionem, & essentia non producitur, vt patet ex determi-
1320 2437 1799 2487 natione concilij, ergo nec amor,
1347 2472 2146 2529 2 Preterea, nulla realitas, quae est in filio, capit essu
1318 2519 2153 2574 per productionem, nisi proprietas personalis filij, & eoden
1314 2562 2159 2604 modo de spiritu sancto: sed intellectio infinita non est
1334 2601 2149 2654 uod filiatio, & amor infinitus non est idem, quod proces¬
1310 2638 2151 2683 sio, quae sunt proprietates personales verbi & spiritus san
1308 2678 2150 2723 cti, ergo non potest catholice concedi, quod in filio sit al
1317 2718 2160 2769 qua sapientia actualis producta, vt aliquis amor produ¬
1313 2751 1622 2804 ctus in spiritu sancto.
1342 2783 2176 2848 Secundo dicit idem doctor, quod in diuinis non pos¬
1305 2826 2176 2877 sunt duo amores, aut duae sapientiae, quorum vnus sit es¬
1304 2868 1727 2923 sentialis, & alius personalis.
1337 2903 2156 2956 1 Quia impossibile est ponere duas deitates, quarum
1314 2953 2152 2997 vna sit essentialis, & alia personalis; sed amor, & sapientia
1304 2991 2150 3057 sunt perfectiones, & per consequens non sunt aliud, quam
1317 3030 1548 3080 deitas, ergo &c
1345 3062 2176 3123 Et confirmatur: Nam cum amor in diuinis sit formali¬
1306 3108 2177 3179 ter infinitus, & sapientia formaliter sit infinita, nec amor.
1312 3146 1842 3207 nec sapientia poterunt multiplicari
