2404 3538
265 269 1022 347 patet per Host. & per multos alios doctores iuris.
299 323 765 378 Ad tertium, nego antecedens
297 358 1105 411 Ad probationem dicendum, quod aliquid non esse li
256 404 1104 450 citum, potest dupliciter intelligi. vno modo, quia est con¬
265 441 1095 491 tra prohibitionem. Alio modo, quia est contra dissuasic
268 483 1096 528 nem. Et isto secundo modo intelligendum est dictum
254 527 1097 572 Aug. & non primo modo, quod patet ex verbo sequen¬
264 561 1091 610 ti, cum subdit, quia etiam a licitis est abstinendum &c
268 607 1101 648 ergo quod primo dixit non licere, tamquam dissuasum,
254 645 1091 696 postea videtur dicere licere, inquantum licitum distin
255 677 668 742 guitur contra prohibitum.
297 716 1093 771 Ad dictum oreg dicendum, quod ex hoc non habe¬
250 758 1097 805 tur, quod illud malum euenerit illi mulieri propter hoc
255 795 1097 854 praecise, quia viro suo reddidit debitum: quia multis mo
255 845 1097 888 dis potuit se habere inordinate, vel circa illum actum,
253 877 1101 925 vel circa alios actus, ex quibus inordinationibus huius¬
261 923 802 967 modi vexatio sibi poterat euenire.
300 946 1097 1001 Ad quartum, nego consequentiam: Quia quod poena
254 988 1097 1045 mortis est puniendum, hoc non potest quis facere sine
251 1038 1081 1095 periculo corporis sui: sed, vt dicitur in probatione ante
257 1064 1109 1123 cedentis, coitus tempore menstruorum, quantum ad
261 1121 946 1157 vtrumque coniugem, puniebatur poena mortis.
304 1149 1104 1202 Etiam, secundum communiorem opinionem, negam¬
251 1186 1092 1237 dum est antecedens, quia si petens debitum nullatenu
256 1228 1100 1276 vult carere, tunc reddens debitum non peccat, secundum
250 1268 757 1333 quod communior doctrina tenet
303 1292 1091 1354 Ad probationem dicendum, quod tunc praecipieban
247 1352 1103 1394 tur ambo occidi, quando ambo sponte consentiebant
249 1392 1097 1444 in actum carnalis copulae, ita, quod nulla istarum perso¬
255 1436 1073 1474 narum reddidit quasi inuita, & exacta ab altero coninge
288 1471 1091 1519 Ad quintum, quod est confirmatio istius anteceden¬
256 1500 1094 1550 tis, dicendum, quod aliquid esse contra bonum prolis, potesi
246 1542 1089 1588 dupliciter intelligi. Vno modo, simpliciter, & absolut
249 1587 1095 1634 sicut ante tempus generationis procurare foetus abor.
250 1624 1101 1680 tum, vel post generationem prolem genitam exponere
267 1663 1100 1714 periculo, & non nutrire, & sic maior est vera, sed minor
254 1702 1102 1753 non vera. Alio modo, secundum quid, sicut est in propo
255 1737 1101 1787 sito, & sic minor est vera, quamuis maior non sit vsque¬
249 1788 1100 1835 quaque vera, quia quandoque non solum licet reddere,
256 1820 1093 1870 verum etiam exigere actum carnalis copulae, quamui
256 1856 1091 1912 secundum quid modo praedicto sit contra bonum pro
252 1898 1098 1947 lis. Coniuges enim leprosi possunt exigere actum carna
256 1936 1097 1984 lis copulae, dato, quod ab eis non generetur proles, nis
257 1981 1091 2036 leprosa, vt patet extra de coniugio leprosorum cap 1. 8
264 2012 1097 2066 2. Tempore vero menstruorum, quamuis propter praed
254 2065 1102 2105 ctum prolis periculum non liceat exigere, tamen coniuns
265 2095 1094 2147 exactus sine peccato potest reddere, quia etsi exigere si
261 2136 1099 2187 in voluntate coniugis, & per consequens circa ipsum, ta
261 2174 1097 2228 quam circa actum, qui est in potestate hominis, potes
270 2213 1107 2261 esse peccatum, tamen reddere est de necessitate iuris, &
273 2255 1055 2297 per consequens, vt sic, circa ipsum non est peccatum
277 2278 1107 2335 Forte dicetur, quod quicunque consentit alicui mor¬
258 2330 1096 2381 taliter peccanti, ille peccat mortaliteri sed coniunx exi
264 2370 1100 2425 gens actum carnalis copulae tempore, quo mulier pati
269 2409 1097 2461 tur menstruum, peccat mortaliter, & reddens debitun
261 2449 1112 2498 consentit illi exigenti, ergo reddens debitum tempo e
276 2486 1097 2538 menstruorum mortaliter peccat. Maior patet ad homa
270 2536 1100 2576 vbi ait Apostolus Qui talia agunt, digni sunt morte; ni
269 2562 1106 2617 solum autem qui faciunt, sed & qui consentiunt facient
260 2613 1112 2661 bus. Prima pars minoris patet ex iam dictis, ac etiam
263 2640 1098 2704 ex communi doctrina. Patet etiam, quantum ad se
272 2684 1105 2738 cundam partem: quia dans alicui, quod perit, consenti
264 2728 393 2789 petenti
306 2766 1108 2811 Dicendum, quod secunda pars minoris non est vera
273 2798 1106 2856 quia coniunx reddens debitum ab eo exactum non spo
272 2841 1100 2896 te, sed propter ius praecipiens, vt debitum reddatur exi
266 2891 1108 2938 genti, & carere nolenti, in hoc non consentit exigenti
276 2928 1114 2968 sed consentit iuri praecipienti: consentit enim in passio¬
272 2959 1115 3017 nem, ad quam tenetur ex praecepto iuris, quamuis non
277 2998 871 3053 consentiat in actionem ipsius exigentis
304 3042 1111 3087 Forte adhuc dices, quandocunque aliqua sunt insepa
270 3072 1120 3137 rabilia, tunc non potest quis consentire in vnum, nisi com¬
273 3114 1117 3182 sentiat in alterum. Sed actio, & passio, sunt inseparabi¬
1147 263 1992 330 lia : ergo non potest conluns consentire in passionem,
1139 331 1664 373 nisi etiam consentiat in actionem,
1191 357 1980 416 Dicendum, quod aliqua esse inseparabilia potest du¬
1153 402 1979 453 pliciter intelligi, Vno modo, secundum rem. Alio mo¬
1143 440 1975 491 do, secundum rationem, & voluntatem. Primo modo
1143 476 1973 519 actio, & passio, sunt inseparabiles, sed non secundo mo
1143 519 1974 573 do, quia, sicut dictum est in tertio libro, crucifixio acto
1146 558 1978 611 quae se tenuit ex parte crucifigentium, displicuit Deo pro
1144 597 1985 641 tri: & tamen crucifixio passio, quae se tenuit ex parte Chri
1137 636 1983 681 sti, placuit licet illa actio, & ista passio inseparabiles fue¬
1144 673 1982 723 rint ex parte rei: Sic mulier exacta potest consentire in
1157 714 1990 761 passionem, ad quam sustinendam de iure tenetur, cum
1144 766 1983 802 non habeat potestatem corporis sui, vt dicitur i, ad Co¬
1145 798 1981 840 7. quamuis non consentiat in actionem exigentis. Et por
1144 831 1974 877 hoc patet ad formam argumenti, quia accipiendo inse
1144 871 1985 920 parabilia primo modo, tunc maior est falsa, licet minor
1143 918 1980 964 sit vera. Sed secundo modo, tunc minor est falsa, vt pa¬
1145 949 1409 1000 tet per iam dicta¬
1179 975 1984 1034 Ad sextum, nego antecedens, maxime sivir non vult
1155 1028 1987 1078 pro tunc illo actu carere, & vxor timet, quod ipse cadat
1142 1065 1658 1117 in fornicationem, vel adulterium
1188 1116 1975 1155 Ad probationem dicendum, quod verba illorum ca
1153 1140 1978 1192 pitulorum non sunt praeceptiua, sed solum persuasiua
1140 1185 1992 1238 Etiam dato, quod vir prohibeatur per huiusmodi verba,
1144 1236 1988 1275 ne exigat: tamen si contra prohibitionem exigeret, mu¬
1146 1261 1990 1312 lier per huiusmodi verba, non intelligeretur prohibita,
1146 1305 1982 1353 quin debitum exactum reddere deberet. Etiam isto pri¬
1146 1338 1990 1387 mo potest responderi ad casum praecedentem de tem¬
1152 1383 1385 1439 pore menstruo.
1185 1420 1989 1467 Ad septimum, dicendum, quod toto argumento con¬
1150 1458 1989 1504 cesso, nihil habetur contra praedictam conclusionem,
1147 1502 1983 1552 quia illo casu, posito, puta, quod vxor publice perseue¬
1143 1548 1997 1589 ret in meretricio, tunc ipso iure maritus est absolutus a
1143 1576 1979 1623 toro illius mulieris, licet non sit absolutus a vinculo con¬
1149 1621 1982 1665 iugali : Sed conclusio posita est de talibus coniugibus
1146 1652 1995 1702 qui nec a vinculo tori, nec a vinculo coniugali sunt ab¬
1143 1695 1382 1751 soluti ipso iure.
1194 1737 1981 1785 Conclusio secunda est, si coniunx sine corporalis sua
1149 1780 1982 1829 vitae periculo non potest reddere debitum exigenti, tums
1142 1820 1789 1862 non tenetur, nec obligatur ad reddendum
1190 1844 1977 1900 Quia in actibus naturalibus nullus tenetur de neces
1142 1892 1979 1940 sitate, nec obligatur ad illud, ad cuius oppositum incli¬
1156 1935 1989 1976 nat ipsa natura: Sed actus carnalis copule est actus valde
1140 1975 1987 2016 naturalis, & tota natura inclinat vnumquodque indiui¬
1144 2012 1981 2053 duum humanum ad desideradum suam conseruationi
1143 2047 1995 2095 in esse: ergo quantum ad actum carnalis copulae, nullus
1144 2084 1982 2140 coniugum tenetur neddere debitum cum periculo sua
1144 2125 1862 2173 vitae, quod opponitur suae conseruationi in esse¬
1185 2168 1985 2217 Forte dicetur, si ista conclusio esset vera, tunc si vnus
1150 2202 1995 2256 coniugum efficeretur leprosus, alter, qui remaneret sa¬
1143 2246 1994 2296 nus, non teneretur sibi reddere debitum consequentia
1160 2283 1991 2328 patet quia cum lepra sit morbus contagiosus, videtur,
1152 2319 1989 2376 quod in tali commiatione mundus ab immundo inficia
1154 2358 1982 2416 tur: Sed oppositum istius consequentis expresse habetu
1153 2409 1988 2447 extra de coniugio leprosorum cap. peruenit, & cap. quo
1158 2436 1996 2486 niam nemini, ex quo sequitur oppositum antecedentis,
1154 2489 1660 2538 quod est oppositum conclusionis
1189 2515 2012 2569 Dicendum, quod consequentia non valet, quia sine pe
1149 2560 1988 2612 riculo vitae potest persona munda reddere debitum ca¬
1150 2592 1982 2644 nalis copulae personae leprosae. Ad probationem dicendum
1149 2642 1996 2686 que, vt communiter dicitur, per hoc, quod persona muda
1149 2673 2003 2719 tepore congruo redderet debitum personae immudae non
1143 2714 1987 2762 inficeretur, dummodo eorum cohabitatio non esset sempe
1153 2753 1997 2810 continua: & ideo sicut iura abstringunt personam mundam
1155 2789 1991 2840 ad reddendum debitum personae leprosae, sic eadem iura
1164 2837 1997 2883 permittunt, quod persona munda pro suae sanitatis conser¬
1163 2873 1997 2917 uatione non habitet continue cum leprosa, sed habeat
1152 2911 1982 2961 habitationem seorsum: in tali tamen propinquitate, quo
1167 2946 2013 2997 persona leprosa non defraudetur a debito, in quo sibi per
1149 2983 2013 3044 sona munda tenetur. Et dato etiam, quod persona reddes
1161 3025 2013 3077 debitum efficeretur leprosa, per hoc tamen non esset in
1166 3076 2013 3112 periculo suae corporalis vitae quia, sicut dicit beatus Au
1163 3103 1990 3171 gustinus in quadam omelia super Cucam, Cepra colori;
