2392 3518
399 277 1268 338 per quas iam probaui poenitentiam non subiectiue in
404 318 620 374 ipsa trascibili,
453 357 1273 406 Ad primum ergo dicendum, quod dolor, & tristitia, vt
406 401 1263 451 sunt in concupiscibili, sic sun passiones, & per consequen
423 438 1262 488 non sunt poenitentia, de qua loquimur : quia illa est vir¬
413 481 1262 529 tus: passio autem non est virtus. Vnde sicut poena a iudi¬
411 516 1264 565 te illata ipsi reo non est iustitia vindicatiua, quamuis al
420 561 1257 601 quo modo sit effectus t alis iustitiae: sic in proposito do
423 595 1259 649 lor, & tristitia, vt sunt in concupiscibili, non sunt poeni
423 636 1243 684 tentia, quamuis quandoque sint effectus penitentiae.
465 669 1273 727 Ad secundum patet per praedicta: quia detestatio ma¬
412 711 1272 768 li sub hac ratione, vt ex illo malo ostensus est Deus, sic
418 751 1267 802 spectat ad poenitentiam, & vt sic, non est actus concupi¬
419 793 1262 845 scipilis partis sensitiuae, cui non conuenit percipere De
426 831 768 882 um, vel offensam Dei.
456 868 1262 921 Alij dicunt penitentiam subiectiue esse in ratione
429 910 764 963 seu in ipso intellectu.
470 958 1273 999 1 Quia penitentia est quoddam iudicium, vt pateti.
429 989 1259 1049 ad Corin vbi tangens Apostolus actum penitentiae, ai
422 1033 1264 1082 Si nosmetipsos iudicaremus, non vtiqu iudicaremur: set
419 1070 1074 1125 iudicium pertinet ad intellectum; ergo &c
467 1112 1277 1154 2 Praeterea, eiusdem potentiae est ordinare, & deordi
423 1153 1274 1198 nata reformare, seu reordinare: sed ordinare spectat ad
422 1186 1267 1231 intellectum: ergo ad ipsum pertinet penitentia, qua de
422 1227 1021 1274 ordinata emendantur, & reformantur.
466 1254 1283 1314 Sed nec istud valet. Quia licet iudicium dictare spe¬
424 1303 1281 1348 ctet ad ipsum intellectum, & rationem: tamen dictatum
411 1348 1275 1398 iudicium auctoritatiue executioni mandare spectat ad
424 1382 1272 1440 ipsam voluntatem: cum ergo penitentia, quae est virtus;
427 1433 1280 1476 non consistat in dictamine iudicij, sed in valida eius exe
420 1471 1273 1513 cutione; multi enim bene dictant qualiter debet fieri
422 1509 1277 1560 penitentia: tamen propter defectum executionis, puta
412 1537 1264 1589 quia auctoritate voluntatis dictatum iudicium non man
416 1584 1273 1637 dant executioni. ideo constat eos carere virtute peniten
424 1622 1270 1664 tiae, ergo virtus poenitentiae non est subiectiue in ratio¬
421 1659 843 1715 ne, sed in ipsa voluntate.
462 1701 1274 1746 Ad primum dicendum, quod penitentia non est iudi
417 1740 1268 1794 cium dictatiue: sed magis executiue. Etiam isto modo
418 1783 1267 1829 est intelligendum dictum Apostoli. Nam multi iudicant
408 1821 1274 1864 se esse peccatores, & dictant, quod deberent se emendare:
414 1867 1279 1909 tamen quia tale dictatum non exequuntur: ideo tadem
411 1903 840 1950 damnabiliter iudicabuntur
459 1931 1262 1985 Ad scum dicendum eodem modo. Nam licet per modun
411 1983 1273 2027 consilij dictare tam ordinationem, quam reordinatio¬
404 2016 1264 2064 nem spectet ad rationem, tamen illud, quod sic est dicta
415 2062 1272 2102 tum, & consultum, auctoritatiue, & imperialiter execu¬
414 2098 1014 2138 tioni mandare spectat ad voluntatem.
452 2129 1263 2178 Alij dicunt, quod penitentia est in qualibet animae potentia
460 2175 1275 2220 1 Quia virtus ibi habet esse, vbi agit: sed penitentia
416 2216 1268 2268 agit in quamlibet animae potentiam, cum a qualibet ex
413 2252 686 2308 pellat peccatum.
440 2285 1271 2336 2 Preterea, reformans oportet, quod sit in reformato:
407 2327 1272 2385 sed penitentia solet quamlibet potentiam animae, si de¬
412 2373 957 2419 formata fuerit, reformare: ergo &c.
447 2405 1269 2453 Sed nec istud valet, quia si sic, tunc vnum, & idem acci
421 2451 1275 2496 dens simul esset in pluribus subiectis. Falsitas consequen
412 2496 1269 2545 tis patet, prob atio consequentiae: quia virtus, quae est pe¬
415 2529 1263 2574 nitentia, est in vno homine vnum accidens: sed in vno hom
421 2568 1274 2622 ne sunt plures potentiae animae realiter distinctae: ergo &c.
449 2613 1268 2660 Ad Primum dicendum, quod virtutem actiuam esse alicu
423 2648 1267 2691 bi potest dupliciter intelligi vno modo subiectiue, alio
414 2692 1268 2738 modo attinctiue. Primo modo, est in agente. Secundo
419 2728 1268 2766 modo, in patiente. Qauis ergo penitentia aliquo mon agat
418 2767 1273 2807 in qualibet animae potentiam mediante ipsa voluntate, quam
417 2806 1274 2854 informat: tamen in sola voluntate est subiectiue, in aliis au¬
422 2848 1262 2889 tem potentiis est solum attinctiue: quia voluntas infor¬
426 2887 1268 2936 mata penitentia, sua actione attingit alias potentias i¬
421 2925 1269 2972 pias suo imperio applicando ad faciendum emendam
413 2958 624 3013 pro derelicto
446 2996 1278 3048 Ad secundum dicendum, quod reformans potest dici
419 3042 1265 3085 dupliciter. Vno modo formaliter Alio modo effectiue
406 3080 1268 3123 Pemo mo maior est vera: sed secudo modo, est falsa. mondo sol¬
422 3124 1274 3180 voluntas reformatur formaliter ipsa penitentia: quia ipsa
1308 250 2171 333 voluntas sola fuit subiectiue deformata percato: Nam
1314 313 2169 369 peccatum subiectiue habet esset in sola voluntate, pro¬
1313 364 2170 408 prie loquendo de peccato, vt probaui lib. 2. di. vo ceterae
1321 395 2162 448 autem potentiae per penitentiam reformantur effectiue
1311 436 2169 486 seu motiue Nam voluntas informata per penitentiam
1308 483 2027 523 mouet alias potentias ad earum correctionem
1363 510 2187 564 Alij dixerunt, quod penitentia est subiectiue in ipsa svn¬
1312 553 2162 601 deresi. Primo, quia ipsi svnderesi proprie conuenit ge¬
1316 594 1599 647 mere pro peccato.
1358 632 2177 686 Secundo, quia svnderesi proprie conuenit detestari
1327 672 1482 725 peccatum.
1349 708 2168 761 Sed nec istud valet. Quia sicut patet ex his, quae dixi
1317 752 2188 795 lib 2 dist. 10 art. 3. svnderesis non est vis, vel potentia ani
1321 791 2188 844 mae, sed est quidam habitus connaturalis ipsi animae, &
1316 829 2187 882 per consequens non potest esse subiectum penitentiae.
1317 875 2174 921 quia vnus habitus non subiicitur alteri habitui: hoc enim
1319 910 1677 964 conuenit ipsi potentiae.
1354 950 2188 998 Ad motiua istorum dicendum, quod gemere pro pecca¬
1323 984 2188 1032 cate, & detestari peccatum, naturaliter conuenit animae
1323 1033 2155 1077 per ipsam svnderesim, sed per penitentiam haec conue
1314 1067 1711 1123 niunt animae voluntariae.
1443 1139 2189 1228 ARTICVLV S II
1478 1188 2138 1277 lu quo sit poenitentio subiectiue.
1336 1299 2163 1358 VANTVM ad tertium artticulum cum petitur
1350 1346 2165 1387 vtrum paenitentia possit iterati, vel petitur de
1326 1386 2171 1433 penitentia vt virtus est, vel vt sacramentum est. Primo
1317 1429 2174 1476 modo, pie credendum est, quod toties Deus iteret hu¬
1318 1462 2174 1513 iusmodi virtutem, quoties peccator vere conteritur de
1329 1503 2168 1548 peccatis, in quae relapsus est. Propter quod dicit dominus
1326 1547 2162 1591 Quacumque hora ingemuerit peccator, saluus erit lbid
1319 1583 2165 1633 etiam dicit dominus. Nolo mortem peccatoris, teuerti
1317 1622 2188 1672 mini, & viuite. Si potitur de penitentia, vt sacramentum
1321 1661 2165 1706 est, tunc est aduertendum, quod tres sunt modi genera¬
1321 1701 2172 1743 les penitentiae sacramentalis Quaedam enim penitentia
1312 1747 2156 1786 dicitur priuata, alia publica, tertia sollemnis.
1352 1778 2178 1827 Penitentia priuata dicitur illa, quae a sacerdote impo¬
1309 1805 2179 1867 nitur confitenti pro secretis, & occultis peccatis.
1348 1858 2168 1916 Publica, quae imponitur pro manifestis, & magnis pec
1305 1897 2163 1949 catis, sicut nudis pedibus peregrinari, vel virgis verbera¬
1319 1939 2168 1989 ri, sicut solet in curia Homana fieri per penitentiarios
1305 1974 1581 2032 summi pontificis.
1362 2002 2170 2069 pollemnis penitentia est illa, quae iniungitur pro mani¬
1314 2048 2177 2100 festis, & maximis sceleribus, quibus peccator totam com
1321 2100 2178 2144 munitate villae, vrbis, vel prouinciae scandalixauit, sicut
1311 2141 2169 2189 est matricidium, patricidium, vxoricidium, & cetera hu¬
1320 2177 2159 2221 iusmodi nephanda, & horrenda peccata. De primis dus
1320 2214 2174 2261 bus modis non est dubium apud veros catholicos, quin
1315 2254 2165 2304 iterari possint, & de facto patet, quod iterantur in eccle
1315 2297 2174 2352 sia, licet aliqui erronei viri a veritate deuij oppositum
1312 2330 1469 2383 tenuerint
1353 2372 2163 2424 Dicunt etiam aliqui de istis, quod quicunque semel in
1311 2396 2176 2462 caritate Dei fuerit, nuquam deinceps possit perdere ca
1318 2454 2159 2498 ritatem. Et hunc errorem cum motiuis suis tetigi libro
1328 2487 1592 2540 tertio distinct. 3r.
1353 2529 2168 2575 Forte dicetur, quod Ambrosius videtur esse pro opi-
1318 2579 2168 2617 nione istorum. Nam de penitentia dist. 5. c reperiuntur,
1317 2612 2162 2667 inducitur auctoritas Ambrosij, qua sic ait. Sicut est vnum
1311 2651 1797 2705 baptisma, ita est vna penitentia
1352 2691 2168 2749 Huic auctoritati, & multis aliis, quibus isti suum erro¬
1311 2730 2168 2780 rem defendunt magister sufficienter respondet inlitera,
1318 2772 2168 2819 & veritatem huic errori contrariam multipliciter confir
1324 2808 2165 2875 mat ideode his nihil hic scribo: quia clare patet inlitte¬
1310 2845 1595 2897 ra istius i4. distinct
1347 2864 2162 2941 Sollemnis autem penitentia secundum iura antiqua
1314 2928 2159 2983 non debet iterari, quamuis secundum aliquarum eccle¬
1317 2964 1904 3010 siarum con suetudinem exiam iteretur.
1357 3006 2188 3056 Forte dicetur, si sollemnis poenitentia non estiteran¬
1311 3040 2156 3098 da, quid faciet tunc peccator, si post semel per actam so
1324 3089 2159 3132 emnem penitentiam relapsus fuerit in idem, vel simile;
1326 3123 1703 3184 vel forte maius peccatum
