2399 3508
406 262 1256 330 do conceptum semine, qui de peccatoribus iustos facis, &
408 324 1250 371 sanctos. Et infra subdit. Panis sancte, panis viue, pani¬
416 362 1247 415 munde, qui de coelo descendisti, & das vitam mudo, ven
407 407 1254 452 in cor meum, & munda me ab omni inquinamento car¬
414 444 1262 485 nis, & spiritus: intra in animam meam, & sana me, & san¬
407 481 1266 538 ctifica me interius, & exterius. Et ad istam purgationem
405 521 1264 574 nos hortatur Apostolus per figuram pascalis panis, qui
412 559 1259 606 dicitur axima, dicens. Expurgate verus fermentum, vt si¬
411 601 974 649 tis noua conspersio, sicut estis aximi.
452 631 1259 682 Quinto vnit, supple, sumentem ipsi Deo. Et quo ac
417 678 1255 729 hoc ait Amb vbi supra. Tu enim dixisti domine, panis
417 719 1256 771 quem ego dabo, caro mea est pro mundi vita, qui mandum
410 765 1264 807 cat me, viuit propter me, & ipse manet inme, & ego in
414 802 1265 846 eo. Et istud figuratum est in Exod. vbi dicitur, quod cum
412 835 1252 889 incaluisset Sol, manna liquefiebat, & per consequens po
405 872 1272 928 influxum vnitum fuit cum terra : Propter quod ipse, qui
414 910 1268 958 est cibus, clamauit ad Aug. vt patet in lib confes. Ci¬
408 951 1255 1005 bus sum grandium, cresce, & manducabis me: nec tu mo
407 998 1261 1037 mutabis in te, sicut cibum carnis tuae: sed tu mutaberis
412 1032 524 1082 in me¬
452 1064 1256 1121 Sexto moribus, idest moralibus virtutibus, supple, per¬
423 1108 1269 1154 ficit hominem, quae sunt prudentia, temperantia, for¬
422 1152 1256 1197 titudo, & iustitia. Et quo ad hoc orat Ambro. vbi supra
416 1184 1260 1231 Hogo te domine per ipsum sacrosanctum, & viuificum cor¬
422 1224 1255 1270 poris, & sanguinis tui sacramentum, da mihi virtutes tua
421 1265 1252 1315 anctas, quibus repletus bona conscientia ad altare tuun
420 1308 1261 1350 accedam, ita vt haec sacramenta celestia efficiantur mihi
416 1348 1256 1390 salus, & vita, vt quo ad hoc de sacra Fucharistia dicatui
424 1386 1262 1424 illud Sapien. Cenerositatem illius glorificat contuber¬
414 1424 1259 1472 nium habens Dei. Et parum infra sequitur. Tabores hu¬
420 1461 1263 1510 iusmodi magnas habent virtutes: sobrietatem enim, &
423 1500 1259 1548 prudentiam docet, iustitiam, & virtutem: quibus nihil
420 1545 1263 1587 est in vita vtilius hominibus. Hic per sobrietatem intel¬
416 1582 1256 1625 ligitur temperantia, & per virtutem intelligitur fortitu¬
410 1619 1257 1658 do. Nota secundum Hugutionem, quod contubernium
417 1658 1259 1710 dicitur quasi contraberntum, & est locus, vbi quandoque
417 1696 1055 1740 homines conueniunt pro sociali conuictu.
444 1731 1268 1782 Septimo memorem facit, supple, hominem de passio¬
417 1777 1252 1823 ne Domini. Et quo ad hoc Ambro. vbi supra, sic ait domi
420 1812 1258 1857 no. Ego enim memor venerandae passionis tuae accedo
420 1852 1257 1895 licet peccator, sumam de tuis donis, quod tu ipse institui¬
420 1891 1269 1941 sti, & offerri praecepisti, & a nobis in tui commemoratio¬
417 1935 1259 1978 ne pro salute nostra sumi voluisti. De hoc ait Apostolus.
423 1970 1257 2020 Dominus lesus, in qua nocte tradebatur, accepit pancm
430 2009 1265 2059 gratias agens, fregit, & dixit. Accipite, & manduca¬
419 2046 1250 2094 te, hoc est corpus meum, quod pro vobis tradetur, ho
419 2094 1258 2136 facite in meam commemorationem. Vnde dominus por
423 2126 1259 2175 Hieremiam hortatur quemlibet fidelem ad iam dicta
432 2158 1256 2212 assionis memoriam, dicens. Recordare transgressionis
422 2204 1259 2255 & paupertatis meae absvntij, & fellis. Et respondet im¬
418 2244 1260 2288 mediate Hieremias in persona illius, qui interna com¬
429 2285 1261 2333 assione ad memoriam fideliter reuocat Christi domini
418 2320 1258 2368 sui passionem, dicens. Memoria memor ero, & trabescot
411 2362 688 2412 in me anima mea¬
462 2403 1256 2448 Octauo reficit, supple, animam ex iam dictae passionis
429 2438 1262 2481 memoria, & eiusdem compassione medullitus debilitatam.
423 2478 1256 2529 Et hic est rectus ordo: quia sicut ait Salamon, anima, quae
414 2516 1250 2567 nouit amaritudinem, ipsa consolabitur. Et quo ad hoc
420 2556 1251 2602 ait Ambro. vbi supra. Panis dulcissime sana palatum cos
421 2596 1263 2650 dis mei, vt nullam praeter te sentiam dulcedinem, panis
410 2636 1253 2682 suauissime habens omnc delectamentum, & omnem sa¬
435 2669 1246 2720 porem suauitatis, qui nos semper reficis, & in te num
420 2715 1246 2768 quam deficis, comedat te cor meum, & dulcedine sapo
417 2752 1252 2798 ris tui repleantur viscera animae meae. Vnde talis anim;
412 2793 1250 2833 bene potest dicere cum Psalm. Secundum multitudini
428 2831 1253 2871 dolorum meorum consolationes tuae laetificauerunt ani¬
418 2871 1256 2922 mam meam, cuius consolationis si petitur ratio, ipsa po¬
419 2912 1256 2954 terit respodere. Dominus regit me, & nihil mihi deerit
415 2948 1259 2993 in loco pascuae ibi me collocauit. Super aquam refectio¬
411 2989 1252 3038 nis educauit me, animam meam conuertit, quasi dica
414 3030 1261 3072 isto modo a multitudine dolorum conuertit animam mea
420 3067 1268 3108 in latitudinem consolationum: Vnde ipse Christus, qui
410 3104 1256 3170 in isto sactamento est sacerdos, & hostia, ait. Venite ac
1307 251 2138 327 me omnes, qui laboratis, & onerati esuis, & ego reficiam
1305 323 2143 369 vos. In rei enim veritate dulcissime potest reficere: quia
1311 354 2164 414 spiritus eius super mel dulcis, & hereditas sua super mel,
1302 396 1762 453 & fauum, vt patet in Ecclesiast
1347 436 2138 484 Nono, fi. ca. spem; id est fidem, caritatem, & spem, sup
1316 473 2149 528 ple, auget: nam proprie hae virtutes theologicae augen¬
1305 514 2149 563 tur per deuotam susceptionem sacrae Fucharistiae. Et hoc
1299 548 2136 606 tangens Ambro. vbi supra, orat, dicens. Sumant ergo di
1299 591 2146 646 mine per haec sancta mysteria in nobis vitia detrimentum,
1310 629 2137 686 virtutes incrementum. Et istud satis innuitur Exech. 1e
1316 670 2140 721 vbi animae deuotae sacramentum Fucharistiae percipienti
1299 713 2153 768 cum istarum virtutum augmento, sic dicitur. Similam, &
1305 749 2150 802 mel, & oleum comedisti, & decora facta es vehementer
1308 788 2149 839 nimis, profecisti in regnum, & egressum est nomen tuum
1307 832 2144 879 in gentes, propter speciem tuam. vbi per similam, pro¬
1317 863 2163 922 pter sui puritatem, intelligere possumus fidei sincerita¬
1309 901 2157 957 tem, quae acquiritur in spirituali comestione istius bene¬
1303 943 2141 1000 dicti sacramenti. quam sinceritatem, & puritatem fide
1305 980 2148 1036 optans Ambro. vt supra, aitidomino. Fac me quaeso do¬
1299 1029 2152 1074 mine per gratiam tuam semper illud de tanto mysterio
1300 1060 2142 1107 credere, & intelligere: sentire, & firmiter retinere: di¬
1305 1112 2148 1153 cere, & cogitare, quod tibi placet, & expedit animae meae.
1311 1138 2152 1187 Per mel, propter sui suauitatem, possumus intelligere di
1316 1186 2140 1235 ne sumentis istud sacramentum eminentem caritatem;
1315 1217 2150 1269 tuius caritatis excessu mellifsuo virtute istius sacramenti
1311 1263 2140 1308 sublimius agitato, anima deuota prelibando degustat aeter
1305 1304 2144 1347 na, ad cuius gustus suauitatem aperiuntur oculi interio¬
1298 1340 2141 1388 ris hominis ad clare contemplandum, quae sub enigmate
1301 1374 2141 1424 fisei clausa primitus tenebantur. Quod bene figuratum
1299 1415 2136 1461 est. 1. Regum, vbi lonathas filius regis lsrael ait. lllumi
1312 1455 2134 1504 nati sunt oculi mei, eo quoe gustauerim paululum de mell
1308 1503 2135 1548 isto. Et infra subdit Qustans gustaui in summitate virga
1302 1539 2134 1581 quae erat in manu mea paululum mellis, & ecce morior
1305 1573 2141 1622 Et notanter dicit ecce morior: quia, vt ait Cregorius;
1301 1613 2145 1661 Qustato spiritu desipit omnis caro. Contingit enim quam¬
1308 1651 2138 1696 doque ex vehementia caritatis, quod non magis in saporen
1311 1693 2140 1742 desiderij amantis hominis veniunt ista caduca, tempo¬
1297 1729 2144 1779 ralia, scilicet & carnalia bona, quam in desiderium mor¬
1301 1768 2147 1815 tui hominis. Vnde de huiusmodi morte ait Crego, super
1302 1814 2141 1861 illud. Fortis est vt mors dilectio. Portior est, inquit, quam
1314 1849 2163 1894 mors dilectio: quia mors separat animam solum ab vno
1317 1889 2147 1932 corpore: caritas vero perfecta separat animam solum ab
1313 1927 2149 1986 omni creatura Per oleum, propter situs sui sublimitatem
1311 1964 2141 2017 possumus intelligere beatam spem. Sicut enim oleum es
1308 2005 2140 2053 virtutis penetratiuae, & cetoris liquoribus supernatat, si
1307 2048 2142 2102 spes diligentisanimae omnia creata, quasi despiciens, po¬
1309 2084 2141 2133 netrat, & transcendit, & non obstante epestate istius mum¬
1308 2122 2147 2175 di, tamquam maris magni, & spaciosi, in quo sunt repti¬
1311 2163 2151 2213 lia, quorum non est numerus, anchoram suae confidentiae
1305 2204 2151 2244 figit in solo suo creatore, & hoc maxime virture perco¬
1320 2241 2141 2282 ptae eucharistiae. Quod bene notat Dsalm. loquens in
1316 2280 2151 2326 persona hominis sic sperantis, cum ait. Emitte lucem tuam,
1302 2324 2156 2369 & veritatem tuam, ipsa me deduxerunt, & adduxerunt in
1304 2361 2147 2413 montem sanctum tuum in tabernacula tua. Et que istius
1304 2399 2152 2451 motis ascensus ad Dei tabernacula fiat mediante ipsa sa¬
1303 2441 2153 2488 cratissima Fucharistia, hoc ostendit cum immediate sub¬
1298 2479 2150 2522 dit. Introibo ad altare Dei; ad Deum, qui laetificat iuuen¬
1313 2518 2141 2569 tutem meam. Et ex his concludit sper perfectionem di
1318 2557 2153 2600 tens. Quare tristis es anima mea: & quare conturbas me¬
1317 2597 2148 2645 pera in Deo, quoniam adhuc confitebor illi, salutare
1317 2635 2140 2681 tultus mei, & Deus meus. Et quasi eandem deductionen
1315 2674 2163 2716 acit propheta in Dsalmo proximo praecedente, nisi, quod
1299 2715 2150 2762 sacramentum hic expressum per altare, ibi exprimit per
1306 2755 2145 2793 sonum epulantis. Vnde taliter sperans beno potest dicers
1306 2791 2163 2839 illud haruch. Ego speraui in aeternum salutem, & veniet
1305 2832 2148 2878 mihi gaudium. Sic enim sperantibus noua lux oriri vide
1314 2877 2151 2926 tur, quae est gaudium, & tripudium omni populo, vt patet in
1311 2910 2150 2964 Hester. Et hoc virtute cucharistiae, quae de se ipsa loquens,
1312 2950 1968 2993 nit. llluminabo omnes sperantes in domino¬
1348 2989 2144 3032 Decimo firmat, supple, in bono opere. Et istud bens
1309 3026 2142 3084 sequitur ad praecedentia immediate: quia ille, qui credi
1303 3069 2144 3114 aliquod magnum bonum, & diligit illud, quod credidit
1310 3109 2154 3160 & sperat per aliquas operationes se posse consequi illud,
