2395 3581
214 309 1065 360 funt virtutis, quod vincuntur a tritico, & conuertuntur
215 356 1079 399 in naturam tritici : Vel neutra virtus plene vincit aliam:
226 396 1079 442 sed qualibet actione alterius a sua natura remittitur, &
235 438 1080 486 per consequens ex eis fit tertia natura mixta. Primo, &
231 480 1060 521 tertio modo secundum istam opinionem non conficere
223 513 1064 562 tur corpus Christi ex benedictione talis panis, eo quod
232 552 1073 592 simpliciter non esset triticeus: Sed secundo modo vere
234 592 1069 637 conficeretur: quia ille panis vere esset triticeus, quamui
223 632 1070 677 non ita purus, sicut si illa alia grana non fuissent admixta
223 671 1067 716 Sed qui nollet tenere istam opinionem, ille posset dicere
231 710 1070 755 quod si illa grana admixta tritico sunt grana veri frumer
232 753 1065 800 ti, tunc siue grana admixta vincant grana tritici, siue econ
232 789 1076 839 uerso vincantur a granis tritici, siue propter aequalitaten
228 826 1074 875 virtutis faciant quoddam mixtum, de genere tamen fru¬
232 867 1072 912 mentorum, semper de pane ex talibus granis decocto, ve
231 912 1064 959 re potest confici corpus Christi, eo quod talis panis veri
231 944 1070 991 sit factus de granis frumentorum. Vnde quia raro inue¬
223 985 1067 1026 nitur aliqua species frumenti omnino sincera: sed vt plu
235 1023 1068 1072 rimum, grana vnius speciei miscentur granis alterius spo
229 1065 1065 1110 ciei: ideo notanter illud decretum superius allegatum
233 1103 1063 1151 de conse. dist. 2. loquitur in plurali de frumentis sic di¬
223 1147 1066 1191 cens. Nec amplius in sacrificus scilicet corporis, & san¬
222 1183 1078 1236 guinis Christi offeratur, quam de vuis, & frumentis. Si
216 1221 1069 1259 autem grana admixta tritico non sunt de genere frumer
232 1259 1072 1306 torum, tunc potest dici iuxta tripartitam distinctionem
231 1302 1067 1348 praemissam, quod ita modicum posset esse de illa admix¬
237 1337 1064 1379 ta materia, quod etiam si esset de lapide, adhuc non ob¬
221 1374 1072 1426 staret quin ex pane tali vere conficeretur corpus Christi
239 1415 1086 1464 Et ista videtur esse intentio apparatus superius adducti
235 1463 1073 1507 excludentis piper, & lolium: Dicit enim, quod si piper
234 1497 1073 1547 vel lolium frumento admisceretur, tunc de illa parte,
232 1534 1076 1584 quae videlicet includeret piper; vel lolium, non confice¬
235 1577 1076 1621 retur: sed de reliqua, hoc est, de alia parte eiusdem panis.
231 1614 1073 1657 vbi esset materia frumenti sine pipere, vere conficeretur.
257 1654 1079 1703 Tertio dico, quod decens est, & conueniens, vt panis
250 1696 1070 1744 praedictus sit aximus: quia prima die aximorum non de¬
246 1736 1081 1781 buit inueniri fermentatum in domibus ludaeorum, vt pa
250 1772 1073 1818 et in Exod, sed prima dic aximorum Christus comedit
255 1817 1074 1857 asca cum discipulis suis, & tunc istud sacramentum in¬
253 1850 1083 1898 tituit cum corpus suum de pane confecit. ergo Christus
238 1888 1082 1932 in aximo pane confecit, & per consequens etiam nos
237 1927 1078 1978 in aximo pane conficere debemus. Minor patet expresse
239 1969 1073 2014 in Euangelijs. Conclusionem istam Qraeci negant, & di¬
241 2011 1070 2057 cunt, quod panis fermentatus sit de necessitate sacramen¬
241 2043 1082 2096 ti, & ideo dicunt Latinos non consecrate, eo que in conse¬
242 2086 1088 2132 crando vtuntur pane aximo: Dicunt etiam Christum
240 2125 596 2180 consecrasse in fermento
250 2153 1069 2214 1 Et si dicitur eis, quod primo dic aximorum non fui
234 2204 1079 2257 fermentatum in domibus ludaecrum, ipsi respondent, qo
249 2240 1091 2287 Christus non consecrauit prima die aximorum: quia illa
243 2278 1086 2327 die, vt dicunt, Christus mortuus est in cruce, quod pro¬
253 2326 1091 2371 pant per illud loan ludaei non introierunt in praetorium
245 2365 1075 2409 vt non contaminarentur, sed manducarent pasca : ergi
247 2398 1088 2447 patet, quod nondum comederant agnum pascalem, qui
243 2438 1082 2485 sibi nominatur pasca : Cum igitur agnus pascalis comed
245 2475 1082 2524 debuerit prima die aximorum, vt patet in Exo. & illud
239 2512 1082 2569 quod iam dictum est de ludaeis, fuerit die veneris, qua po
242 2562 1085 2606 tierunt a Pilato, vt Christum crucifigerent: ergo dies io¬
245 2591 1089 2644 nis proxime praecedens non potuit esse prima dies axi¬
249 2635 1098 2680 morum, & per consequens in domibus ludaeorum tunc
233 2672 1094 2723 suit fermentatum, de quo Christus in coena consecrauit
240 2718 441 2770 corpus suum.
259 2745 1089 2801 2 Praeterea, dies festus pascae erat prima dies aximorum;
251 2788 1085 2842 sed dies coenae fuit ante diem festum pascae, vt patet in
246 2837 1089 2877 soan. vbi loannes notans diem coenae ait. Ante diem fe¬
239 2866 1080 2920 stum paseae &c. Et quia contra istud commentum falsissi¬
249 2905 1083 2955 mum sunt expresse tres superius notati euangelistae, scili
247 2945 1095 3005 cet Matthaeus, Marcus, & Lucas: ideo aliqui (araecorum
241 2983 1089 3044 ad tantam insaniam deuenerunt, quod dicerent tres pra
246 3024 1104 3079 dictos euangelistas falsum scripsisse: & ideo eos correctos
246 3063 1086 3117 fuisse per loan verbis iam allegatis. Sed istud non valet
252 3100 1078 3154 Quia, vt recitant multi, & magni doctores, ab exordi
252 3150 1088 3201 institutionis istius sacramenti vsque ad Leonem Papam
1123 308 1972 368 tota ecclesia Dei confecit in aximo: sed temporeLeonis
1121 359 1957 402 Papae ad extirpandam haeresim Ebionitarum, qui dice
1119 396 1970 440 bant, quod de necessitate salutis oporteret quemlibet ho
1123 441 1973 481 minem cum obseruatione euangelij obseruare ceremo¬
1116 481 1964 523 nialia legis praecepta, & per consequens consecrare in axi¬
1120 516 1970 556 mo, tunc praecebit ecclesia conficere ex fermentato. Dein
1128 553 1967 607 de post aliquo rum annorum curricula, iam dicta haeresi
1117 594 1973 644 penitus ext irpata, sacerdotes in partibus Latinis, primum
1125 635 1969 675 modum, scilicet consecrandi in aximo resumpserunt, eo
1115 676 1979 726 quod clare deducitur ex euangelio, vt superius patuit,
1128 710 1969 756 Christum in aximo con secrasse. Sacerdotes vero Qraeciae
1127 752 1976 797 modum primum non resumpserunt: sed consecrationem
1117 791 1971 832 in fermentato vsque ad haec tempora continuerunt. Ex
1128 836 1964 885 quo, patet, quod isti fatui Oraeci imponendo nobis, quoc
1117 868 1980 915 non consecremus, eo quod consecrando vtimur aximo,
1124 907 1975 951 ipsi hanc rabiem imponunt patribus suis, & sanctissimis
1110 946 1972 990 doctoribus suis, & omnibus suis sacerdotibus, qui Leonem
1123 988 1973 1025 Papam praecesserunt. Et in hoc etiam loquuntur contra
1122 1025 1979 1072 Apostolum Paulum primordialem doctor em eorum,
1129 1067 1978 1115 qui loquens de isto sacramento ait. Itaque epulemur in axi
1120 1111 1980 1158 mis sinceritatis, & Veritatis. Quod vtique Apostolus non
1118 1142 1687 1190 dixisset: si in fermentato consecrasset
1127 1180 1990 1235 2 Praeterea, dato, quod Christus manducasset pasca
1121 1227 1972 1273 ante diem. 14. 1. mensis, quo die ex praecepto legis agnus
1124 1258 1982 1309 pascalis comedi debuit, quem diem euangelistae vocant
1133 1298 1981 1340 primam diem aximorum, adhuc ista fictio non valet istis
1120 1336 1981 1379 fictoribus: quia sicut patet in Exod. & in Num. lex prae¬
1123 1377 1973 1420 cepit vt agnus pascalis comederetur cum aximis, & lactu¬
1125 1416 1977 1465 cis agrestibus Sed Christus dicit, No veni soluere legem,
1119 1456 1974 1503 sed adimplere. Quod verbum tractans Chrysostomus su¬
1124 1495 1978 1549 per Mat. ait. Apertissime dominus demonstrauit, quod
1128 1541 1975 1589 s principio circumcisionis suae vsque ad diem pascae extre
1132 1583 1983 1625 mae non erat contrarius diuinis legibus in quibus praeci¬
1127 1611 1981 1666 piebatur, vt cum aximis agnus pascalis comederetur: ergo
1131 1646 1976 1696 Christus tamquam perfecti ssimus legis obseruator pane
1127 1696 1976 1744 aximum habuit in mensa: quando post esum agni corpus
1125 1730 1394 1778 suum consecrauit.
1161 1753 1982 1813 Ad primum motiuum Oraecorum potest respondori
1127 1816 1985 1862 ex verbis Chrysostomi, qui erat doctor Oraecorum: ipse
1128 1846 1970 1894 enim super Matth. ait, quod illi lud aei, vt desiderium sut
1143 1888 1966 1938 ossent implere in morte Christi, non comederunt pas
1123 1927 1982 1979 calem agnum vespere praecedenti, qua muis ex praecepro
1125 1963 1982 2013 legis hoc facere tenerentur: Christus autem, qui non erat
1137 2006 1982 2050 praeuaricat or legis, sed perfectus obseruator, comedit
1131 2040 1991 2090 pasca cum discipulis suis decimaquarta die ad vesperam
1134 2083 1973 2123 sicut praecipitur in lege. Dato etiam, quod ipsi vespere prae
1128 2122 1990 2169 cedente comedissent pasca, accipiendo pasca pro agno pa
1125 2159 1986 2204 scali, adhuc non debuerunt intrare praetorium: propter
1139 2202 1991 2251 hoc vt illo dic manducarent pasca, accipiendo pasca pro
1137 2237 1984 2287 pane aximo: Quinque nm. modis dicitur pasca inter quos
1141 2277 1992 2318 vnus est, quod pasca dicitur cibus pascalis, seu panis aximus, vt
1141 2317 1978 2370 patet per Innocentium tertium in libro de officio misse
1149 2361 1370 2410 arte. 3. cap. 4.
1172 2384 1975 2440 Ad secundum dicendum, quod quintadecima dies mensis
1136 2438 1984 2486 primi erat dies celeberrimus secundum praeceptum legis
1144 2473 1970 2517 vt patet Exod. 12. & proximo vespere praecedenti come¬
1140 2511 1973 2558 debatur agnus pascalis, Vt patet ibidem. lllud igitui
1144 2549 1982 2593 inte, quod ponit loannes, non est referendum ad diem
1139 2591 1979 2644 de cimumquartum, in cuius vespere manducandus erat
1133 2630 1990 2682 agnus: sed referendum est ad diem quintum decimum, qui
1149 2670 1988 2720 propter sui celebritatem dicebatur festus dies pascae. Istud
1137 2717 1981 2760 etiam patet Nu. 28. vbi dicitur sic. Mense autem primo
1139 2758 1975 2802 quartadecima die mensis, phase domini erit, & quinta¬
1144 2786 1970 2834 decima die sollemnitas aximorum: septem diebus vescen
1146 2822 1986 2872 tur aximis, quarum dies prima venerabilis, & sancta erit.
1152 2863 1989 2916 Quod autem per Iy phase intelligatur immolatio agni
1158 2903 1994 2950 aschalis, hoc patet Deuter. 15 vbi dicitur populo Israel,
1143 2941 1986 2994 immolabis phase ad solis occubitum, quando egressus es
1147 2979 1976 3040 de Aegvpto, & comedes in loco, quem elegerit dominus
1140 3021 1306 3071 Deus tuus.
1176 3053 1988 3104 Secundo, quo ad istum primum articulum circa secun
1144 3092 1977 3141 dam eius partem pono duas conclusiones. Prima est, qu
1140 3133 1990 3194 de nullo alio, vino quam de naturali vino vitis potest ffer;
