2348 3533
365 268 1243 336 per proximum genus & per differentiam immediatam,
372 326 1235 367 quae non possunt constituere nisi vnicam diffimtionem;
379 361 1235 412 tamen res diffinibilis per additamenta potest habero plu
375 399 1239 444 res diffinitiones, quarum vna datur iuxta conditiones ma
381 438 1232 489 gis communes; alia ver o iuxta proprias, & magis deter¬
376 477 1242 524 minatas conditiones. Sic aute est in proposito: nam dif
374 516 1236 559 finitio accidentis datur per additamenta, vt patet 7. me
374 555 1233 599 taph poenitentia autem est accidens, vt de se patet. Etiam
377 594 1232 642 vna istarum diffinitionum datur per magis communia,
376 637 1211 677 alia per magis propria, vt praedictum est, ideo &c.
421 673 1238 717 Ad secundum dicendum, quod factu praeteritum potest
378 710 1229 756 dupliciter intelligi. Vno modo praecise, vt praeteritum
381 753 1238 797 est. Alio modo, prout derelinquit praesentem effectu. Mo
379 792 1240 846 do, dato, quod antecedens sit verum de praeterito primo.
377 833 1226 872 modo:tamen non est verum de praeterito secudo modo: quia
378 869 1219 914 si effectus talis est damnabilis, & dolorosus, prudens est
381 906 1232 958 & non stultus, qui dolet de tali praeterito, vt relucet in isto
383 947 1235 995 praesenti malo. Se d nunc ita est, quod peccatum quauis sit
385 987 1230 1041 praeteritum, t amen per ipsum peccator incurrit triplex ma¬
381 1025 1225 1078 lu, scilicet animae maculam, Dei offensam, & obligationem
376 1065 1222 1116 ad penam aeternam: ratione quorum etiam prudens homo
378 1097 1223 1151 multum debet dolere de peccato praeterito tempore con
375 1144 1231 1191 misso. Posset eti am dici, quod licet prudens non doleat
365 1183 1229 1230 de eo, quod impossibile est aliter se habere voluntate ab
367 1219 1218 1266 soluta: tamen hoc facere potest voluntate conditiona
373 1255 1224 1307 ta, puta sic dolet, quod si non esset factu, ipse ammodo
374 1301 1221 1343 non faceret, cuius signum est: quia semper de hoc vlterius
374 1339 1224 1391 proponit cauere, quantum in se est. Ex quo patet, quod
372 1374 1219 1433 si esset possibile huiusmodi factum non esse factum, ho¬
373 1420 561 1473 sibi placeret
414 1435 1210 1500 Quantum ad secundam partem istius primi articuli
391 1493 1226 1538 praesuppositis his, quae dixi de virtutibus li. 3. dist 33. &
378 1543 1226 1588 dist. 38. ad praesens praecise tangendo illud, quod petitur
371 1579 1228 1623 dico, quod de virtute multiplex datur diffinitio, tam a
389 1614 1229 1661 philosophis, quam a sanctis doctoribus, de quibus ceteris
388 1652 1235 1705 praetermissis capia m duas. Quarum vna trahitur de di¬
382 1701 1228 1739 ctis Arist. 2 ethicorum, quae talis est. Virtus est, quae ha¬
390 1744 1220 1783 pentem perficit, & opus suum bonum reddit. Aliam po¬
375 1771 1223 1822 nit P. Aug. lib. 2. de libero arbi dicens, virtus est bona
381 1809 1229 1867 qualitas mentis, qua recte viuitur, qua nemo male vtitur,
371 1854 1222 1905 quam Deus in nobis sine nobis operatur. Quarum diffini
378 1896 1223 1937 tronum prima est vniuersalior, quia conuenit virtutibus
371 1937 1221 1979 tam infusis, quam acquisitis: Secunda est specialior;
373 1967 1230 2019 quia conuenit solum virfutibus a Deo infusis. Est e¬
383 2009 1224 2053 tiam secunda perfectior, quam prima, quia licet detur
372 2044 1224 2100 per suum genus generalissimum: tamen per adiun¬
381 2085 1226 2134 ctas differentias distinguitur diffinitum, scilicet virtus;
378 2124 1217 2168 infusa ab omnibus, cum quibus videtur in huiusmodi
377 2168 1216 2216 genere conuenire: nam per hoc, quod perly, mentis,
372 2208 1207 2255 a corporalibus qualitatibus: perly; recte viuitur, a sciet
377 2249 1214 2292 tiis disputatiuis, quibus etiam mali homines interdum
376 2282 1212 2326 abundant, quamuis vera prudentia careant, vt patet s.
381 2324 1214 2372 ethicorum Per ly, nemo male vtitur, differt a potentiis
385 2362 1212 2410 inimae, quae licet bonae sint, tamen mali homines ipsis
376 2400 1224 2447 saepius male vtuntur: perly, quam Deus in nobis sine non
375 2438 1223 2486 bis operatur, differt ab omnibus virtutibus acquisitis hus
370 2483 1202 2531 mams actibus, quas Deus in nobis mediantibus no¬
386 2516 599 2571 bis operatur.
423 2547 1205 2600 His praemissis potest corollarie concludi veritas prit
372 2601 1217 2648 cipalis quaesiti, scilicet, quod poenitentia sit virtus. Quia
371 2641 1218 2685 cuicunque conuenit diffinitio, eidem conuenit diffinitu:
387 2676 1221 2719 ed duplex praedicta diffinitio virtutis vere conuenit poe¬
385 2716 1217 2764 nitentiae: ergo &c. Maior patet est enim maxima, super
374 2756 1209 2804 quam fundatur locus a diffinitione. Patet etiam minos
383 2793 1218 2846 quo ad primam diffinitionem: quia poenitentia perficit
387 2835 1208 2879 poenitentem, & facit opus suum bonum, & meritorium
384 2874 1211 2922 Patet similiter quo ad secundam diffinitionem: est enim
389 2907 1214 2960 poenitentia bona qualitas: quia ipsa mediante efficitur
382 2952 1209 3001 homo bonus. Ipsa etiam recte viuitur, & nullus ea ma
385 2989 1214 3032 le vtitur: quia omnis vere poenitens recte viuit, & bonum
383 3031 1211 3078 vsum habet: quia Vere poenitens est informatus gratia, &
384 3070 1206 3110 caritate, quae nulliinesse possunt, nisi recte viuat, & bo
386 3108 1226 3165 num vsum habeat. Etiam effectiue ipsa est a solo Deo:
1287 263 2131 329 quia non sumus sufficientes cogitare ex nobis; taquam ex
1284 318 2136 370 nobis: sed sufficientia n ostra ex Deo est, vt ait Apostolus.
1320 359 2142 409 1 Sed forte contra primam partem istius minoris di
1277 387 2135 451 cetur, quod poenitentia non perficit poenitentem: quia
1284 432 2126 479 illud, quod destruit, vel saltem ad destructionum dispo
1287 472 2139 527 nit, hoc, proprie loquendo, non perficit poenitentia est
1287 516 2135 561 huiusmodi: ergo &c. Maior patet Probatur minor: quia
1282 557 2131 604 dolor, & gemitus dolentem destruunt, vel saltem ad de
1272 593 2134 649 structionem disponunt: sed, vt patet ex diffinitionibus
1281 635 2138 687 poenitentiae ipsa semper habet dolore annexum: ergo &c.
1299 675 2133 721 2 Praeterea, sicut res se habet ad esse, sic se habet ad
1284 717 2137 765 agere: sed, vt iam probatum est, poenitentia nocet quan
1294 754 2136 808 tum ad esse : ergo non prodest quantum ad agere, nec
1277 795 1970 843 per consequens videtur opus bonum facere
1311 828 2128 880 3 Praeterea, contra secundam partem cum dicitur,
1301 873 2123 921 ua nullus male vtitur, oppositum istius apparuit in lu¬
1276 909 2147 953 da, de quo scribitur in Matth. quod poenitentia ductus
1278 950 2128 990 retulit triginta argenteos principibus sacerdotum, di¬
1271 987 2135 1030 cens, Peccaui tradens sanguinem iustum. Et sequitur
1278 1026 2122 1065 ibidem, quod proiectis argenteis in templo recessit, &
1278 1062 2132 1110 laqueo se suspendit. Ex quo apparet, quod ludas habuit
1277 1105 2133 1155 magnam poenitentiam: quia peccatum suum publice
1275 1147 2129 1192 confessus fuit, & turpe lucrum, seu pretium iniuste ac¬
1269 1188 2135 1234 quisitum restituit, & tamen huiusmodi poenitentia male vsus
1273 1218 2120 1265 fuit, eo quod prae dolore, & poenitentia seipsum suspendit.
1317 1264 2129 1306 4. Etiam vltima particula illius diffinitionis non vi¬
1262 1304 2121 1362 detur competere poenitentiae: quia, vt ait August. Qui
1266 1344 2118 1389 creauit te fine te, non iustificabit te sine te: sed per poe¬
1274 1384 2108 1434 nitentiam poenitens iustificatur: ergo Deus non opera
1272 1417 1831 1461 tur poenitentiam in nobis sine nobis.
1305 1455 2116 1507 Praeterea, contra lpsam conclusionem sic. Si poe¬
1269 1495 2109 1546 nitentia est virtus, tunc vel est virtus theologica, vel mo
1274 1543 2121 1593 ralis. Non theologica. quia virt) theologica tam pro obie
1275 1575 2114 1625 cto, quam pro fine hbet ipsum Deum: sed poenitentia, quauis
1278 1619 2114 1672 aliquo modo pro fine habeat ipsum Deum, in quantum per
1284 1659 2123 1706 oenitentiam ipse poenitens intendit recociliari Deo: tamen
1271 1698 2121 1740 pro obiecto habet malum culpae commissae, vt patet ex
1273 1727 1648 1784 diffinitione poenitentiae.
1307 1772 2120 1819 Item vittutes theologicae sunt tantummodo tres, scili
1268 1815 2110 1860 cet fides, spes, &caritas, vt, pbatu est li. 3. dist. 28 sed nulla
1265 1851 2111 1897 istarum est poenitentia: ergo &c. Nec moralis: qua virtus mo
1272 1891 2114 1938 ralis tenet medium inter duo extrema vitiosa: sed poenite¬
1262 1927 2117 1979 tia inter peccata non tenet medium: quia ipsa execratur
1267 1971 2117 2021 omne peccatum. Et confirmatur: quia poenitentia non
1268 2008 2111 2055 est iustitia: ergo non est aliqua alia virtus moralis: Con
1260 2047 2106 2096 sequentia patet: quia poenitentia maiorem conformita¬
1264 2087 2114 2137 tem habet cum iustitia, quam cum aliqua alia morali
1266 2125 2100 2182 virtute, cum secundum August. poenitentia sit quaedam
1269 2167 2099 2209 vindicta, quae ad forum iustitiae videtur pertinere. Pro¬
1262 2204 2104 2255 batur antecedens: quia omnis iustitia in quadam aequa¬
1263 2244 2096 2294 litate consistit, siue sit iustitia commutatiua, siue vindica
1266 2281 2102 2325 tiua. Nam secundum commutatiuam iustitiam, tan¬
1260 2328 2096 2365 tum debes dare, quantum accepisti, & secundum vindi¬
1261 2364 2103 2420 catiuam iustitiam, tantum debes emendare, quantum,
1251 2402 2093 2454 offendisti. Sed huiusmodi aequalitatem poenitentia non
1266 2442 2099 2499 potest obseruare: quia offensa est infinita, ad cuius emen
1254 2487 2099 2539 dationem tenetur peccator, & poena est infinita, ad quam
1253 2521 2103 2569 peccator, ratione huius offense, qua offendit Deum, per
1268 2559 2099 2614 petuo obligatur : ergo poenitentia cum sit habitus fini¬
1266 2602 2099 2651 tus, secundum aequalitatem iustitiae, non poterit satis¬
1250 2634 1364 2687 facere.
1296 2651 2097 2731 Sed ista non concludunt. Quia illud, quod non ess
1263 2714 2097 2777 vitium, & formaliter opponitur alicui vitio determina¬
1266 2758 2084 2808 to, hoc de necessitate est virtus: sed poenitentia est hu
1254 2793 2104 2856 iusmodi: ergo &c. Maior patet: quia omne, quod for¬
1261 2840 2093 2893 maliter opponitur alicui vitio determinato, hoc vel op
1263 2878 2093 2929 ponitur ei per modum extremi sicut prodigalitas parci¬
1254 2920 2101 2972 tati, & tunc est vitium, vel opponitur ei per modum
1259 2957 2075 3014 medii, sicut liberalitas parcitati, & tunc est virtus.
1257 2991 2090 3048 Minor probatur, & primo, quod poenitentia non sit vi¬
1261 3031 2088 3091 tium: quia actus nullius vitii est meritorius: sed actus ve
1259 3073 2087 3128 rae, & condignae poenitentiae est meritorius, vt infra pa¬
1260 3117 2093 3171 tebit. Patet etiam secunda pars minoris: quia penitentia
