2393 3552
404 277 1273 330 defectus actus humani non potest esse causa reuersionis
402 322 1263 377 huiusmodi peccatorum. Hic primo videndum est, vtrum per
413 362 1262 417 cata dimissa per poenitentiam redeant, quo ad culpam
415 412 1264 454 recidiuante ipso poenitente. Secundo, utrum redeant quo
417 441 1269 493 ad poenam Tertio, dato, quod aliquo modo redeant, v¬
411 486 1266 534 trum causa huiusmodi reditionis sit ingratitudo. Quar¬
411 522 1270 576 ro, quid sit sacramentum, & quid res sacramenti in poeni
418 562 732 621 tentiae sacramento.
608 676 1080 761 RESOLVTI O.
407 776 1258 852 licet dimissa peccata, quo ad culpam seu maculam reuertantur,
440 832 1259 877 non tamen quo ad complet am sui malitiam vredire possant, hoc
444 869 1256 926 est, non in se sed in sequentis peccati aliquali aggrauatione ra
440 913 835 980 rtomne ingrat itudinis annexae.
453 1001 1251 1063 A R TICV R A
417 1088 1231 1184 Vtrum peccata dimissa per peenitentiam re¬
558 1157 1134 1213 deant quo ad culpam veridente
698 1205 950 1277 ipso peenitente.¬
408 1353 1262 1411 SVANTVM ad primum est aduertendum, quod
546 1397 1256 1441 eccata dimissa, quantum ad cul pam, seu maci
408 1430 1251 1477 lam redire, potest intelligi dupliciter: vno modo, secun
408 1470 1257 1514 dum suum esse proprium, & completam malitiam, scu in
405 1511 1265 1562 fectionem, alio modo, quantum ad sequentis peccati ali
413 1553 1266 1609 qualem aggrauationem. Et secundum hoc pono duplicen
402 1593 641 1645 conclusionem,
490 1628 1247 1671 Prima est, quod peccata non re deunt primo mo¬
412 1667 1250 1718 do. Quia si reuerterentur peccata dimissa secundum sus
406 1712 1253 1757 completam malitiam, vel hoc fieret actione hominis, vel
409 1753 1256 1797 actione Dei; non primo modo, quia quod annihilatum
401 1785 1243 1839 est virtute diuina, non potest humana actione reuerti; idi
410 1830 1237 1873 numero secundum esse completum, nec secundo modo
401 1864 1238 1917 quia secundum Aug. Deo auctore nemo deterior effici
396 1905 1240 1963 tur. Etiam hoc posito, Deus esset per se causa peccati, quod
405 1945 667 1995 est inconueniens
420 1956 1238 2034 2 Praeterea, si sit, tunc vnum oppositorum esset per si
395 2019 1243 2069 causa essendi alt erius oppositorum. Falsitas consequen¬
399 2059 1234 2110 tis patet: probo consequentiam, quia quandoque contin
401 2108 1237 2153 git talem hominem peccare peccato prodigalitatis, cu
405 2151 1237 2192 prius per poenitentiam fuit dimissum peccatum auaritiae
403 2184 1235 2233 ergo si peccatum, quo poenitens recidiuat esset causa re¬
411 2219 1232 2271 litionis peccat orum dimissorum, tunc peccatum prod
411 2254 1229 2306 alitatis esset per se causa peccati auaritiae, & eodem mi
396 2305 1238 2355 do potest argui de timiditate, & audacia, & quibuslibet
395 2333 878 2390 aliis oppositis vitiis, & peccatis.
425 2369 1238 2433 Sed quamuis in ista conclusione satis concordent mo
392 2414 1217 2457 derni doctores, tamen contra eam sunt tres opi. docto
380 2461 1229 2499 rum atiquorum. Quidam n absolute, &sine distinctione
401 2493 1228 2546 posuerunt, quod recidiuante poenitente, redeunt omni-
396 2538 1228 2587 peccata, quae per poenitentiam erant deleta, quod
385 2573 560 2629 probant Sic
441 2612 1223 2660 1 Sicut se habet gratia per poenitentiam acquisita ac
383 2652 1236 2700 merita per peccata precedentia deleta, & mortificata, sic
388 2691 1223 2734 se habet malitia per peccata post poenitentiam contra¬
387 2729 1224 2776 cta ad peccata deleta per gratiam primitus acquisitam,
384 2769 1219 2820 sed per gratiam acquisitam omnia merita peccatis pra
377 2807 1218 2855 cedentious mortificata reuiuiscunt, & renouantur, vt pro
381 2849 1226 2901 tet per communem sanctorum doctrinam, ergo per ma
371 2887 1220 2942 litiam sequentis peccati omnia demerita, seu peccata vir¬
383 2929 1220 2980 tute poenitentiae, & praecedentis gratiae deleta penitus
374 2967 550 3015 renouantur
389 3000 1215 3053 2 Praeterea, Sicut caritas se habet ad uiuificandum, sis
371 3044 1217 3092 mortalis culpa ad mortificadum, sed caritas sic uiuificas
380 3089 1219 3135 quod reducit ad uitam talia mortificata, quae quandouuc
376 3126 1223 3192 suerunt viua: ergo mortalis peccati malitia reducet illa
1317 268 2140 328 deleta peccata, quibus quandoque anima fuit mortua
1354 320 2168 368 3 Praeterea, subtracto tegmine, tunc apparent illa,
1323 368 2156 410 quae prius fuerunt tecta: sed caritas, quae operit multitu¬
1326 403 2159 446 dinem peccatorum, vt dicit D. Pet subtrahitur per morta¬
1314 437 2162 486 le peccatum sequens poenitentiam, ergo peccata, quae prius
1307 480 2161 526 fuerunt deleta, vel cooperta caritate, iterum apparent
1310 519 1819 566 in visione, & in putatione diuina.
1322 556 2154 610 4 Praeterea, remota causa, remouetur effectus: sed de
1305 599 2151 653 letionis peccatorum praecedentium gratia est causa im¬
1315 642 2149 686 mediata: ergo abiata gratia per sequens peccatum tolli
1309 679 2163 726 tur deletio praecedentium peccatorum, & per consequens
1302 717 2150 769 huiusmodi peccata ponentur, quia sublato vno priuati¬
1304 760 2150 820 ue oppositorum, ponitur reliquum, eo quod sint opposi
1303 795 1525 846 ta immediata.
1319 830 2161 885 3 Praeterea, poenitens recidiuans non est in meliori
1306 875 2156 923 statu, quam fuit atequam poeniteret: ergo in omnibus pec
1306 916 2138 963 catis est, in quibus fuit, antequam poeniteret antecedens i
1309 952 2141 999 batur, quia dicit Propheta. Si auerterit se iul a iusti. sua
1308 999 2143 1046 omnes iusti. quas fe non recor. Sed poenitentia est quae
1307 1034 2149 1077 dam iustitia vindicatiua, vt patet ex dictis distin. I4t arti
1307 1075 2153 1118 i. ergo status recidiuantis non est melior in recordatio¬
1299 1110 2153 1160 ne, vel conspectu Dei, quam si prius non egisset poeniten¬
1301 1153 2159 1196 tiam consequentia patet, quia si poenitens recidiuans
1292 1190 2156 1233 non est in meliori statu post recidiuationem, quam fuerat
1306 1235 2148 1280 prius, quam poeniteret: ergo non habet pauciora, vel mi¬
1299 1276 2045 1324 nora peccata, quam habuit antequam poeniteret
1369 1309 2155 1355 Praeterea, istud videtur esse de intentione Leonis
1300 1336 2150 1397 Pape, qui ait, Iterata iniquitas misericordiam concessam
1293 1388 2144 1431 exinaniuit: Multa alia dimitto, quae pro ista opi per Ma
1305 1426 1814 1480 gistrum hic adducuntur in littera.
1335 1459 2141 1513 Sed contrarium istius opin expresse ponit August. 1t
1296 1509 2150 1548 libr, de resposionibus Prosp. vbi ait, qui recedit a Chri¬
1303 1545 2144 1596 sto, & alienatus a gratia viuit in hac vita, quid nisi in por
1293 1596 2120 1633 ditionem vadit, sed non in id, quod dimissum est, redit
1323 1627 2140 1674 Ad primum dicendum, quod non est simile illud, quao
1287 1666 2142 1715 in maiori assumitur pro simili. ln illis n terminis similiti
1293 1705 2140 1752 do sic deberet sumi, quod sicut se habet gratia ad meri¬
1305 1745 2135 1789 ta mortua viuificanda, sic se habet culpa ad merita viu¬
1303 1786 2144 1835 mortificanda, & tunc non plus habetur in conclusione,
1299 1826 2132 1870 nisi quod, sicut gratia poenitenti collata viuificat merita
1296 1867 2132 1915 per praecedentia peccata mortificata, sic peccatum se
1289 1902 2137 1953 quens poenitentiam mortificat ea, quae inuenit viuifica¬
1288 1941 1518 1997 ta per gratiam.
1334 1979 2144 2030 Ad secundum dicendum, quod concessa maiori, &mi
1293 2027 2143 2069 nori, non sequitur concluno, quae infertur: sed sequitur
1287 2062 2138 2109 ista, quod mortalis culpa ducit ad mortem talia viuifica
1287 2100 2133 2146 ta, quae quandoque fucrunt mortua, & haec conclusio ess
1286 2139 2136 2184 vera: quia culpa mortalis sequens poenitentiam, iterum
1296 2181 2138 2227 mortificat merita viuificata per gratiam poenitentialem,
1289 2221 2132 2268 quae etiam prius fuerunt mortificata per culpam pooni¬
1289 2266 1633 2311 tentiam praecedentem
1327 2295 2129 2345 Ad tertium dicendum, quod maior non est uera, si te
1287 2335 2133 2389 gmen est illius conditionis, quod corrumpit, & penitus
1283 2380 2121 2429 destruit illud, quod tegit, sed caritas dicitur cooperir;
1303 2416 2125 2459 eccatum destructiue; quia expellit, & consumit peccarum
1284 2460 2121 2501 & ideo, subtracta caritate, non remanet peccatum
1288 2501 2124 2549 quod praecessit caritate, & dicebatur cooperiri caritates
1320 2538 2117 2589 Ad quartum dicendum quod quantum ad praesens, posi
1281 2571 2120 2615 sumus dupliciter loqui de causa, quia quaedam est cau¬
1278 2611 2124 2664 sa non solum effectus inductiua, sed etiam praecise con-
1283 2658 2123 2704 seruatiua, alia sic est effectus inductiua, quod tamen eius
1282 2696 2126 2739 dem effectus non est praecise conseruatiua primo modo
1285 2738 2118 2783 gnis est causa sui splendoris in aere: secundo modo ess
1287 2775 2109 2826 tausa sui caloris in ferro, vel in alia re calorem impres
1281 2810 2123 2858 sum absente igne retinente de causa primo modo dicta
1281 2852 2115 2898 vera est maior: sed minor est falsa. Sed de causa secundo
1280 2894 2114 2940 modo dicta maior est vera, quia gratia inducit hunc effe
1266 2932 2120 2981 ctum, qui est deletio, vel non esse peccati praecedentis
1268 2973 2115 3024 gratiam in subiecto rationali: maior tamen est falsa, quia
1276 3013 2119 3059 quamuis impressio gladij inducat vulnus, tamen extra¬
1272 3049 2112 3099 cto gladio, manet vulnus: sic in proposito, ablata gratia,
1269 3093 2116 3152 non aufertur non esse illius peccati, quod fuit deletum
1274 3131 1474 3193 per gtatiam.
