2396 3531
258 283 1106 339 matrim onium impediri Consequentia patet: quia non
258 325 1107 373 ex alia causa coactio dicitur matrimonium impedire,
258 367 1102 416 nisi pro tanto: quia consenius coactus caret libertate,
257 410 1103 451 quae in consensu matrimonii necessario estrequisita. An
255 445 1104 484 tecedens probo: quia si consensus hominis posset abso¬
246 479 1091 530 lute cogi, tunc volitum non esset volitum, quod est ex
258 519 1098 576 ptessa contradictio, prob atio consequentiae: quia respe¬
245 568 1100 610 ctu cuiuscunque actus voluntas praebet consensum, ille
240 607 1095 653 actus est aliquo modo volitus: quia quantum est ibi de
256 643 1091 699 tonsensu, tantum est ibi de volito, sed quicquid est abso
252 678 1097 728 lut e coactum, hoc nullo modo est volitum: ergo &c. Et
245 725 1099 767 confirmatur, quia illud, quo omne peccatum mortale
259 763 1101 812 perficitur, hoc non potest cogi absolute, sed humano con
248 805 1089 853 sensu omne peccatum hominis perficitur: ergo &c Ma¬
242 840 1086 889 ior patet, quia si datur oppositum, tunc homo absoluti
251 881 1099 926 posset cogi ad faciendum mortale peccatum, quod est
251 921 1099 964 contra Augn qui ait, quod peccatum omne est adeo vo¬
251 954 1099 1004 luntarium, quod si nullo modo est voluntarium, nullo
258 1001 1089 1057 modo est peccatum. Et per eandem auctoritatem pate
249 1039 680 1085 minor istius confirmationis.,
283 1079 1086 1132 Secunda conclusio est, quod coactio conditionata
251 1104 1092 1171 prout inducit metum cadentem in constantem virum;
244 1150 923 1206 impedit matrimonium.
255 1199 1094 1246 1 Quia illud, quo constantis viri consensus extorque
240 1228 1104 1288 tur, & cogitur, illo matrimonium impeditur: sed comactio
247 1276 1083 1320 conditionata inducens metum in constantem virum, com
246 1320 1085 1370 git eius consensum. Maior patet: quia extra de spon. &
233 1357 1092 1398 ma ccum locum, dicit Alex 3. Necesse est, vt, vbi assen¬
235 1398 1086 1444 sus cuiusquam requiritur, coactionis materia repellatur
240 1441 1091 1484 matrimonium autem solo consensu contrahitur: igitur
243 1473 1092 1522 vbi de ipso quaeritur, plena debet securitate gaudere, cu
237 1509 1092 1562 ius est animus indagandus. Ec eod tit e contrahentes.
240 1553 1098 1600 Papa Honorius: dicit sic Sane illis, quae benedictione
240 1591 1085 1632 recepta mox a sponsis effugiunt ante carnis copula m
247 1631 1087 1673 subsecutam, asserentes se metu compulsas verba protu¬
230 1671 1090 1713 lisse consensus, non statim est audientia deneganda, sed
240 1714 1097 1761 de illato: meta est cum diligentia inquirendum. Et si
246 1750 1092 1803 talis metus inueniatur illatus, qui cadere potuit in con¬
228 1793 1091 1840 stantem virum, erunt non immerito audiende. Minor
235 1828 1094 1877 etiam patet: quia vir prudens, & constans propter hoc,
238 1870 1082 1919 quod vitet maius inconueniens, consentit in aliquid, qam
228 1908 1083 1956 tamen simpliciter, & absolute sibi displicet, & per con
234 1944 1088 1988 sequens, vt vitet aliquod praedictorum quattuor incon¬
236 1988 1085 2037 uenientium, consentit in matrimonium consensu coma¬
238 2025 663 2079 cto coactione conditionata
319 2035 1085 2105 Praeterea, coactio, inducens metum potentem ca¬
238 2102 1086 2160 dere in prudentem, & constantem virum, impedit pro¬
234 2143 1079 2189 fessionem religionis: ergo impedit matrimonium. An¬
240 2186 1076 2240 recedens patet ex his, quae ponuntur in decte. 10. q4 3. c
246 2223 1084 2275 praesens: Consequentia etiam patet: quia maior fauot
233 2266 1088 2306 tribuendus est matrimonio spirituali, quam carnali sed
230 2302 1092 2357 professio religionis est quoddam matrimonium spiri¬
239 2341 459 2392 tuale: ergo &c.
266 2385 1085 2434 Sed contra praedicta sunt duae opiniones.
252 2417 1079 2466 1 Quarum prima ponit, quod ex quo homo metu
239 2463 1094 2506 coactus non consentit, nisi vt effugiat poonas: poenas au¬
246 2499 1084 2543 em sufficienter effugiet, dicendo, verba exteriora sine
248 2543 1079 2587 omni consensu: igitur si aliquo modo consentit homd
247 2580 1080 2629 inimo interiori, tunc non consentit ex metu; & per con
235 2618 1088 2665 sequens, iste consensus est liber, & non coactus: & ideo,
241 2655 1083 2706 vt dicunt, talis consensus obligat, & facit verum matrimo
227 2704 1082 2749 nium. Et addunt isti doctores, quod coasensuc hominis
237 2738 1076 2788 nullo modo potest cogi, quamuis homo possit cogi ac
234 2779 1087 2827 dicendum verba, quibs solet exprimi huiusmodi consensus
253 2817 1081 2865 2 Praeterea, hoc confirmatur sic. Liberum arbitrium
232 2853 1078 2913 cogi non potest: ergo consensus cogi non potest: Ante¬
234 2895 1077 2942 cedens patet quia si hberum arbitrium posset cogi, tumo
227 2939 1073 2988 liberum non esset liberum. latet etiam connsequentia
232 2972 1076 3029 quia eiusdem hbertatis est actus elicitus cum potentia,
232 3022 1080 3065 a qua elicitur: Sed consensus est actus elicitus a libero
235 3055 1075 3097 arbitrio: ergo consensui non minus repognat cogi, quam
231 3095 476 3143 libero arbitrio.
304 3129 1082 3179 Praeterea, consensus non potest esse violentus: er¬
1150 277 1993 339 go nec coactus. Consequentia est nota: quia omne coa¬
1147 334 1993 387 ctum est violentum, vt patet 5. metaph ergo a destru¬
1155 369 1989 427 ctione consequentis, quod non potest esse violentum
1155 410 1991 457 hoc non poterit esse c actum. Probatur antecedens
1155 452 1994 495 quia omnis violenti principium est ab extra: sed nullius
1146 494 1991 535 consensus principium estab extra Maior patet: quia vio
1159 527 1988 586 entum est, cuius principium est ab extra, non conferen
1155 572 1988 624 vim. passo, vt patet 3. ethic Minor etiam patet: quia omni
1143 614 1991 671 consensus est a voluntate, & per consequens est ab in¬
1143 644 1549 703 trinseco principio.
1173 678 1984 727 Sed ista opinio non valet: Quia quamuis eius motius
1158 724 1982 780 pene concludant consensum non posse cogi coactione sin
1159 766 1989 823 liciter, & absoluta: tamen non conuincunt, quin possit
1146 808 1981 860 cogi coactione conditionata. Quod potest ex dictis eo
1144 847 1985 898 rum probari sic Quicunque metu potente cadere in vi¬
1147 888 1977 939 rum constantem potest cogi. ad proferendum aliqua ver
1144 922 1984 972 ba, quae sine mortali peccato proferre non potest absqu
1149 967 1991 1021 interiori consensu, ille, inquam, potest cogi ad habendum
1143 998 1979 1055 int eriorem consensum: Sed metu potente cadere in con
1147 1040 1987 1085 stantem virum potest homo cogi ad proferendum ver.
1152 1085 1984 1136 pa, quibus consucuit exprimi consensus matrimonu, &
1149 1125 1994 1167 naec verba homo non potest exprimere, quando ab eo
1153 1161 1991 1213 exigitur contrahendum matrimonium, sine consensu
1144 1197 1994 1253 absque mortali peccato: ergo &c. Maior patet: quia me¬
1143 1242 1991 1284 tu potente cadere in constantem virum cogitur homo
1133 1281 1994 1327 ad assentiendum minus malo, ne incidat in maius ma¬
1139 1313 1987 1365 lum, vt patet ex dictis superius: Sed nullum est maius
1141 1355 1982 1402 malum, quam mortale peccatum ergo ad illud suffici er
1143 1400 1986 1443 ter cogitur homo, quod non potest vitare sine mortali
1150 1436 1987 1489 eccato. Minor habet duas partes. Et quantum ad pri¬
1134 1476 1991 1534 mam partem patet ex dictis istorum: Sed secundam par
1130 1518 1975 1559 tem, scilicet quod verba consensum matrimonii expri
1133 1556 1979 1596 mentia homo, quando ab eo exigitur matrimonium, not
1151 1594 1987 1633 ossit proferre absque interiori consensu sine mortali
1140 1629 1991 1677 peccato, probo sic. Quicunque perniciose mentitur, ille
1128 1676 1990 1726 mortaliter peccat. lsta patet ex dictis superius lib. 3. dist.
1129 1713 1982 1765 2E Sed tempore, quo ab homine exigitur matrimonium,
1140 1748 1985 1801 i exprimit verba, quibus consensus matrimonii consue
1134 1787 1985 1849 uit exprimi sine consensu, tuac perniciose mentitur, vt
1132 1828 1589 1876 de se patet: ergo &c.
1160 1838 1981 1911 Ad primum igitur motiuum istorum dicedum, quod
1139 1914 1970 1962 pomo metu coactus non solum debet consentire, vt ef
1128 1945 1973 1993 tugiat poenas, sed vt effugiat absque peccato, quod nou
1142 1984 1976 2046 otest fieri in proposito proferendo verba matrimoni
1116 2025 1705 2081 sine consensu interiori.
1137 2077 1975 2120 Ad secundnm nego antecedens: quia licet liberum
1135 2105 1979 2160 rbitrium non possit cogi absolute, tam en bene potest
1130 2147 1976 2199 cogi, vel necessitari sub conditione: Dato enim quod
1137 2183 1978 2227 iberum arbitrium hominis non velit proiectionem mer¬
1132 2224 1972 2265 cium suarum ad mare, tamen, imminente naufragio, ni
1132 2261 1981 2313 cessitatur ad velle huiusmodi proiectionem sub hac con¬
1138 2303 1970 2357 litione, si sine huiusmodi proiectione non potest euadi
1125 2342 1393 2393 re submersionem
1164 2381 1976 2428 Ad probationem dicendum, quod ex hoc, quod ali¬
1142 2418 1973 2474 uid cogitur, vel necessitatur, non absolute, sed solum
1132 2456 1970 2511 uppesita conditione, non sequitur, ipsum non esse libe¬
1130 2500 1976 2557 rum: nam ex hoc apparet libertas eius, quia potest re¬
1136 2539 1973 2583 futare huiusmodi conditionem, vel non curare de ca, &
1146 2576 1977 2630 er consequeus, de sua absoluta libertate potest velle
1132 2615 1976 2676 oppositum illius, ad cuius consensum dicitut necessita¬
1132 2656 1436 2703 ri, stante conditionem
1144 2670 1969 2747 Ad tertium nego antecedens, quia licet consensus not
1146 2731 1970 2785 pos sit esse viosentus, loquendo de violento, quod philo
1130 2783 1970 2816 sophus 2: eth. appellat violentum simpliciter: tamen con¬
1130 2815 1976 2872 sensus potest esse violentus, loquendo de violeto, quod
1146 2857 1782 2904 philosophus appellat violentum mixtum.
1149 2892 1976 2941 Ad probationem dicendum, quod maior non est ve¬
1131 2936 1980 2987 ra, loquendo de violento mixto: illud enim, secundum
1128 2979 1652 3026 se, habet principium ab intra.
1148 3006 1982 3066 Alia est opinio, quae dicit, quod quando quis profert
1129 3056 1965 3099 verba, quibus modo consuet) contrahitur matrimo
1134 3093 1996 3136 nium, si adhibet consensum, quamuiscunque huiuimo.
1134 3131 1972 3183 di consensus sit coactus, nihilominus verum est ibi ma
