2400 3546
395 271 1239 337 Quia corpus includens formam complexionis huma¬
402 315 1251 372 nae est valde passibile, & de facili laesibile, & per conse¬
402 352 1248 415 quens, corruptibile, quia passio laesiua abijcit a substantia
402 398 1238 451 eius, quod patitur huiusmodi passione, Sed corpus homi¬
406 436 1234 486 nis post resurrectionem est incorruptibile: ergo non habi
400 474 1250 525 bit formam complexionis humanae, nec per consequens,
399 515 1240 568 habebit quicquid spectat ad veritatem humanae naturae,
405 552 1241 606 cum forma complexionis humanae ad huiusmodi verita¬
404 594 1240 646 tem videatur pertinere. Maior patet, quia propter nobili¬
406 628 1242 683 tatem complexionis inter omnia alia, homo intensius
396 668 1239 723 laeditur a contrario, & in eadem humana specie a consi¬
410 721 1246 758 mili illatione contrarij intensius laeduntur illi homines,
414 749 1256 808 qui habent nobiliores complexiones. Minor patet.i.
408 791 1250 836 ad Cor. vbi ait Apostolus, Oportet corruptibile hoc in¬
398 824 1248 895 duerem corruptionem, & mortale hoc induere immor¬
405 873 569 920 talitatem.
436 894 1262 957 Contra, corpus humanum resurget perfectum: ergo re
403 944 1246 996 surget in homine quicquid est de veritate suae corporalis
399 981 1252 1033 naturae. Consequentia patet. Et antecedens habetur hic
396 1030 1255 1073 in littera. Hic primo videndum est de principali quaesito.
399 1057 1245 1110 Secundo de damnatorum loco. Tertio de eorum corpo¬
403 1098 1256 1159 rali supplicio. Quartoade spirituali, puta de poena ipsins
408 1140 890 1209 animae, quam patitur in inferno.
590 1222 1077 1297 RESOLVTIO.
401 1299 1255 1379 Licet in homine die nonissimo non totum illud, quod in quocumque
446 1367 1252 1413 tempore fuit de veritate etus naturae covporalis, consurrexerit,
440 1408 1246 1451 Ex talibus tamen partibus, quae ad veritatem naturae specta.
447 1436 1254 1497 bant in tota hominis vita, resurgent in eo quot sufficient ad in
444 1476 1259 1536 tegrandam perfectam eius staturam, & figuram, quam apta
441 1520 1259 1582 nata est natura humana pertingere circa strigesimumtertium
447 1552 1043 1627 annum, semoto omni errore & impedimento.
560 1615 1140 1697 ARTICVLVSI.
429 1733 1244 1790 Vtrum in die nonussimo totum vesurget in homine,
561 1778 1107 1852 quod est de veritate eius naturae
741 1828 920 1899 corporalis.
420 1920 1265 1991 SVANTVM ad primum articulum est aduertendum,
435 1964 1253 2014 A¬ quod quaestio vnum quaerit, & aliud praesupponit
410 2003 1257 2049 Praesupponit enm, quod totum resurgat in homine, quod
418 2048 1262 2090 est de veritate suae spiritualis naturae; & hoc rationabili¬
418 2084 1265 2127 ter, quia ipse homo resurget cum tota anima intellecti¬
415 2121 1257 2168 ua, quantum ad suam essentiam, & quantum ad omnes
411 2160 1256 2205 suas potentias spirituales, ex quibus componitur homo,
422 2201 1256 2245 in quantum dicitur esse naturae spiritualis. Quaeritur au¬
418 2237 1260 2283 tem, vtrum resurgat in homine totum, quod est de verita
423 2273 1257 2322 te suae corporalis naturae. Et quo ad hoc, pro terminorum
412 2318 1259 2361 notitia, primo videndum est, quid intelligi debeat per il¬
417 2351 1266 2400 lud, quod dicitur, pertinere ad veritatem corporalis natu
415 2390 1269 2449 rae in ipso homine. 4 Et deinde sunt duae conclusiones
415 2431 575 2486 ponendae.
472 2463 1256 2521 quo ad primum, dico cum philosopho. 2. metha. quod
409 2502 1257 2557 vnumquodque sicut se habet ad esse, sic se habet ad veri¬
414 2550 1264 2596 tatem, & per consequens, sicut aliquid pertinet ad esse ali
408 2588 1263 2629 cuius naturae, sic pertinet ad veritatem eiusdem naturae.
419 2626 1264 2676 Ad esse autem humani corporis spectant ossa, nerui, caro,
408 2666 1260 2715 sanguis, & multae aliae partes, sen membra, quibus tam in
412 2713 1255 2749 trinsecus, quam extrinsecus, corpus humanum perficitur.
410 2742 1265 2791 & completur: igitur ista eadem ad veritatem eorporalis na¬
426 2777 1269 2822 turae in homine videntur pertinere. Cum igitur forma
424 2820 1259 2866 det esse: igitur quaelibet pars formalis carnis, quae est. in
418 2862 1262 2904 homine, pertinet ad veritatem humanae naturae, quamuis
427 2901 1255 2945 non quaelibet pars carnis materialis. Et eodem modo di
435 2942 1272 2981 artibus ossis, & nerui, & cuiuslibet alterius trotius homo
417 2981 1277 3028 genei, ad perfectionem corporis humani spectantis, est
421 3018 590 3068 dicendum.
461 3053 1267 3104 Partem autem formaiem totius homogenei appello
418 3093 1265 3161 illam, quae talis est, & tanta, quod si separaretur a suo to¬
1286 257 2149 317 to, adhuc remaneret in specie sui totius, vel retineret no¬
1293 303 2136 354 men totius. Est enim pars catnis secundum formam, quae
1293 348 1792 400 separata a toto, manet vera caro.
1329 378 2139 440 Partem vero materialem dico per oppositum, quae ita
1292 417 2141 470 est imperfecta, & diminuta, quod si separaretur; nec spe¬
1290 455 2142 515 cies, nec nomen sui totius, in ea saluaretur: eo, quod resol
1302 496 2132 549 eretur in materiam, vel in circumstans corpus. Et diui¬
1286 544 2125 590 sio ista. sede carne secundum formam, & de carne secundi
1294 583 2148 633 materiam, potest haberi ex dictis philosophi. 1. degenera
1287 625 1891 675 His praemissis, pono duas conclusiones.
1333 665 2147 712 Prima est, quod in homine resurgente, non resurgit to
1290 698 2150 755 tum illud, quod quocumque tempore fuit de veritate suae
1298 745 1610 791 corporalis nature.
1331 777 2134 828 Quia illud non resurget in homine, quod corpus resus
1292 817 2141 869 gentis faceret humani corporis mensuram excedere: Sed
1296 860 2131 905 si totum illud, quod pro quocumque tempore fuit de ve¬
1296 896 2137 946 ritate corporalis naturae, resurgeret in homine, tunc mul
1297 941 2137 985 torum hominum corpora essent valde immoderata: ergo
1293 978 2153 1020 &c. Maior patebit ex dicendis in sequenti conclusione.
1289 1015 2143 1063 Etiam minor patet ex dictis in praedicti termini declara¬
1296 1063 2143 1102 tione. Nam si quaelibet pars carnis humanae, in qua saluari
1313 1092 2144 1145 otest species, & nomen carnis spectat ad veritatem huma¬
1290 1132 2152 1182 nae naturae, sicut praedictum est, tunc quia idem homo, qui
1297 1165 2153 1221 nunc est valde pinguis, potest fieri macer, & postea iterum
1304 1210 2140 1262 pinguis, & hoc saepius, quia quod deperditur de huiusmo¬
1302 1248 2155 1300 di pinguedine, potest restaurari virtute vegetatiua, quae
1295 1295 2143 1340 alimentum conuertit in veram carnem humanam, igitur
1298 1331 2142 1372 si tota illa caro toties restaurata, simul resurgeret in eo¬
1301 1368 2147 1419 dem homine, patet, quod eius corpus excederet immode
1309 1407 1805 1456 ate mensuram humani corporis.
1325 1448 2169 1496 Sed contra praedicta sunt duae opiniones; Quarum pri¬
1307 1485 2170 1535 ma negat, quod quaelibet pars carnis in homine, i qua sal¬
1309 1525 2169 1573 uatur speci es carnis, sit de veritate humanae naturae. Po¬
1312 1563 2169 1619 nunt enim solum illud, quod in primis parentibus a Deo.
1298 1603 2145 1646 formatum est, esse de veritate humanae naturae, & nihil de
1295 1644 2157 1688 his, quae extrinsecus adueniunt, dicunt pertinere ad veri¬
1308 1683 2145 1729 tatem humanae naturae, siue illud adueniat per virtutem
1305 1721 2152 1772 generatiuam, quod a medicis appellatur humidum radi¬
1302 1767 2156 1810 cale; siue per virtutem nutritiuam, sicut humidum nutri¬
1310 1803 2157 1852 mentale, quo ipsum genitum augmentatur, & in ipso de¬
1325 1844 2160 1891 erditum restauratur. Et istius opinionis fautor principa¬
1312 1874 2158 1928 is est magister sententiarum, vt apparet lib. 2. distinct ao¬
1316 1919 2159 1970 t. penult vbi sic ait, Transtulit enim Adam modicum quid
1317 1957 2162 2008 le substantia sua in corpora filiorum, quando eos procrea
1309 1996 2160 2037 uit, id est, aliquid modicum de massa substantiae eius diui¬
1308 2036 2162 2089 sum est, & inde formatum est corpus filij, suique multipli
1304 2075 2159 2118 catione sine rei extrinsece adiectione auctum est: & de il
1317 2114 2154 2166 o quidem augmentato aliquid inde separatur, vnde for¬
1308 2155 2153 2196 mantur posterorum corpora, & ita progreditur procrea¬
1307 2192 2162 2241 tionis ordo lege propagationis vsque ad finem humani
1308 2234 2155 2279 generis. Et istam opinionem probat Magister eadem di¬
1318 2277 1730 2320 tinctione. c vlti, tripliciter.
1332 2307 2159 2357 1 Primo auctoritate saluatoris, dicentis in euangelio,
1314 2355 2162 2401 Onine, quod in os intrat, in ventrem vadit, & in secessum
1316 2391 1442 2442 tertitur.
1316 2436 2159 2476 2 Secundo, ratione: quia puer, qui statim post ortum
1311 2469 2163 2522 moritur, in illa statura resurget, quam habiturus erat, si
1320 2512 2162 2559 iueret vsque ad aetatem triginta annorum, nullo vitio cor
1317 2547 2156 2589 poris impeditus. Vnde ergo illa substantia, quae adeo par¬
1314 2586 2160 2635 ua fuit mortua, in resurrectione tam magna eritinisi sui in
1309 2625 1592 2676 se multiplicatione.
1320 2665 2152 2714 3 Probando hoc idem exemplo, subdit immediate,
1327 2704 2166 2756 ost verba praedicta dicens. Vnde apporet, quod etiam si
1313 2741 2165 2802 viueret, non aliunde, sed in se augmentatur illa substantia,
1314 2783 2166 2823 sicut costa, de quafacta est mulier, & sicut panes euangelici¬
1329 2823 2156 2871 4 Istam opimone etam quidam alij probant sic. Si aliquid
1307 2864 2174 2903 ab extrinseco superueniens, posset conuerti in veritate hu
1308 2901 2162 2945 manae naturae, tunc quilibet homo esset incorruptibilis;
1311 2935 2161 2984 Falsitas consequentis per quotidianam experientiam mani¬
1314 2981 2165 3033 fesse apparet, ac per philosophiam, nec non per sacram seri
1319 3021 2163 3066 pturam,. Conscquentia probatur, quia per talem continuam
1317 3058 2161 3100 conuersionem semper deperditum posset restaurari; & sic nu¬
1317 3098 2153 3163 quam consumcretur illud, quod est de veritate humanae na
