2414 3527
464 273 1301 323 Ad secundum nego consequentiam quantum ad illud,
460 317 1313 367 quod dicitur de contradictione. Ad probationem dicen¬
456 354 1301 407 dum, quod sicut color in tenebris est per se visibilis, quauis ma
469 400 1307 441 nente tenebra, numquam actualiter possit videri, sic si color
455 439 1304 489 separaretur a superficie ipse esset per se visibilis: quia quam
459 484 1298 524 uis sub illo modo essendi manens, numquam posset actu
462 523 1303 560 videri: tamen haberet naturalem aptitudinem ad hoc,
455 561 1304 609 que videatur, si in superficie reponatur: nunc autem ita est,
455 598 1310 646 que esse per se visibile naturali aptitudine, & actu non pos¬
469 640 1301 678 se videri ex defectu alicuius dispositonis intr insece, siue
462 671 1310 718 illa disposito se teneat ex parte medij, siue ex parte sub¬
461 711 1297 760 iecti: ista minime contradicunt, & per consequens virtu
455 756 982 796 te diuina sunt simul compossibilia.
505 788 1316 840 Ad tertium nego consequentiam: Ad probationem di
463 829 1314 879 cendum, quod non quodlibet indiuisibile est spirituale, alias
465 870 1301 913 omnis substantia esset spiritualis, nec aliquod corpus esset
458 907 1313 954 de praedicamento substantiae: quia omnis substantia secu¬
463 948 1307 996 dum se est indiuisibilis, loquendo de diuisibilitate in par¬
464 989 1311 1037 tes quantitatiuas, de qua loquutur ad psens isti doctores.
502 1026 1302 1074 Ad quartum nego consequentiam. Ad probationem
465 1069 1304 1125 patet per iam dicta, quamuiscumque enim albedo esset
469 1109 1304 1154 eparata, tamen semper haberet naturalem aptitudinem
460 1149 1303 1191 ad informandum superficiem : propter quod numquam
462 1182 864 1245 posset angelum informare.
613 1253 1193 1340 ARTICVLVS I.
507 1340 1256 1428 Vtrum omnia accidentia in Fucharistia appa¬
615 1415 1160 1468 rentia, de facto sint sine subiecto.
543 1496 1313 1540 VANTVM ad secundum articulum est aduerten¬
594 1534 1299 1581 dum, quod vt communiter dicitur, duplex est subie
471 1576 1299 1620 ctum, scilicet primum, & proximum. Primum, sicut sub
468 1610 1306 1665 stantia, vel prima materia. Poximum, sicut illud, in quo
455 1653 1300 1701 immediate fundatur ipsum accidens, vt superficies immo
475 1694 1304 1738 diate subiicitur colori, quantitas aequalitati, & qualitas
475 1735 1301 1781 similitudini. Et secundum hoc pono duas conclusiones
473 1773 1303 1819 Prima est, quod accidentia in Fucharistia apparentia
457 1811 1311 1855 sunt sine subiecto primo. Quia nullum illorum acciden¬
462 1850 1301 1895 tium inhaeret alicui substantiae : ergo omnia accidentia
462 1894 1305 1939 in Fucharistia apparentia sunt separata a subiecto primo.
462 1929 1308 1982 Consequentia patet ex iam dictis. Probo antecedens: quod
461 1967 1304 2015 si inhaererent alicui substantiae, vel hoc esset substantia pa
463 2011 1316 2062 nis, & vini, vel substantia corporis Christi. Non primum
463 2052 1304 2096 quia opinio hoc ponens est superius improbata. dist. 11.
467 2095 1306 2137 q.1. ar. 2. Nec secudum: quia, vt superius probaui dist. 10.
468 2132 1316 2175 4.2tart. 1 corpus Christi non est in sacramento altaris
459 2161 1304 2209 quantitatiue, seu modo quantitatiuo, & per consequens
459 2207 1303 2255 ipsum non potest esse subiectum istorum accidentium,
465 2251 1306 2297 quae in sacramento apparent modo quantitatiuo, & extenso.
498 2281 1309 2330 Sed contra istam conclusionem est quaedam antiqua
474 2329 1306 2372 pinio ponens, quod huiusmodi accidentia sint subiectiue in
467 2359 1314 2407 ere circumfuso, & isti non habent aliquam rationem di¬
455 2405 1316 2445 recte pro se: quia rationes eorum solum probant hanc
455 2444 1317 2486 negatiuam, quod non sint sine subiecto, & hoc arguitur sic.
518 2473 1313 2521 Rarum, & densum, non possunt esse sine materia: sed
460 2518 1313 2563 vna hostia est rarior alia, & vna densior alia: ergo &c. Ma¬
462 2564 1310 2604 ior patet: quia si datur oppositum, tunc erit diffinitum si¬
461 2597 1309 2645 ne diffinitione; nam rarum, & densum, diffiniuntur per
456 2636 1311 2681 materiam: quia rarum est, quod sub magnis dimensioni¬
458 2672 1303 2724 bus parum habet de materia, & econtra desum est, quod
456 2710 1313 2760 sub paruis dimensionibus multum habet de materia.
497 2747 1305 2795 2 Preterea in sacramento altaris non debet esse ali¬
480 2789 1307 2839 ua deceptio; sed ista accidentia videntur esse in subiecto:
458 2828 1228 2874 ergo sine deceptione non possunt esse sine subiecto.
525 2867 1302 2916 Praeterea, omnis forma separata a materia secundum
467 2892 1313 2954 philosophos, est forma intelligibilis, & non sensibilis: sed
460 2957 1301 3003 ista accidentia sunt formae sensibiles: ergo ista acciden¬
458 2987 849 3041 tia sunt formae in materia.
500 3034 1308 3072 4 Praeterea, si essent separata a materia, tunc huiusmo¬
456 3068 1304 3113 di formae accidentales essent nobiliores & perfectiores
453 3112 1304 3167 angelis. Falsitas consequentis patet. Probatur consequen
1353 251 2201 320 tia, quia quanto aliquid magis appropinquat ad diuinam
1355 316 2200 364 simplicitatem, tanto est nobilius, & perfectius: sed si ista
1350 351 2206 403 accidentia essent ab omni materia separata, tunc magis
1347 389 2210 439 accederent ad similitudinem diuinae simplicitatis: quam
1351 431 2201 479 quicumque angelus: quia hoc posito, tunc huiusmo¬¬
1348 473 2197 516 di accidentia, nec sunt composita ex his, nec composita
1349 504 2200 553 huic: sed angelus, licet non sit compositus huic, tamen est
1357 541 2201 605 compositus ex his: nam in angelo differunt realiter sub¬
1356 578 2207 640 stantia, virtus, & operatio, vt ait Doetius, & multi docto.
1362 623 2201 676 tes. 1 Sed ista opinio primo assumit falsum, cum dicit
1357 669 2203 714 huiusmodi accidentia subiectiue fundari in aere circum¬
1357 711 2200 758 fuso: quia aer propter sui raritatem non potest esse subie
1352 749 2200 793 ctum coloris, asperitatis, & duriciei: & multorum aliorum
1356 792 2053 845 accidentium, quae apparent in ipso sacramento.
1388 821 2213 870 2 Praeterea, dimensiones aeris, & dimensiones panis,
1351 860 2207 912 essent simul in eodem loco, & hoc non esset minus mira¬
1351 903 2110 948 culum, quam quoed accidentia panis sint sine subiecto.
1385 950 2206 995 3 Praeterea, vsque ad sensum apparet, quod aer solum
1359 978 2201 1026 secundum extremam suam superficiem attingit superfi¬
1354 1016 2201 1062 ciem hostiae, ergo quamuis trina dimensio panis sit in
1360 1060 2200 1110 uere, tamquam in loco: tamen non est in eo, tamquam
1355 1103 1523 1152 in subiecto.
1398 1144 2200 1187 Ad primum argumentum contra conclusionem addu
1351 1175 2213 1222 ctam dicendum, quod quando diffinitio non datur per essen
1353 1225 2198 1266 tialia, sed per addimenta, & diffinitum est res aboluta,
1362 1254 2204 1302 tunc virtute diuina diffinitum, seu res diffinita, potest es
1362 1298 2200 1347 se sine diffinitione, hoc est sine illo addito, quod ponitur
1359 1334 2204 1380 in eius diffinitione: sed rarum, densum, diffiniuntur per
1361 1374 2204 1420 materiam, tamquam per additamentum, quia materia
1350 1414 2200 1464 non est de essentia rari, vel densi: ideo, virtute diuina ra¬
1356 1458 1964 1502 rum, & densum possunt esse sine materia,
1397 1489 2207 1545 Ad secundum dicendum quod fidelis in isto facramen
1352 1533 2214 1583 to non decipitur: quia totum, quod ibi iudicat esse, hoc
1359 1573 2201 1619 est ibi: siue iudicet secundum sensum, siue secundum in¬
1357 1614 2210 1657 tellectum. Nam sensus iudicat de accidentibus, quae vere
1362 1656 2206 1701 sunt ibi, & intellectus mediante lumine fidei iudicat sub
1358 1690 2209 1735 illis accidentibus esse verum corpus Christi: etiam ex quo
1353 1730 2215 1776 habemus ex certa determinatione ecclesiae substantiam
1358 1772 2209 1825 panis conuerti in corpus, & vini in sangumem Christi¬
1350 1822 2201 1860 ergo fidelis intellectus sine omni deceptione conclu¬
1354 1845 2204 1900 dit huiusmodi accidentia, quae remanent, subsistere sine
1351 1888 1496 1937 subiecto.
1392 1920 2214 1977 Ad tertium dicendum ad maiorem, quod licet philo¬
1349 1967 2211 2015 sophi dicant formam, quae secundum suam naturam est
1361 2005 2204 2048 separata a materia, non esse sensibilem: tamen si aliqua
1366 2047 2202 2092 orma separatur a materia non secundum fuam naturam,
1356 2082 2207 2128 sed per diuinam potentiam, retinens semper naturalem
1353 2122 2200 2164 aptitudinem ad esse in materia, talem formam veri phi¬
1366 2162 2217 2219 osophi iudicarent esse sensibilem: & si aliter iudicarent,
1355 2204 1964 2252 tunc non essent veri philosophi, sed falfi¬
1365 2239 2216 2294 Ad quartum nego consequentiam. Ad probationem
1351 2284 2201 2335 nego minorem: ad illius probationem dico, quod licet
1365 2323 2207 2370 nuiusmodi accidentia non sint actu huic composita: ta¬
1357 2364 2202 2411 men secundum naturalem suam aptitudinem huic sunt
1351 2401 2206 2455 componibilia: sic enim sunt actu separata a materia, quod
1356 2440 2206 2482 tamen retinent aptitudinem ad hoc, vt materiae coniun¬
1362 2483 1934 2533 gantur, quod non est verum de angelo.
1374 2521 2217 2576 Conclusio secunda est, quod excepta sola quantitate
1356 2558 2212 2601 nullum aliud accidens manens in sacramento post con¬
1355 2598 2201 2639 uersionem panis, & vini est sine subiecto proximo. Dico
1356 2638 2206 2687 autem excepta quantitate: quia eo ipso, quod quantitas
1349 2677 2208 2723 via naturae pro immediato subiecto habet substantiam,
1353 2717 2206 2762 ideo idem est subiectum primum, & proximum ipsius
1362 2756 2208 2803 quantitatis, & per consequens quando quantitas separa¬
1360 2797 2201 2851 tur a substantia, tunc simul separatur a subiecto primo, &
1363 2834 2208 2887 proximo. Cetera vero accidentia sunt substantiae aliquo
1359 2880 2207 2924 modo mediante quantitate, quorum etiam aliqua subie¬
1363 2911 2207 2954 ctiue, tamquam in subiecto proximo fundantur in quan¬
1345 2948 2207 3009 titate, sicut apparet de colore : Proprium enim est super¬
1356 2989 2206 3030 ficiei primo loco colorari. Patet etiam de figura, & fimi¬
1355 3027 2209 3081 liter de motu: nam si mouetur hostia, motus ille subie¬
1363 3066 2213 3128 tiue habet esse in magnitudine, seu in quantitate ipsius
1348 3105 2201 3162 hostiae, & sic de pluribus aliis. Aliqua etiam accidentia,
