2128 3530
299 335 623 424 Quaestio. R
61 439 818 496 An clauium potestas vsque ad culpae ac penae
203 490 660 568 remissionem protendatur.
26 1005 872 1062 VVTRVM potestas clauium se extendat ad remis¬
32 1031 861 1105 sionem culpae, & poenae. videtur, quod sic. Quia vir¬
17 1095 867 1146 tus clauium extendit se ad celi apertionem ergo exten¬
18 1129 872 1179 dit se ad culpae, & poenae remissionem. Consequentia pa
3 1171 868 1225 tet: quia nulli aperitur coelum, nisi ipse sit absolutus a pe
8 1210 877 1260 na, & a culpa. Antecedens etiam patet in Fuange. vbi
15 1249 869 1303 dominus claues celorum commisit beato Petro, & me-
5 1288 519 1337 diante ipso ceteris sacerdotibus.
53 1326 877 1381 Contra virtus finita non extendit se ad effectum infi¬
4 1339 865 1419 nitum. Sed culpa mortalis quodammodo est infinita, in
16 1408 872 1453 quantum implicat offensam Dei infiniti. Etiam poena si
3 1449 874 1490 bi debita est perpetua, & per consequens infinita: ergo &c.
7 1486 872 1539 Hic primo videndum est de clauibus ecclesiae secundum
16 1522 864 1576 se Secundo quomodo potestas huiusmodi clauium se
10 1561 862 1616 habeat ad ablationem poenae. Tertio quomodo se habeat
5 1605 861 1648 ad remissionem culpae. Et quarto quia remissio culpae
-1 1647 866 1697 non potest fieri sine infusione gratiae: ideo videndum es,
15 1684 861 1726 vtrum infusio gratiae, & remissio culpae, sint simul in eo¬
2 1721 235 1773 dem instanti.
178 1792 667 1882 IR ES O 1 VTI o.
12 1883 875 1960 Coholicam ecclesiam habexe (laues ligandi, atque soluendi nul¬
40 1947 872 1993 lus catholicus negare potest, cum praesertim id ex sacro canone
37 1988 863 2043 tonuintatux Verum cum spiritualis clauis facustas quaedam su
35 2033 872 2081 spiritualis, qua ecclesi ast icus ludex dignos in regno caelorum
32 2070 878 2119 admittere, indignos vero ab eo protul arcere debet, perspicuum
35 2109 870 2169 erit pot est atem huiusmodi ad culpae ac peenae relaxatiouem, stu
47 2140 454 2205 ligationem vsque pertingere.
156 2270 728 2333 ARTICV LVS I1.
116 2356 754 2432 Vtrum sint huiusmodi claues, quid sint
312 2408 541 2481 & quot sint
36 2523 733 2597 VANTVM ad primum tria sunt videnda
55 2584 881 2640 S. Primo, an sint huiusmodi claues. Secundo, quid
7 2626 413 2679 sint. Et tertio, quot sint
39 2661 878 2717 Quo ad primum dico, quod ecclesiam habere claues
16 2704 870 2758 ligandi, & soluendi, negare non possumus, cum hoc pa¬
7 2745 872 2794 teat tam ex textu, quam ex glosa Matth. 10 vbi capiti ex
3 2791 890 2834 clesiae, beato scilicet Petro Christus huiusmodi claues le
-2 2833 63 2894 giti
10 2868 886 2916 tro, descendit in alios sacerdotes. Quod figuraliter tan¬
3 2902 889 2956 git Psal, sub metaphora vnguenti, dicens, Sicut vnguentumi
8 2944 888 2993 capite, quod descendit in barham, harbam Aaron, quod
4 2988 69 3040 det
-4 3021 904 3075 telligitur Christus, a quo potessas absoluendi, & ligandi
5 3062 904 3110 descendit in barbam, idest, beatum Petrum, & de inde
10 3109 75 3159 in b
9 3140 902 3201 maiorem praelatum, & vltimo in oram vestimenti, idest,
894 281 1780 359 in quemlibet sacerdotem fimplicem. Vnde huiusmodi
894 350 1755 394 clauigera potestate quilibet sacerdos Christianum sibi
884 394 1754 443 subditum potest soluere a peccatis, & ligare congruis me¬
898 428 1747 478 dationib, & aperire portam celi dignis, & claudere idignis
937 465 1757 519 Forte dicetur, hostium coeli apertum est, ergo frustra
894 508 1751 561 comittitur alicui clauis ad aperiendum illis. Consequen¬
890 547 1759 589 tia patet,. Probatur antecedens: quia super illud Apoc. vi
898 582 1754 627 di hostium apertum in coelo, dicitur, quod a tepore pas¬
901 619 1759 667 sionis Christi hostium coeli semper apertum est. Etram
898 662 1763 717 super illo verbo, dabo clauem, dicit glosa. Nemo potest
902 701 1719 749 claudere, quod Christus in sua passione reserauit.
897 745 1736 791 2 Praeterea, solus Christus claudit regnum coelorum
895 772 1754 832 & aperit, ergo nullus alius habet claues claudendi, vel
891 817 1748 872 aperiendi. Consequentia patet, quia solus idem est, quod
899 860 1747 903 non cum alio, vt patet 2. Elen similiter. Antecedens ha¬
895 897 1745 961 betur Apoc in vbi de Christo dicitur, Qui aperit, & ne¬
892 941 1440 987 mo claudit: claudit, & nemo aperit
909 975 1750 1023 3 Praeterea, solus Deus introducit in gratiam: ergo so
898 1014 1756 1061 lus habet claues introducendi in coeli gloriam. Antece¬
897 1059 1747 1100 dens patet, quia habitus gratiae a solo Deo infunditur a¬
902 1098 1751 1137 nimae. Consequentia etiam patet, quia plus est introdu¬
908 1137 1751 1191 cere in gloriam, quam in gratiam. Et ideo Psal. vtrumque
905 1173 1742 1218 Deo tribuens, ait. Cratiam, & gloriam dabit dominns
919 1209 1754 1257 Ad primum dicendum, quod de clausura coeli duplici
901 1247 1753 1296 ter possumus loqui, puta vniuersaliter, & particulariter.
903 1290 1750 1338 Vniuersalis fuit a peccato primorum parentum vsque ad
902 1333 1761 1385 passionem Christi. Particularis vero est, secundum, quod
898 1376 1746 1425 quilibet peccator post. passi onem Christi proprio suo
911 1405 1754 1460 peccato sibiipsi ponit impedimentum intrandi coelum.
903 1450 1748 1500 quantum ad primam clausuram antecedens est verum cum
896 1486 1755 1538 sua probatione, sed non quantum ad secundam. Et ideo
897 1529 1749 1575 quantum ad istam secundam clausuram conmittit Deus
897 1565 1460 1613 suis ministris claues ad aperiendum.
901 1594 1750 1655 Ad secundum dicendum, quod licet solus Christus habe¬
900 1643 1756 1694 at potestatem excellentiae aperiendi coelum, puta sine sa
899 1686 1749 1734 cramentorum collatione posset, si vellet, saluare homi¬
898 1724 1756 1764 nem: tamen per hoc non excluditur sacerdos a ministeria
896 1763 1760 1815 li potestate, inquantum ipse satramentorum minister, &
907 1802 1748 1843 dispensator. Sacerdotes enim, secundum quod ait Apo¬
891 1843 1753 1891 stolus, sunt dispensatores ministeriorum Dei. Et ideo ait
892 1882 1761 1930 idem Apostolus, Hic iam quaeritur inter dispensatores, vt
894 1920 1317 1974 fidelis quis inueniatur.
942 1936 1750 2008 Ad tertium dicendum, quod licet solus Deus habeat
912 1997 1747 2048 potestatem auctoritatiuam claudendi, & aperiendi the¬
908 2036 1764 2085 saurum gratiae, & gloriae, & solus Christus, quantum, ad
907 2079 1759 2122 hoc, habeat potestatem excellentiae, inquantum merito
907 2117 1756 2168 rie per suae passionis virtutem immediate potest aperire;
907 2155 1763 2203 tamen ex duobus istis non excluditur sacerdos ab ape¬
910 2194 1762 2243 riendi, & claudendi ministerio, quia licet princeps heat
910 2236 1759 2284 principalem auctoritatem aperiendi sui principatus ciui
908 2283 1749 2328 tatem, tamen per hoc non habetur, quin portarius por¬
904 2312 1768 2359 tet claues, & ministraliter aperiat ipsam portam. Sic in
906 2351 1128 2406 proposito &c
927 2376 1766 2439 Quo ad secundum dicendum, quod sicut habetur in
902 2430 1756 2483 glosa super illud Matth. 10. quodcumque ligaueris super
912 2468 1760 2518 terram, &c. clauis ecclesiae, de qua ad praesens loquimur,
907 2512 1765 2560 sic diffinitur, Clauis est potestas ligandi, & soluendi, qua
913 2546 1765 2594 ecclesiasticus iudex dignos recipere, & indignos exclude
904 2586 1758 2628 re debeat a regno coelorum. Quae diffinitio satis ordina
909 2624 1761 2672 te videtur esse data. Nam cum dicitur potestas, tangitur
913 2661 1792 2719 genus ipsius clauis ecclesie. Cetera autem sunt aliquo.
922 2702 1772 2749 modo differentiarum expressiua. In diffinitione enim ac
882 3026 1632 3066 ctus cum vltimo additur, a regno celorum.
882 3032 1777 3110 Forte dicetur, quod istud non bene stat cum
916 2744 1763 2794 cidentis saepe subiectum ponitur loco differentiae. Quod
903 2781 1765 2833 tangitur hic, cum dicitur, ecclesi asticus iudex. Item poten
909 2820 1765 2870 tia diffinitur per actum, vt patet 2. de anima: actus auten
908 2862 1762 2912 specificatur ab obiecto. Cum igitur clauis sit quaedam
896 2897 1756 2945 spiritualis potentia, seu potestas, ideo in sua diffinitio.
900 2934 1772 2989 ne ponitur actus suus, cum dicitur, dignos recipere, &
909 2975 1772 3022 indignos excludere: Ponitur etiam obiectum illius a¬
911 3097 1451 3157 praedictis.
940 3104 1770 3187 1 Dictum est enim, quod per passionem Christi
