2402 3534
389 270 1245 344 re valent, & quod vonerunt lib ere adimplere. Conse¬
396 321 1248 375 quentia probatur, quia in huiusmodi subudio terrae san¬
393 359 1239 417 ctae potest semper manere, & per consequens semper po¬
398 414 910 466 test continere a propria sua vxore
435 434 1244 491 In contrarium est Apostolus i. ad Cor. 7. vbi ait Noli
390 477 1240 539 te fraudare inuicem, nisi forte ex consensu vsque ad te¬
398 515 1241 577 pus. In quaestione ista quattuor sunt videnda. Primo
397 554 1232 612 vtrum reddere debitum exigenti coniugi semper sit ne
390 607 1237 655 cessarium. Secundo circa principale quaesitum. Et hos
401 643 713 696 quantum ad dist. 32.
432 650 1247 727 Tertio est videndum de matrimonio antiquorum patrum,
391 716 1244 766 Et quarto, de comparatio nevirginitatis ad matrimonifi
495 800 1078 877 RESOLVTIO.
408 876 1242 960 Quamuis coniuns absque corporalis vit ae suae periculo, a conirge
426 935 1245 994 requisitus, semper debitum teneatur reddere, tunc vel maxi¬
420 966 1246 1030 me, si exigens nosset tunc abstinere: si tamen citra sui pernicien
431 1013 1248 1077 fitri nequit, non cogitur Vnde nentri eorum, Matrimonio per
434 1056 1235 1120 carnalum copulam consummato, sine alterius licentia licet con
417 1114 687 1165 sinentiam vouere.
573 1187 1152 1245 ARTICVLVS I
397 1279 1157 1361 Vtrum Reddere debitum exigenti coniug
623 1332 998 1406 semper sit necessarum.
414 1395 1238 1471 VANTVM ad primum articulum est distinguer
506 1457 1245 1511 dum. Quia coniunx exactus a coniuge, vel po¬
401 1499 1247 1552 test sine periculo suae personae reddere debitum, vel non
407 1537 1243 1592 potest, puta, quia verisimiliter timet, si reddit debitum,
402 1581 1244 1630 ex hoc sibi imminere aliquam grauem sui corporis de¬
407 1617 1249 1670 bilitatem seu infirmitatem. Et secundum hoc pono
399 1661 726 1713 duas conclusiones.
442 1672 1236 1752 Prima est ista. Si coniuns sine suae corporalis vitae pe¬
403 1738 1246 1789 ritulo potest reddere debitum, tunc semper tenetur red
398 1788 1252 1832 dere, & maxime si exigens nullatenus vult pro tuc actu
396 1817 789 1874 illo carere Cuius ratio est
413 1845 1237 1909 1 Quia quilibet tenetur alteri reddere, vel dimitteri
408 1894 1246 1945 vsum rei, super quam habet legitimam potestate omni
402 1944 1247 1993 tempore, quo non vult carere tali vsu: Sed quilibet
405 1971 1238 2028 coniunx super corpere sui coniugis legitimam habet po
401 2019 1078 2067 testatem, vt patet ex dictis superius: ergo &c
422 2055 1247 2103 2 Preterea, quilibet coniunx tenetur omni tempore
397 2090 1235 2143 ad hoc, quod non sit iniustus ergo tenetur omni tempo
396 2130 1241 2177 re coniugi reddere debitum, si nullatenus vult carere
408 2168 1242 2222 nuiusmodi redditione, & iste potest reddere absque sui po
404 2207 1247 2264 riclitatione Antecedens est notum. Consequentiam
402 2264 1254 2305 probo, quia omnis ille est iniustus, qui non reddit alicui
405 2290 1247 2338 debitum, in quo sibi tenetur pro eo tempore, quo exi¬
402 2328 1241 2386 gens debitum non vult carere tali redditione, & exactus
405 2380 1250 2428 potest reddere absque sui periclitatione: Sed coniunx
393 2417 1247 2477 tenetur coniugi reddere debitum corporalis copulae:
402 2453 533 2502 ergo &c
442 2486 1248 2541 bed contra istam conclusionem potest argui multipli
397 2530 630 2576 citer Primo sic
481 2559 1245 2618 Nullus de necessitate salutis tenetur ad illud, per
407 2612 1238 2657 quod priuatur sacra communione: Sed coniunx reddens
387 2654 1238 2696 debitum carnis coniugi, excluditur a satra communio¬
399 2688 1244 2730 ne Maior patet: quia a sacramento salutis nullus debet
404 2726 1233 2778 exclud propter hoc, quod consentit in illud, in quod to
399 2765 1234 2807 netur consentire de necessitate salutis Minor patet in
400 2803 1231 2846 littera auctoritate Deati Hiero qui ait. Quicunque vxo¬
390 2848 1241 2896 ri debitum reddit, vacare non potest orationi, nec car¬
390 2883 1239 2940 nes agni edere. Vbi per edere carnes agni, intelligit sa¬
392 2922 740 2974 cram communionem.
417 2960 1223 3012 2 Praeterea, in ecclesia, vel in strata publica coram po
387 2999 1235 3056 pulo coniuns non debet reddere debitum coniugi exi¬
396 3047 1228 3093 genti: ergo non semper tenetur reddere. Antecedens pa
384 3091 1234 3132 tet: quia si redderet in ecclesia, hoc esset contra loci san¬
384 3125 1235 3179 ctitatem, & etiam etclesia esset per Episcopum reconci
1290 251 2159 316 lianda, vt patet de conse dist. 1. Si redderet in strata, tume
1295 306 2153 356 scandalixaret populum Consequentia etiam patet: quia
1293 352 2140 401 saltem illo tempore, quo est in praedictis locis; non tens
1302 387 2015 435 tur reddere: ergo non tenetur semper reddere
1370 419 2140 476 Praeterea, tempore festiuo non tenetur redderes
1308 475 2144 526 uamuis hoc posset facere sine periculo sui corporis: er¬
1307 505 2150 555 o non semper tenetur reddere debitum, quando potest
1290 545 2153 593 sine periculo sui corporis. Antecedens patet per Augu¬
1298 581 2150 632 in libus quaestionum veteris, & noui testamenti, vbi ait, Cnri
1297 623 2141 675 stiano cum vxore sua aliquando licet conuenite, & ali¬
1299 660 2162 721 quando non; propter processionis enim dies, & iciunio¬
1298 712 2161 761 rum, aliquando conuenire non licet, quia etiam a licitis
1287 753 2155 799 abstinendum est, vt facilius impetrari possit, quod postu
1298 786 2147 840 atur Etiam Oreg. in lib. Dialogorum recitat, quod mu¬
1286 811 2153 879 lier quaedam de nocte cognita a viro suo, de mane ve¬
1299 856 2143 914 niens ad processionem ecclesiae, arrepta est a diabolo.
1319 892 2155 956 1 Praeterea, tempore menstruorum nonlicet reddere
1293 952 2153 994 debitum: ergo non tenetur coniunx semper reddere, qua¬
1296 977 2140 1037 do pot sine periculo sui corporis. Consequentia patet. Pro
1292 1011 2150 1078 batur antecedens: quia illud non licet, pro quo secundum
1302 1053 2152 1115 egem homo dehet occidi: Sed lex praecipit, quod tam, vir,
1309 1111 2156 1164 uam mulier occidantur, si comnitu conuenerint tempore
1296 1142 2005 1192 menstruorum, vt patet Leuit. 20. cap. ergo &c.
1301 1173 2143 1234 3 Praeterea, istud confirmatur, quia hoc nonlicet, quod
1295 1224 2147 1271 est contra bonum prolis: Sed reddere debitum tempo¬
1293 1255 2132 1318 re menstruorum est contra bonum prolis: quia super i
1284 1303 2134 1342 lo verbo, quasi pannus menstruatae, dicit hieronymus
1289 1335 2150 1392 quod tempore menstruorum viri ab vxoribus debent
1285 1386 2147 1434 abstinere, quia tunc concipiuntur membris damuati, cae
1290 1419 2145 1467 ci, claudi, leprosi, vt, quia parentes non erubuerunt in
1291 1460 2144 1512 conclaui commisceri, eorum peccata pateant cunctis, &
1304 1497 1789 1551 perte redarguantur in paruulis.
1307 1513 2153 1592 o Praeterea, mulier post partum, antequam trabscant.
1287 1578 2135 1634 dies purgationis, non tenetur reddere debitum. Antecou
1294 1616 2150 1671 dens patet 3. quaest. 2. cap. Si causa, vbi dicitur, quod in
1290 1658 2129 1711 diebus purgationis, vir non debet coire cum muliere.
1292 1700 1773 1744 ldem patet: 2. quaest. 4. c origo.
1307 1710 2141 1788 3 Praeterea, si vnus coniugum, postquam commisit
1287 1784 2135 1828 adulterium, petit sibi reddi debitum, alter coniuns non
1293 1818 2144 1863 tenetur sibi reddere: & tamen hoc posset sine peritulo
1293 1859 2142 1906 corporis sui: ergo non semper tenetur reddere debitum,
1311 1890 2135 1949 uando sine periculo corporis sui potest reddere. Conse
1312 1936 2144 1989 uentia est n ta. Antecedens habetur: x quaest 1.catis
1296 1972 2139 2026 vbi dicitur, quod adultera, donec poeniteat, non est te¬
1293 2017 2144 2065 nenda in consortio coniugi. Et eadem quaestione cap. 2.
1288 2055 2130 2097 dicitur. Sicut iniquus est, qui castam dimittit, ita fatuus
1292 2093 2135 2145 & iniustus est, qui tenet meretricem. Nam patronus ess
1296 2138 1863 2184 urpitudinis, qui caelat crimen vxoris.
1326 2167 2138 2232 Ad primum dicendum, quod minor vniuersaliter ac¬
1296 2214 1558 2263 cepta non est ver;
1321 2265 2130 2309 Ad probationem dicendum, quod secudum commu
1292 2291 2129 2334 nem doctrinam, ac etiam secundum Magistrum hic in
1292 2334 2136 2385 ittera, dictum Hieronvmi debet intelligi non de quoli¬
1296 2372 2133 2424 et coniuge, sed solum de his, qui sunt ministri ecclesiae,
1281 2414 2132 2464 sicut in ecclesia Craecorum aliqui sacerdotes habent le¬
1296 2448 2130 2506 sitimas vxores, qui prohibentur a celebratione missae pro
1284 2493 2134 2546 illa die, qua suis vxoribus debitum reddiderunt Alii au¬
1290 2523 2135 2583 tem fideles, dummodo alias sint idonei, non debent a sa
1287 2574 2132 2621 cra communione prohiberi, ex hoc, quod debitum con
1287 2610 2138 2658 ugale suis coniugibus reddiderunt. Sed potius in hoc
1290 2643 1988 2697 sunt suae deuotioni, & conscientiae relinquendi
1326 2688 2132 2740 Ad secundum, nego consequentiam: ex illo enim ante¬
1294 2736 2141 2782 cedente non sequitur necessario, nisi, quod nontenetur in
1286 2770 2123 2813 omni loco reddere debitum. vnde est ibi fallacia acciden
1287 2803 2132 2859 tis, & figurae dictionis. Ad probationem dicendum, quod illo
1284 2845 2134 2891 tempore, quo est in praedictis locis, tenttur reddere: licet
1294 2888 2138 2928 on teneatur, vt est in praedictis locis Etiam antecedens
1284 2922 2130 2967 deficit in parte: quia dato, quod nullo modo possent ha
1279 2963 2125 3010 bere alium locum, quam locum consecratum, & alter
1277 3014 2123 3057 coniunx nullatenus vult carere illo actu, tunc reddens
1293 3045 2126 3095 lebitum non peccat, dummodo non reddat sponte, sed
1284 3082 2135 3124 cum cordis sui dolore. Nec etiam ecclesia ex hoc necessa¬
1276 3119 2141 3181 rio erit reconcilianda, si istud factum fuerit secretu, sicut
