2141 3524
380 243 1247 300 potest ipsum sufficienter mouere ad sui cognitionem.
380 299 1244 349 seu visionem: ergo per diuinam potentiam fieri potest,
391 337 1242 386 quod humanus intellectus nude videat diuinam essen¬
391 378 812 425 tiam absque lumine gloriae.
430 408 1238 459 Maior videtur esse nota, quia si potentia cognitiua no
390 455 1245 502 cognoscit intuitiue aliquod obiectum, hoc vel est pro tam
390 490 1236 534 to, quia huiusmodi obiectum non est praesens tali poter
393 532 1234 573 tiae, vel si est praesens, tamen huiusmodi praesentia non
382 569 1234 623 sub ratione obiecti, sicut Deus est praesens omni intelli
390 607 1226 657 ctui, & tamen non est praesens semper sub ratione obie
389 643 1229 700 cti, vel dato, quod sit pns sub ratione obiecti, tamen po
390 695 1232 743 tentia non sufficienter mouetur ab huiusmodi obiecto
387 726 1241 772 sicut non obstante praesentia cuiuscumque obiecti Deus
390 761 1237 818 potest suspendere potentiam, ne recipiat, vel percipia
385 806 1238 853 motionem praesentis obiecti: Sed omnia ista impedime¬
384 843 1248 897 ta tolluntur in ista maiori: ergo &c. Minor etiam patet
387 889 994 931 quantum ad omnes suas partes: ideo &
411 909 1244 974 2 Praeterea, si Deus suae essentiaoe nudam visionem non
394 963 1236 1010 posset immediate causare sine lumine gloriae in huma¬
375 1000 1238 1046 no intellectu, hoc vel esset pro tanto, quia intellectus
381 1039 1235 1089 non posset huiusmodi visionem, quae est actus superna¬
390 1081 1231 1133 turalis in se recipere, nisi mediante supernaturali dispo
387 1117 1238 1161 sitione: sicut dicit vna opinio, vel hoc esset propter ex¬
374 1154 1226 1196 cessum obiecti, puta, quia potentia intellectiua human
384 1197 1229 1239 est finita: ideo quasi nullam proportionem habens ac
381 1237 1245 1285 obiectum infinitum, quale est essentia diuina, non potest
387 1278 1238 1323 huiusmodi obiectum nude intueri, nisi eleuetur aliqua
387 1311 1235 1357 supernatur ali dispositione, puta ipso lumine glorie, sicui
386 1353 635 1404 dicit alia opinio
423 1383 1235 1437 Sed primum istorum non sufficit, quia si: intellectus
384 1429 1231 1477 humanus non posset recipere actum supernaturalem, n
375 1475 1242 1516 si mediante dis positone supernaturali, cum omnis dis¬
386 1516 1230 1567 posito supernaturalis sit actus supernaturalis: igitur ve
384 1556 1231 1605 erit processus in infinitum in huiusmodi supernaturali
384 1591 1232 1643 bus dispositonibus vel intellectus numquam recipie
390 1631 1247 1671 aliquem actum supernaturalem, quorum vtrumque est
385 1664 1238 1716 inconueniens. Nec potest dici secundum, quia diuina e
388 1708 1239 1750 sentia non solum excedit in infinitum intellectum, acce
397 1749 1239 1792 ptum sine lumine gloriae, sed etiam excedit in infinitum
390 1785 1235 1843 Intellectum lumine gloriae informatum, quia per addi
387 1832 1240 1875 tionem finiti ad infinitum non tollitur excessus infinitus
390 1868 1217 1908 Sed lumen gloriae est finitum, cum sit quid creatum
387 1904 1247 1958 Si igitur propter infinitum e xcessum obiecti non posset
381 1946 1235 1997 Deus causare nudam visionem suae essentiae in humant
387 1986 1235 2029 intellectu absque lumine gloriae, tunc nec mediante hu
380 2024 1232 2070 iusmodi lumine posset talem visionem causare, quod om
391 2061 731 2107 hino est contra fidem
398 2092 1240 2143 3 Praeterea, nihil est simpliciter impossibile, quod e
386 2137 1247 2186 uidentem non implicat contradictionem: Sed praedictam
394 2183 1237 2226 visionem esse in humano intellectu, & lumen gloriae no
399 2222 1240 2282 esse nen sunt contradictoria, quia in his duabus propos
394 2262 1037 2311 tionibus aliud affirmatur, & aliud negatur
471 2299 1232 2345 Preterea, pro ista conclusione etiam faciunt ea
400 2343 1243 2397 quae dixi in prologo primilibri quaest. 2. artic. 1. conclu¬
391 2377 593 2429 sione prima.
432 2417 1249 2460 Sed contra istam conclusionem sunt quidam, qui di¬
401 2459 1237 2500 cunt, quod simpliciter impossibile sit, & contradictioni
398 2497 1250 2543 simplicet, praedictam visionem inesse hum ano intellectui
400 2536 696 2589 sine lmine gloriae.
494 2561 1238 2624 Quia hoc posito visio supernatur alis non esset su
405 2617 1247 2665 pernatur alis, quod de plano est contradictio Probatur
400 2660 1239 2707 consequentia, quia omnis illa visio est naturalis homini
408 2692 1234 2740 quam ex puris suis naturalibus homo potest attingeru
402 2736 1241 2778 & cui potentia intellectiua hominis ex puris suis naturi
397 2771 1250 2826 libus, sine supernatur ali dispositone est proportionata
409 2815 1244 2867 Sed si in humano intellectu fieret nuda visio diuinae es
411 2854 1243 2901 sentiae sine lumine glorie, tunc huiusmodi visionem ho
415 2894 1244 2938 mo ex puris suis naturalibus attingeret, & potentia eiu
409 2932 1242 2981 ntellectiua ex puris suis naturalibus esset tali visioni,
410 2970 1253 3018 portionata: ergo talis visio esset homini naturalis: Sed
413 3015 1255 3059 ex altera parte huiusmodi visio est supernaturalis, quia
409 3049 1258 3095 cum ipsa immediate attingitur finis supernaturalis: lgi¬
406 3089 1251 3141 tur actus naturalis non esset naturalis, & actus superna¬
1286 238 1776 302 turalis non esset supernaturalis.
1306 298 2045 343 2 Preterea, error est dicere, quod ex poris naturalil
1282 333 2055 387 possimus consequi vitam aeternam: Sed predicta tisio e
1294 370 1601 420 vita eterna, ergo &c
1326 405 2056 462 Maior probatur, quia non minus: sed magis excedi
1288 450 2061 505 vires hominis naturales consecutio vitae eternae, qua cum
1293 489 2063 540 secutio gratiae disponentis, & preparantis ad vitam aete
1287 525 2061 577 nam: Sed in hoc errauit Pelagius, quod dixit hominem
1287 574 2051 621 posse consequi gratiam ex puris suis naturalibus, ut po
1284 613 2066 658 tet lib. 2. dist. 7. artic. 3. Minor patet in loann vbi ait sal
1291 648 2062 700 uator, Hec est vita aeterna, vt cognoscant te Dum, &c
1291 685 1478 733 tera ibidem
1357 726 2090 772 Preterea, nullus actus elicitus a nuda potentia, po¬s
1287 772 2069 812 test esse beatificus, sed nuda visio diuinae essentiae est a
1278 810 2066 862 ctus beatificus ergo non potest inesse potentiae, nisi si
1294 843 1860 892 disposita per habitum luminis gloriae.
1326 887 2066 931 Maior patet. quia actus efficitur delectabilis median
1287 921 2066 969 habitu, sed actus beatificus non potest esse non delecta
1280 965 2072 1013 bilis: ergo non potest elici a potentia sine habitu. Maiol
1290 1003 2079 1053 habetur ex. 2. Ethic. vbi dicitur, quod signum est genera
1281 1038 2096 1097 ti habitus habere delectationem in operc. Minor de
1287 1077 1451 1131 se est nota
1372 1118 2081 1167 Praeterea, nullus actus elicitus sine habitu, potess
1280 1160 2070 1203 esse delectabilis, nisi sit simpliciter naturalis, & quant
1275 1204 2079 1239 ad substantiam actus, & quantum ad modum ergo sipr
1280 1242 2082 1288 dicta visio est communicabilis humano intellectui absou
1283 1277 2087 1324 habitu, tunc vel erit actus simpliciter naturalis, vel nul¬
1282 1315 1694 1364 lo modo erit delectabilis.
1359 1351 2088 1404 P reterea, Deus hum ano intellectui non semper est
1296 1398 2077 1440 praesens sub ratione obiecti: ergo non potest ei esse pra
1284 1437 2083 1478 sens per modum obiecti, nisi mediante habitu: sed Des
1291 1474 2088 1522 us non potest causare in intellectu humano nudam vi¬
1280 1512 2075 1556 sionem suae essentiae, nisi sit praesens intellectui per mo
1286 1552 2081 1598 dum obiecti, ergo non poterit causare huiusmodi vsio
1281 1591 2082 1646 nem, nisi mediante habitu. Consequentia accepta i
1287 1635 2091 1677 maiori patet ex hoc, quia postquam Deus non fuit praesrta
1280 1678 2082 1723 per modum obiecti, tunc non potest fieri praesens po
1297 1714 2091 1762 modum obiecti, nisi aliqua fiat mutatio, talis autem mi
1290 1759 2088 1802 tatio non potest fieri ex parte Dei: ergo necessario ho
1290 1789 2081 1839 ex parte potentiae, cui obiicitur, & per conseques, sipri
1283 1828 2087 1874 natura, quam ipsa potentia eliciat actum praedictae visio
1290 1874 2081 1916 nis aliqua mut atio fiet circa ipsam per nouam recepus
1288 1904 1610 1963 nem luminis gloriae
1330 1943 2093 2003 Patet etiam antecedens, quia si Deus semper esse
1294 1996 2089 2040 praesens intellectui per modum obiecti, tunc semper mi
1287 2025 2097 2072 ueret potentiam ad iam dictam visionem, & vic homo
1283 2064 2088 2115 semper videret nude diuinam essentiam. Sicut enim Den
1288 2106 2086 2164 non est presens in ratione principij productiui, vel con
1284 2145 2097 2200 seruatiui, nisi pro tunc quando creat, vel conseruat. si
1295 2184 2094 2230 non est praesens in ratione obiecti, nisi pro tuncquando
1290 2231 1862 2273 obiectiue mouet. Minor etiam patet
1308 2270 2088 2316 4 Praeterea, aut visio praedicta habet necessariam ha
1287 2302 2081 2353 bitudinem ad lumen gloriae, aut non. Sisie, tunc habi
1296 2344 2078 2384 tur intentum, quia tunc nullo modo poterit esse huio
1289 2381 2091 2437 di vitio, nisi mediante illo lumine. Si non, tunc huiuima
1287 2422 2093 2479 di visio non dependeret a lumine, etiam supposito, qudl
1294 2468 2082 2515 videns habeat in se lumen gloriae Sicut enim aedificad
1293 2501 2094 2553 non dicitur actus musicae, dato, quod musica sit in edm
1292 2547 2090 2594 catore: eo, quod aedificatio non habeat necessariam ha
1302 2576 2095 2636 bitudinem ad musicam, Sic quamuis lumen gloriae inm
1302 2615 2095 2663 alicui beato, tamen visio beatifiea non dicetur actus i
1286 2662 1889 2719 lius luminis, quod est absurdum dicero
1313 2668 2081 2751 3 Praeterea, intellectus non potest suscipere acus
1287 2745 2088 2793 naturalis obiecti, nisirecipiat lumen naturale, ergo no
1296 2774 2087 2833 poterit recipere actum supernaturalis obiecti, ioted
1299 2812 1706 2872 piat lumen supernaturale,
1331 2854 2088 2909 Antecedens patet Probatur consequentia quia mi
1294 2894 2090 2938 norem proportionem habet intellectus respectu obio
1296 2937 2087 2995 cti supernaturalis sine lumine supernaturali, quam ro
1297 2972 2081 3029 spectu obiecti naturalis sine lumine naturali, ergo N
1331 3009 2084 3067 Sed ista vel falsum supponunt, vel saltem noncindi
1306 3051 2087 3116 dunt conclusionem quam eorum adductores inte¬
1303 3091 1373 3153 dunt
