2382 3551
267 266 1117 349 influentiam: sicut etiam recessus a gratia in culpam non
275 323 1121 379 est per motum, sed per huiusmodi simplicis gratiae sub¬
273 366 1127 422 tractionem: ideo nihil repugnat vni, quod non repugnat
276 403 1119 459 ilteri. Sed nec ista palliatio valet: quia in hoc videtur
266 444 1113 497 differre forma permanens, & suceessiua: quia forma per¬
272 483 1115 540 manens ad minus per duo instantia aequaliter se habet
270 521 1118 583 puta nunc, sicut prius, quod impossibile est dare in forma
270 569 1120 618 suceessiua. Cum igitur gratia sit forma permanens: ideo
264 599 1113 654 de sui ratione est, quod vbicunque ponitur, maiorem ha¬
258 639 1121 692 bet durationem, quam per vnum solum instams. Et eodem
257 684 824 734 modo dico de culpa sibi opposita.
276 730 1120 778 2 Praeterea, secudum istos, gratiae infusio fit in instanti;
267 757 1121 817 aut ergo inter instans, quo isti dicunt virginem suisse in
264 797 1115 867 culpa originali, & instans, quo gratiae infusionem recepit
270 836 1122 896 fuit tempus medium, aut non. Si primo modo, tunc, cum
273 874 1118 933 etiam secundum eos culpa non expellatur nisi per gratis
257 920 1117 975 infusionem, igitur virgo gloriosa fuisset non solum por
263 950 1119 1012 Instans : sed per totum tempus medium in culpa originali¬
263 992 1124 1048 Si secundo modo, tunc duo instantia immediate consequen
261 1029 1120 1092 ter se haberent, quod est impossibile, vt patet e. lib. physicorum.
288 1070 1109 1129 ETper hoc patet solutio ad primum motiuum eorum
266 1105 1111 1176 quod recessus fabae ab vbi, quod acquisiuit in vltimo su
275 1147 1112 1218 proprij motus termino, est per motum lapidis descendei
273 1182 1124 1252 tis, qui quidem motus non mensuratur instanti, sed tem
273 1223 1122 1297 pore. Non est autem inconueniens: sed est necessarium, quod te
264 1271 1125 1336 pus sequatur immediate ipsum instans, quamuis sit incon¬
267 1315 1120 1367 ueniens, quod instans sequatur ipsum instanms, sicut esset in
272 1344 1124 1424 proposito, eo quod infusio gratiae instanti mensuretur.
311 1383 1111 1442 Ad secundum dicendum, quod magis decuit filiun
269 1430 1114 1487 matrem praeseruare a peccato, quam post peccatum libe¬
275 1469 1121 1524 rare, & hoc etiam videtur esse conuenientius modo, quo
267 1515 480 1569 dixi superius.
302 1514 1126 1598 Ad tertium dicendum, quod antecedens non videtur esse
274 1588 1117 1643 verum: quia si per solum instans esset gratia, tunc non ap¬
272 1615 1121 1691 pateret, quo modo posset desinere: quia in illo instanti non
270 1656 1119 1728 posset definere esse: quia in eo incepit esse; nihil autem
263 1704 1133 1757 desinit in eadem inuisibili mensura, qua incipit esse, nec
268 1734 1117 1797 in aliqua parte temporis sequentis: quia si solum per in¬
272 1776 1124 1837 stans habet esse, tunc toto tempore sequenti erit purum
275 1810 1126 1880 nihil: sed quod est purum nihil, non desmit esse: quia om
266 1853 1124 1923 ne, quod desinit esse, oportet, quod aliquo modo habeat
276 1892 1125 1955 esse, a qud recedens desinit esse: ergo Si intempore desi¬
282 1944 977 1992 nit esse, tunc non habuit esse solum per instans
314 1970 1117 2042 Ad probationem dicendum, quod quamuis Deus libe
263 2012 1118 2070 re agat, & eius actio non sit suceessiua, tamen effectus non
266 2051 1122 2125 patitur, quod aliqua natura, quae est res permanes, produm
277 2089 1121 2150 catur, quae solummodo habeat esse per vnicum instans: ta
269 2134 1125 2191 lis erim natura non esset actuens, sed solum potentia.
287 2164 1131 2227 Vnde Commentator. 8. physicorum super illo uerbo Ari
272 2212 1121 2270 sto inter duos motus contrarios oportet dare requiem
276 2246 1113 2314 mediam, ait. Si aliquid motum ad albedinem statim mo¬
273 2277 1121 2344 ueretur ad formam oppositam, in illo subiecto non essei
281 2325 1129 2396 albedo, nisi in potentia. Sic in pposito, Si in beata Virgi
270 2361 1122 2424 ne fuisset originale peccatum per solum instans, & statim
270 2403 1126 2465 mota fuisset, seu mutata ad formam contrariam, puta ad
276 2449 1128 2510 gratiam, ipsa numquam fuisset in tali peccato actualiter,
282 2480 1117 2543 sed solum potentialiter: quod nec ego, iuxta ea, quae dix
269 2523 1124 2582 superius, nego habuit. n. beata virgo in sua origine possi¬
277 2559 1130 2620 bilitatem ad praedictam maculam, licet talis possibilitas po
278 2599 1115 2662 tentia diuina praeuenta, nuquam ad actum fuerit reducta.
323 2637 1125 2702 DETICIVNT etiam istae duae opiniones vltimae in eo,
282 2679 1121 2753 quod praesupponunt virginem gloriosam esse conceptam
287 2715 1115 2777 in originali peccato: quia ecclesia Dei nullius homini
287 2758 1119 2816 celebrat festum, nisi prout credit sibi competere sancti¬
284 2795 1121 2862 tatem, vel a peccato immunitatem: sed sancta Dei eccle
284 2836 1131 2898 Sia festum conceptionis virginis gloriosae sollemniter ce
279 2888 537 2947 lebrat: ergo &c.
323 2907 1119 2980 SeD ad hoc respondent iam dicti doctores multiplici
285 2952 1130 3014 ter. Quidam enim dicit, quod illud festum, aut non be¬
294 2990 1119 3052 ne sit, aut non banc nominatur: quia festum potest fier
290 3035 1118 3095 de eius sanctificatione: sed quia non est omnino certum
288 3070 1121 3143 quando sanctificata fuerit, certum est autem quando fuit
285 3114 1124 3178 concepta: ideo, ponendo certum pro incerto, vocatur fe¬
1172 258 2018 325 stum conceptionis, quod vocari deberet sestum sanctifica,
1163 315 2022 365 tionis. Sed ista resposio primo deficit: quia natalem plu
1168 362 2014 405 rimorum sanctorum colimus, de quibus tamen nullam
1167 395 2012 443 habemus certitudinem, qua die ab hac vita migrauerint
1172 430 1864 490 & sursum ad aeternam vitam nati ascenderint
1179 478 2018 520 2 Secundo deficit: quia angelus a Deo missus ad Ab¬
1164 503 2014 556 batem in marinis p ericulis laborantem ad denunciandum
1164 546 2017 596 istud festum gloriosum, non nominauit ipsum festum sanctifica
1168 587 2015 639 tionis: sed sestum conceptionis: Quod fecit, vt credo, insinuam
1170 637 2018 677 do omnib. hominibus conceptionem virginis penitus im¬
1164 656 2008 720 maculatam fuisse, & expertem ab omni peccato. Expressit
1163 706 2013 754 etiam angelus multum determinate tempus conceptio¬
1167 741 2009 794 nis, scilicet 8. idus Decembris, ab illo enim die vsque ad e.
1170 778 2016 827 idus Septembris, quo die natiuitate virginis gloriosae co¬
1161 826 2005 871 limus, sunt completi nouem menses. Ex quo apparet, quod
1163 860 2012 912 non loquebatur angelus de dic sanctificationis: quia nec
1174 893 2003 950 corpus, nec anima virginis illa dic fuerunt, nisi in sua di¬
1164 939 1697 997 spositiua, & seminali origine.
1203 947 2001 1025 Atit dicunt, quod Homana ecclesia non sollenixat il
1161 1024 2005 1065 lud festum, quamuis permittat ecclesias aliquas colere i¬
1167 1053 2000 1100 stud festum. Et allegant pro se glosam decretorum de com¬
1164 1091 2006 1142 secra. dist. 3. c. 1. Pronuiciandum est. ibi dicit glo, vt isti di¬
1168 1132 1994 1186 cunt, quod festum conceptionis non est celebrandum.
1170 1181 1996 1223 SeD nec ista solutio valet. Quia etiam festum natiui¬
1173 1214 2005 1262 tatis virginis gloriosae quandoque a Romana ecclesia non
1170 1248 1996 1300 colebatur: quae tamen ecclesia diuina reuelatione perci¬
1179 1283 2009 1340 iens, huius modi natiuitatem esse colendam, sollemni¬
1172 1324 2018 1381 ter ipsam coluit. Sic eodem modo dico de festo conceptio.
1176 1365 2004 1418 nis: Vnde dato, quod illa verba, sint in glosa praedicta, ho¬
1167 1399 2001 1457 die tamen de facto essent abrogata: quia sancta Homana
1170 1456 2007 1496 ecelesia festum conceptionis ipsius virginis gloriosae so¬
1171 1496 1652 1548 let sollemniter celebrare.
1299 1568 1853 1628 ARTICVLVS I
1161 1605 2021 1669 Vtrum beata virgo contraxerit aliquod peccatum
1352 1661 1823 1725 actuale in sua conuersatione.
1242 1748 2009 1808 VANTVM ad secundum articulum dico breuiter,
1277 1808 2006 1861 quod gloriosa virgo nuquam contraxerit pecca¬
1170 1833 2006 1887 tum actuale. Quia si illud, quod magis videtur, non est,
1163 1876 2002 1927 nec illud quod minus: sed magis videtur, contraxisse pec
1165 1910 2009 1965 catum originale, & non contraxit, vt patet ex praedictis:
1168 1958 1658 2017 ergo nec habuit aliquod actuale¬
1235 1989 2005 2045 Praeterea, dicit August. in libro de natura, & gratia.
1169 2025 2037 2092 Hac ergo virgine excepra, si omnes sancti, & sanctae Deit
1164 2075 1999 2127 congregari possent, & quaereretur ab eis, an peccatum h¬
1175 2110 1999 2160 perent. quid responderent, nisi, quod loannes ait: Si di¬
1168 2146 1994 2216 xerimus, um peccatum non habemus, nos ipsos seducimus
1234 2220 1934 2288 A R ICVLVS Iit. & hlj¬
1230 2271 1941 2351 De prima & secunda sanctificatione: quam
1325 2332 1823 2398 recepit in christi conceptione.
1252 2429 2012 2475 VANTVM ad tertium, & quartum articulum di¬
1278 2467 2012 2522 cunt doctores satis multi, quod sanctificatio, quam
1167 2508 2010 2561 virgo recepit in vtero matris, fecit ad fomitis ligationem,
1168 2556 2012 2602 sed sanctificatio abundans, quam recepit in sui filij con¬
1170 2588 2009 2639 ceptione, fecit ad fomitis iam ligati totalem extirpatio¬
1170 2615 2006 2677 nem. Sicut n auis habens alas ligatas, volare non potesti
1172 2664 2012 2716 inhabilior tamen efficitur ad volandum, si alae fuerint
1170 2705 1493 2763 sibi amputatae, sic &c
1200 2738 2019 2794 Sed quamuis istud sit benedictum, praesupposito, quod virgo
1173 2780 2009 2845 originali culpa fuerit maculata: quia fomes est quaedam
1173 2824 2009 2875 inordinata concupiscentia appetitus sensitiui, seu rebellio
1176 2861 2016 2910 virium inferiorum ad superiores ex originali peccato pro
1176 2907 2005 2957 cedens: saluo tamen semper meliori iudicio, non udetur
1165 2944 2014 2989 mihi, quod huiusmodi fomes fuerit in beata virgine: quia
1169 2976 2019 3030 non posita causa non ponitur effectus, nec est ponendus:
1170 3023 2006 3067 sed ego non pono virginem vmquam fuisse maculatam
1175 3054 1757 3107 per ipsam originalem culpam: ergo &c
1220 3093 2018 3165 DICO igitur, quod praedictae sanctificationes
