2102 3524
559 344 1036 422 RESOLVTIO.
378 451 1234 507 cum matrimonium sit uiri ac milieri; maritalis conifictio inter
417 500 1234 552 person as legitimas indiuiduam vitae consuetudinem retinens,
426 545 1231 590 perspicuum erit nullam sieri posse inter coniuges separationem
414 573 1231 622 non existente praecipue vatitnabili causa, quae tamen si extite¬
415 612 1228 667 rit, segregatio erit atoro, non autem matrimoniali vinculo: vi
427 647 1241 702 Iaesevtim mutuus consensus volunt atum vtspectu sactamenti
416 693 563 747 intercedae.
522 804 1066 888 ARTICVLVS I
607 912 983 984 Quid sit matrimonium.
405 1027 1222 1107 VANTVM ad primum articulum respodet Ma¬
494 1087 1225 1145 gister hic in littera dicens, Matrimonium est vi
381 1119 1220 1177 ri mulierisque coniunctio maritalis inter legitimas per¬
371 1166 1225 1225 sonas indiuiduam vitae consuetudinem retinens. In qua
380 1211 1213 1258 descriptione coniunctio ponitur pro genere, cetera auti
380 1248 1210 1305 pro differentiis, vt de se patet intuenti: lsidorus vero lib
387 1282 1220 1331 p. et)v mologiarum magis attendens ad nominis interpre
385 1321 1223 1374 tationem, quam ad diffinitionem, ait, quod matrimonium
390 1357 1216 1409 licitur quasi, matris munium, id est officium. Et quasi ad
375 1399 1226 1451 idem respiciens Aug. in lib contra Faustum ait, Matrimo
378 1439 1218 1489 nium ideo dicitur, quia non ob aliud debet mulier nu¬
379 1485 734 1535 bere, nisi vt mater fiat.
415 1512 1220 1578 Sed contra haec potest argui ex dictis aliquorum do¬
384 1558 1053 1613 ctorum Et primo contra dictum Magistri sic¬
390 1598 1219 1647 1 Matrimonium sicut, & quolibet aliud sacramentum
383 1638 1214 1685 est sensibile signum: Sed nulla coniunctio est quid sensi¬
372 1685 1222 1729 bile: ergo matrimonium non potest esse coniunctio. Ma
373 1717 1219 1769 ior patet per diffinitionem sacramenti datam ex dictis
376 1760 1214 1805 Deati August. dist. 1. qua dicebatur, quod sacramentum
372 1805 1213 1848 est inuisibilis gratiae visibilis forma. Patet etiam minori
383 1838 1220 1894 quia nulla relatio est forma sensibilis, sed omnis coniun
375 1874 1217 1932 ctio est relatio: ergo nulla comiunctio videtur esse sesibilis.
399 1920 1210 1967 2 Praeterea, viculum, quo aliqua coniunguntur, non
374 1946 1214 2002 est ipsa coniunctio: Sed matrimonium est vinculum in¬
374 2003 1213 2049 dissolubile, quo femina coniungitur viro, & econuerso.
372 2032 1208 2083 maior patet, quia causa differt realiter a suo effectu, sec
381 2076 1213 2123 vinculum coniugens est causa coniunctionis. Minor etiam
387 2116 980 2168 atet de se, & est communiter concessa.
449 2129 1220 2206 Preterea, si matrimonium esset coniunctio, tumc duo¬
369 2198 1174 2242 rum coniugum non posset esse vnum matrimonium,
381 2240 1213 2283 Falsitas istius consequentis patet. Probatur consequen¬
372 2282 1210 2324 tia, quia secundum Auic inter duo extrema non est vna
369 2312 1218 2360 relatio, sed duae secundum numerum extremorum, duae
378 2351 1218 2402 enim sunt aequalitates in duobus aequalibus. Cum igitur
377 2392 1211 2438 omnis coniunctio sit relatio, in duobus coniunctis erunt
370 2436 1214 2478 duae coniunctiones, & per consequens, duo matrimonia
373 2475 1208 2526 si matrimonium est coniunctio, quia multiplicato supe¬
374 2509 1014 2560 riori, tunc necesse est inferius multiplicari
456 2549 1212 2595 praeterea, si matrimonium esset coniunctio marita
381 2586 1211 2636 is, tunc non posset esse matrimonium sine carnali compu
378 2628 1203 2671 la. Falsitas consequentis patet ex quaestione proxim;
371 2674 1208 2722 praecedente. Consequentia etiam patet, quia coniuctio
371 2711 1210 2760 maritalis, vel est ipsa carnalis copula, vel necessario con
369 2743 781 2799 cernit huiusmodi copulam,
451 2785 1211 2829 Praeterea, omne matrimonium potest dissolui cau
373 2824 1204 2874 sa fornicationis: ergo matrimonium non est retinens in
366 2863 1152 2908 dissolubilem, seu indiuiduam vitae consuetudinem.
379 2904 1193 2956 4 Praeterea, contra dicta lsidori, & Aug arguitur sic.¬
356 2943 1202 2988 Semper a digniori est res denominanda, sed pater est di
366 2991 1207 3038 gnior matre ergo istud sacramentum potius deberet di¬
373 3027 1183 3071 ci patrimonium a patre, quam matrimonium a matre
360 3066 1196 3114 Maior habetur 2. de anima. Etiam minor patet ex3. di
360 3107 1204 3155 anima, vbi dicitur, quod agens est prestantius patiente¬
433 3140 1199 3199 preterea, denominatio debet fieri a principio essen
1281 292 2038 355 tiali: ced officium matris non est essenti ale principun
1289 346 1969 393 matrimonii, sed potius est effectus eius : ergo &c
1277 374 2051 431 Maior patet, quiaratio, quam significat nomen, est dif¬
1278 417 2039 476 nitio, vt dicitur 1. metap. Sicut igitur diffinitio datur pes
1298 462 2045 507 rincipia essentialia, sic et nomen debet imponia prind
1290 510 2039 548 io essentiali. Minor etam patet, quia effectus non estprin
1277 541 2054 596 cipium essentiale suae causae, licet quandoque causasit
1295 577 2057 632 rincipium essentiale sui effectus, vt patet decausa in¬
1288 619 2070 666 rinseca: Sed sine peccato esse matrem, causaliter praelum,
1284 656 1792 715 ponit esse matrimonium, ergo &c
1317 696 2054 748 Ad primum dicendum, quod minor non est vera. Ad per
1272 735 2050 789 bationem dicedum, quod quamuis relatio non sit sensibilisis
1276 783 2054 823 cundum se, est tamen sensibilis ratione fundamenti. Vn¬
1277 812 2050 865 de sicut similitudo sentitur, inquantum alba, quae suntsi
1265 860 2051 905 milia, sentiuntur: sic coniunctio sentitur, eo, quod perso¬
1268 893 2048 936 nae coniunctae sentiuntur, ac etem eo, quod verba, quiban
1269 934 2056 992 morum suorum consensum, & conformitatem exprimu,
1265 973 1432 1028 sentiuntur
1308 986 2058 1064 Ad scum dicedum, quoligari aliquo vinculo, pot intelli¬
1271 1049 2057 1103 gi dupliciter Vno modo vera effectiue, & sic maior est, sed
1275 1093 2048 1139 minor est falsa. Alio mono formaliter, & sic quamuis mino
1269 1130 2050 1178 sit vera, quia matrimonium est tale vinculum, quo conuge
1266 1170 2060 1214 formaliter i telliguntur esse ligati, maior tamen est ral¬
1269 1200 2060 1256 sa, quia vinculum, quo aliqua frmaliter ligantur, nonest
1267 1249 2050 1296 aliud, qum ipsa ligatio. Ad probationem dicendum, quodm
1273 1284 2056 1328 ior est falsa, loquendo de causa formali: effectus eni cal
1275 1325 2060 1371 ae formalis non differt realiter a forma. Ad tertium dice
1273 1364 2060 1419 dum, quod consequens non est falsum, accipiendo ma
1267 1404 2059 1454 trimonium, prout dicit relationem aequiparantiae fundi
1272 1448 2054 1491 tam in viro in ordine ad mulierem, & econuerso, quia
1270 1478 2064 1527 rei veritate, sicut vnum accidens absolutum non potess
1266 1519 2051 1568 esse in duob subiectis, sic vnum numero accidens reps
1275 1557 2055 1616 ctiuum non potest esse simul in duobus extremis: dici
1273 1603 2060 1652 tur tamen vnum matrimonium esse inter vnum vrum
1278 1641 2059 1689 vnam mulierem ratione vnius finis, puta, rationepri
1276 1682 2063 1734 is generandae, quae vna existens dependet ab utroqus
1266 1720 2059 1770 coniuge a viro, scilicet & muliere: & sic vnum matimi
1268 1763 2023 1812 nium integratur ex duplici coniunctione praedicta.
1305 1799 2056 1853 Ad quartum pot, negari consequentia. Ad probatio
1273 1838 2057 1892 nem dicendum, quod licet maritalis coniunctio conte
1263 1878 2051 1929 nat carnalem compulam aptitudine, tamen non conce
1272 1913 2059 1963 nit eam actu, aptitudo vero ad carnalem compulam po
1269 1960 2002 2008 esse est inter personas virginali castitate possentes
1307 1983 2059 2046 Ad quintum dicendum, quod indiuiduitas matrimo
1270 2026 2063 2081 nii potest dupliciter considerari. Vno modo, inquan
1264 2071 2057 2129 vinculum; Alio modo, quo ad cohabitationem, &toum.
1271 2104 2066 2160 Primo modo non tollitur indiuiduitas matrimonipe
1260 2143 2072 2202 diuorti a celebrata causa fornicationis. Vnde persona po
1264 2183 2069 2243 tens separari a coniuge fornicante non exauditur a iudi
1262 2227 2060 2278 ce, nisi sub hac conditione, quod toto tempore huium;
1266 2267 2057 2322 di separationis caste uiuat, nec licet sibi contraherecu
1260 2310 2074 2375 aliqua persona, viuente coniuge fornicatrice; etsi volus
1266 2346 2054 2411 rit, poterit eidem reconciliari, & matrimomialiter u
1260 2389 1658 2445 ea cohabitare, sicut prius.
1272 2413 2049 2477 sta patent extra de spon: & matria e ex parte. Exquibi
1258 2464 2051 2524 omnibus euidenter apparet, quod per celebrata pnis
1270 2500 2061 2562 liuortia non dissoluebatur vinculum matrimoni Si
1269 2541 2059 2612 secudo modo, indiuiduitas matrimoni potest causam
1260 2588 1492 2638 nicationis tolli.
1302 2597 2039 2686 Est etiam hic aduertendum, quod praedicta diftni
1269 2660 2044 2725 data per Magistrum non conuenit vniuersaliter omnin
1261 2713 2042 2762 tr: monio, sed solum matrimonio fidelium, & mamm
1261 2743 2048 2793 nio consummato per subsequentem catnalem copula
1260 2782 2042 2841 Si enim sic non restringeretur ista diffinitio, tunc di
1258 2821 2045 2873 instantiae insolubiles cutrerent contra eam, quia ponm
1257 2857 2039 2914 quod duo sint coniuges infideles, quorum unus ad h
1260 2903 2038 2953 conuertatur, altero manente in sua infidelitate, uned
1264 2934 2044 2989 uerso ad fidem licet recedere a priori matrimonis Md
1256 2974 2037 3033 nouo contrahere cum persona fideli; maxime sicomil
1258 3018 2028 3080 delis blasphemat fidem, vel fidei creatore. Istud pontd
1262 3062 2036 3119 presse Inno tertius extra de conuersione indelin e nu
1264 3094 2033 3152 o te. Ex quo patet, quod non manet vinculu indindi
1264 3130 2037 3209 quod praefuit in matrimonio infidelium. Er ide pateram
