2406 3553
263 263 1095 322 Primo, quis sit idoneus, & debitus minister conferen
235 316 1079 357 di istud sacramentum. Secundo, vtrum idem homo in
247 355 1075 400 pluribus infirmitatibus, & etiam in eadem diu durantu
238 396 941 435 licite possit istud sacramentum saepe recipere.
277 431 927 475 Et secundum hoc pono duas conclusiones.
280 470 1088 516 Prima est, quod solus sacerdos est istius sacramenti
207 506 1084 557 idoneus d spensator: quia conferre sacramentum, cuius
234 555 1079 600 effectus est remissio peccatorum, solis conuenit sacerdo
234 596 1077 641 tibus: Sed effectus istius sacramenti est peccatorum re-
237 630 615 678 missio, vt patet ex dictis.
232 666 1085 716 Forte dicetur, quod oratio boni laici est efficacior,
231 712 1075 767 quam mali sacerdotis: sed essic acia istius sacramenti con¬
227 751 1074 803 sistit in oratione, cum eius forma sit oratio deprecatiua,
230 788 1069 838 sicut dictum est in 2 ar. erro videtur, quod bonus laicus
228 829 1076 884 melior, & magis idoneus sit dispensator istius sacramen
223 864 599 920 ti, quam malus sacerdos
270 907 1080 950 Respondeo, quod de oratione possumus dupliciter
225 931 1085 993 loqui, Vno modo, vt est publica conueniens alicui ex of
215 986 1079 1027 ficio; Alio modo, vt est priuata conueniens alicui ex vi¬
221 1027 1072 1067 tae merito Primo modo maior est falsa, licet secundo
228 1065 1079 1110 modo sit vera: Et ideo in proposito maior est neganda:
222 1105 1073 1159 quia sacerdos dicens orationem, qua confert istud sacra
221 1147 1072 1188 mentum, quae oratio sibi conuenit ex officio, orat in per
219 1182 1082 1224 sona totius Ecclesiae & ideo, vt sic, eius oratio est effica¬
218 1226 1069 1268 cior oratione cuiuscunque laici, qui orat tamquam per¬
217 1263 614 1311 sona priuata, & singularis
250 1301 1068 1354 Conclusio secunda est, quod istud sactamentum lici¬
222 1342 1068 1386 te poterit iterari: quia sacramentum non derelinquens
226 1383 1067 1427 effectum perpetuum, & indelebilem licite potest itera¬
221 1422 1080 1469 ri: sed istud sacramentum est huiusmodi, quia nullum ef
220 1462 1074 1506 fectum indelebilem imprimit recipienti: ergo &c. Maior
222 1500 1074 1549 patet, quia illa sola causa communiter assignatur, quare
224 1541 1067 1590 baptismus, confirmatio, & ordo, non debent iterari, quia
210 1579 1065 1625 in illis tribus sacramentis confertur recipienti character
212 1622 1075 1671 indelebilis Minor etiam patet ab opposito sensu, quia
225 1663 1064 1715 in collatione istius sacramenti non consertur charactet
213 1699 1048 1756 ipsi recipienti, pro vt communiter omnes concedunt.
243 1742 1076 1790 Forte dicetur contra minorem istius ra ionis, quod
209 1777 1061 1828 saepe contingit, quod alicui homini istud sacramentum
210 1820 1071 1869 suscipienti confertur gratia, vel augmentum gratiae, qui
210 1856 1062 1904 immediate moritur suscepto sacramento: ergo isti sacra
209 1900 1058 1941 mento conuenit habere perpetuum effectum, & indele
219 1935 1059 1984 bilem, Co sequentia patet: quia nullus post morte per¬
215 1974 640 2023 dit gratiam, in qua decessit.
236 2013 1059 2069 2 Praeterea, extremum vitae hominis est vnum tantum,
210 2053 1071 2104 nec potest multiplicari: ergo extrema vnctio vnius ho¬
212 2096 1067 2140 mims debet esse vna, & non debet iterari. Antecedens
215 2146 1054 2189 patet: quia extremum vitae est finis vitae, sed vnius vita
218 2175 1065 2217 vnus est finis. Patet etiam consequentia, quia extrema
216 2215 749 2264 vnctio correspondet extremo vitae.
253 2250 1058 2302 Ad primum dicendo nego consequentiam, loquen¬
207 2294 1060 2335 do de eo, quod per se conuenit isti sacramento, & non
206 2336 412 2390 per accidens
247 2366 1062 2425 Ad probationem dicendum, quod illa indelebilitas gra
215 2411 1067 2463 tiae per accidens recipit sacramentum vnctionis, quia si
212 2461 1057 2510 per se causam haberet istud sacramentum, tunc cuicun
218 2495 1062 2542 que conferretur gratia mediante isto sacramento, illi in¬
209 2533 1063 2581 delebiliter conferretur, quod est falsum: quia tunc quili
209 2571 1055 2617 bet, qui isto sacramento gratiam reciperet, ille confirma
213 2608 1056 2657 tus esset in gratia, quod est falsum, vt de se patet. vnde
204 2648 1064 2703 illa indelebilitas non contingit ratione sacramenti, sed
216 2695 1064 2740 ratione status, in quo incipit esse homo, vel anima ho¬
223 2726 1062 2778 minis: quia sic Deus ordinauit, vt in illo statu, scilicet
213 2765 807 2829 post hanc vitam nullus perdat gratiam
249 2804 1058 2858 Ad secudum dicendum, quod e tremum vitae potest
207 2846 1052 2902 dupliciter accipi; Vno modo, in re; Alio modo, in huma
207 2884 1056 2941 na reputatione. Primo modo antecedens istius instan¬
206 2923 1059 2982 tiae est verum cum sua probatione, sed non secundo mo
211 2968 1055 3016 do, quia idem homo etiam in eadem infirmitate, si diu¬
207 3007 1050 3067 turna est, saepius potest ad talem debilitate venire, quod
218 3051 1052 3096 verisimiliter humana opinione videtur, quod quasi im¬
220 3082 1046 3142 mediate debeat mori Cum igitur extrema vnctio sit dam
216 3123 1050 3180 da homini in extremo vitae laboranti, accipiendo extre
1123 263 1982 337 mum humana reputatione: ideo neganda est consequen¬
1138 319 1970 368 tia. Ad probationem consequentiae dicendum, quod ex
1131 362 1976 415 trema vnctio correspondet extremo vitae non praecise se
1128 407 1978 444 cundum rem, sed secundum ordinatam humanam ex¬
1125 433 1979 505 stimationem, & secundum desiderium, ac indigentiam
1125 475 1307 532 infirmantis
1160 511 1969 565 Ad argumentum pincipale dicendum, quod lices
1124 560 1978 609 maior sit vera, loquendo de effectu principali:tamen ni
1131 596 1975 641 hil repugnat, quin vnum sacramentum possit habere
1129 638 1968 681 vnum effectum principalem, & cum hoc alium effectu
1128 681 1973 724 ex consequenti: sic autem est in proposito, vt patet ex
1121 714 1819 775 praedictis in pluribus locis istius conclusionis
1175 833 1911 916 DISTINCTIO. SIIII
1125 986 1979 1039 Tractatus de sacramentis commimemstatum eccle¬
1163 1028 1973 1086 sic iuuantibus generalis diuisio, ac praesentis distin
1179 1073 1967 1147 ctionis aperta subdiuisio, in qua de facramento on
1177 1123 1599 1191 dinis exacte pertractatur.
1431 1259 1963 1314 VNC ad considerationem. Post¬
1446 1306 1967 1358 qua Magister tractauit de3. sa¬
1447 1346 1974 1395 cramentis respicientibus in specia
1455 1389 1970 1433 i vtilitatem fidelis personae : nunc
1451 1426 1971 1479 incipit tractare de duobus sacra¬
1452 1462 1958 1516 mentis valentibus in generali pro
1449 1506 1970 1546 statu totius Ecclesiae. Et diuiditur
1449 1543 1964 1598 in duas partes: nam primo tractat
1443 1582 1960 1635 de sacramento erdinis, quod va¬
1116 1619 1978 1661 let ad fidelium generationem spiritualem. Secundo de
1110 1659 1977 1700 sacramento matrimonii, quod pertinet ad eorum gene
1113 1699 1965 1740 rationem naturalem, ibi, Cum alia sacramenta. Prima
1119 1743 1952 1785 n duas: nam primo considerat de ordinum distinctio¬
1108 1778 1976 1826 ne: Secundo considerat de eorum collatione, ibi, Solet
1112 1817 1977 1876 etiam quaeri Prima in duas: quia primo agit de quibus¬
1113 1859 1953 1900 dam dispositonibus sactamentum ordinis praecedenti¬
1114 1894 1956 1950 bus Secundo de officiis, & dignitatibus huiusmodi sa¬
1113 1944 1954 1982 cramentum consequentibus, ibi, Sunt & alia Prima in
1098 1976 1952 2026 duas; quia primo insinuat huiusmo di dispositones sa¬
1107 2017 1959 2059 cramentum ordinis ordinare praecedentes Secundo de
1104 2064 1952 2101 clarat, qualiter istud sacramentum comprehendit diuer
1112 2095 1956 2142 sos ordines, ibi, Hostiarii. Prima in tres: quia primo Ma¬
1122 2141 1955 2186 ister ostendit, quid requiritur ex parte animae; Secun¬
1107 2168 1956 2216 do, quid ex parte totius personae; Tertio, quid requiritur
1097 2211 1946 2255 in corpore Ostendit enim, quod ordinandus debet ha¬
1104 2250 1949 2297 bere in anima spiritus sancti gratiam, in persona tota do
1104 2290 1955 2340 ctrinam, & honestam vitam, & in capitis tonsura clerica
1107 2329 1959 2380 lem coronam, vecunda, ibi, Tales autem Tertia, ibi, Co¬
1112 2371 1961 2418 rona decus regale. Sequitur illa pars, Hostiarii Et diuidi¬
1109 2416 1948 2460 tur in 7. partes, secundum quod Magister tractat de 7 on
1112 2450 1954 2498 dinibus, quorum primi quattuor dicuntur ordines mi¬
1098 2487 1946 2536 nores, tres autem sequentes dicuntur ordines maiores.
1109 2526 1949 2575 Et partes patent inlittera. Sequitur illa pars, cunt &
1103 2574 1952 2616 alia. Et diuiditur in duas partes: nam primo tangit sa¬
1101 2615 1951 2660 cramentum ordinis consequentia ad dignitatem perti¬
1110 2644 1961 2701 nentia. Secundo tangit nomina quaedam officia specia¬
1098 2693 1943 2742 liter exprimentia, ibi, vates a vi mentis Prima in duas;
1103 2731 1961 2777 nam primo tangit de Episcopali dignitate, Secundo de
1140 2763 1903 2819 illius dignitatis distinctione, & diuersitate, ibi, Or¬
1169 2811 1872 2857 do autem. Haec diuisio, & per consequens sen¬
1272 2843 1775 2901 tentia istius 23. dist. n generali,
1356 2885 1667 2945 circa quam quaero in
1460 2924 1579 2984 speciali
