2419 3532
417 263 1277 316 Secundo obijcit in contrarium, ibi His autem occurrit.
408 311 1278 361 Prima in tres, quia primo tangit praedictam inhibitionem.
408 351 1272 405 Secundo ostendit graduum consanguinitatis diuersam apud
407 397 1271 441 diuersos fuisse computationem Tertio huius computa¬
411 431 1264 480 tionis reddit rationem. Secunda ibi. Quomodo autem
405 469 1281 524 gradus Tertia ibi, Quare vero, Circa hanc distinctio¬
407 510 590 563 nem quero,
701 586 954 667 Quaestio.  1.
408 739 1249 804 An inter infideles coniunctos ea affinitate Chri¬
519 785 1145 860 stiana prohibita religione, possit esse
628 841 1013 909 uerum matrimonium,
440 1232 1259 1302 VTRVM inter duas personas nfideles infra gradum
449 1287 1241 1339 consanguinitatis, Christiano prohibitum, possit es
403 1324 1253 1368 se verum matrimonium videtur, quod non. Quia duo
402 1366 1259 1414 impedimenta simul iuncta non minus impediunt matri
396 1408 1247 1455 monium, quam vtrumque per se sumptum: Sed tam con
402 1447 1237 1490 sanguinitas per se sumpta, quam etiam infidelitas, impe
396 1482 1240 1527 diunt matrimonium ergo etiam impediunt simul iucta
405 1523 1241 1575 Maior est per se nota. Minor, quantum ad primam sui pa
390 1564 1240 1613 tem, patet, scilicet quod consanguinitas impediat, qui
398 1601 1247 1643 omnis cognatio proprie dicta, impedit matrimonium;
396 1641 1247 1686 sed consanguinitas est cognatio proprie dicta Patet etiam
395 1676 1235 1730 quantum ad secundam partem, quia ratione infidelita
396 1729 1242 1771 tis fidelis cum infideli non potest contrahere matrimo¬
389 1759 1240 1813 nium. Contra Abraam habuit verum matrimonium ci
385 1797 1249 1850 Sara ergo consanguinitas non impedit verum matrimo
387 1841 1242 1892 nium extra fidem Christianam. Antecedens patet, quia
400 1880 1248 1933 alias lsaac, quem Abraam habuit de Sara, non fuisset le
390 1918 1239 1972 gitimus heres, cuius oppositum testatur scriptura, in O
403 1956 1247 2009 ne Patet etiam consequentia: quia Sara fuit filia patris
387 1993 1241 2051 ipsius Abraae ex alia matre, vt patet in Sene. In ista quae
387 2033 1230 2086 stione primo videndum est, quomodo infideles se habe
392 2079 1246 2131 ant ad matrimonium, manente eorum infidelitate, Secun
384 2113 1229 2163 do quomodo se habeant ad matrimonium cessante in
384 2151 1235 2203 fidelitate. Et hoc, quantum ad distinctionem trigesimam
393 2202 1229 2251 nonam Tertio videndum est, quid sit consanguinitas, qui
396 2236 1233 2284 de diuersitate suorum graduum. Et quarto vsque ad quo
386 2271 1233 2330 tum gradum impediatur matrimonium, tam fidelium, quam
384 2308 1128 2376 etiam infidelium. Et hoc quantum ad distin. 4o.
528 2441 1018 2498 RE SOLVTIO.
414 2519 1233 2607 Quamuis infidelis cum infideli verum possit contrahere matri
377 2581 1232 2647 monium, fidelis tamen tum infideli non potest Vnde quando segi
374 2629 1226 2682 timi coniuges de infidelitate ad christianam conuertuntur fidem
375 2658 1229 2730 eorum matrimonium prius contractum non dissoluitur, licet setui
376 2704 977 2764 contingat, ubi personae offenduntur illegitima
508 2790 1132 2851 ARTICVLVS RR
392 2877 1172 2958 Quo modo infideles se habeant ad matimo¬
515 2935 1151 3006 nuum cessante eorum infidelitate.
423 3031 1224 3087 VANTVM ad ptimum pono duas conclusiones.
424 3074 1224 3127 Prima est, quod infidelis cum infideli potest ve¬
1306 256 1866 326 rum contrahere matrimonium.
1318 280 2150 359 1 Quia illi, apud quos potest esse lex, seu ius naturae
1312 350 2156 404 tales possunt matrimonium verum contrahere: Sed
1314 391 2159 448 lex naturae potest esse apud infideles: ergo matrimo¬
1307 437 1725 486 nium potest esse inter eos
1344 444 2163 528 Maior patet, quia sicut dixi superius, matrimoni¬
1317 508 2169 562 um est aliquo modo de lege naturae, cuius etiam si¬
1309 556 2165 606 gnum est, quia homines contraxerunt matrimonium
1318 596 2165 643 nte omnem legem scriptam. Patet etiam minor:
1315 618 2156 670 Quia ad homan dicitur de infidelibus gentilibus, quod
1310 665 2161 710 legem Dei habuerunt scriptam in cordibus suis: Hoc
1307 706 2162 760 autem non potest intelligi, nisi inquantum habue¬¬
1305 751 2166 806 runt legem naturae, qur includit legem Dei, quantum
1314 790 1757 841 ad decem praecepta decalogi¬
1344 827 2155 881 2 Praeterea, quibus nihil eorum repugnat, qua
1311 867 2156 915 ad verum matrimonium requiruntur, illis vere po¬
1304 901 2163 958 test competere matrimonium: Sed, duobus infideli¬
1313 944 2153 1009 bus personis possunt conuenire omnia, quae ad verum
1307 984 1910 1038 matrimonium sunt necessario requisita.
1312 1009 2156 1076 Maior patet. Minorem probo; quia omnia, quae in
1315 1060 2156 1105 diffinitione matrimonii ponuntur, possunt infidelibus
1303 1106 2164 1148 conuenire: Sed necessario requisita pro matrimonio,
1299 1142 2156 1191 debent tangi in eius diffinitione. Maior patet: haec est
1304 1183 2155 1229 enim diffinitio matrimonii secundum Hugonem de
1314 1218 2155 1264 ancto victore, Matrimonium est maris, & feminae
1305 1259 2161 1307 coniunctio, indiuiduam vitae retinens consuetudinem.
1303 1300 2157 1350 Sed omnia, in ista diffinitione posita, conueniunt
1303 1339 2154 1391 etiam infidelibus, vtroque manente infideli. Minor
1312 1378 2155 1435 etiam patet, quia cum accidens non solum per essen¬
1301 1422 2156 1474 tialia, verumetiam per additamenta diffiniatur, vt pa¬
1302 1457 2153 1503 tet septim. Metaph videtur, quod in sua diffinitione
1296 1499 2147 1561 completa, nihil debeat omitti de his, quae ad ipsum suns
1307 1535 1610 1588 necessario requisita.
1325 1578 2154 1632 Sed contrarium istius tenet quaedam opinio, pro qua
1295 1611 1733 1669 potest argui sic.
1305 1632 2144 1713 1 Nullum sacramentum ecclesiae potest alicui con¬
1303 1697 2144 1749 uenire, nisi sit baptixatus: Sed matrimonium est sa¬
1292 1735 2154 1793 cramentum ecclesie, & infideles, puta, ludaei, & Sen¬
1296 1778 1818 1829 tiles non sunt baptixati, ergo &c
1332 1795 2141 1869 Maior patet, quia baptismus est ianua intrandi ad alis
1287 1836 2154 1912 sacramenta, & est fundamentum omnium aliorum sacta
1296 1892 1745 1950 mentorum. Minor de se patet
1299 1912 2153 1994 2 Praeterea, vbicumque deficit signatum, ibi si¬
1302 1982 2141 2034 gnum non est verum, sed falsum: Sed matrimonium,
1300 2018 2139 2069 sicut & quodlibet aliud sacramentum, est quoddam signu
1290 2058 2146 2098 cuius signatum deficit in statu infidelium: ergo &c Ma¬
1294 2091 2142 2147 ior patet, quia signum, & signatum, dicuntur relatiue:
1284 2133 2150 2188 Sest perempto vno relatiuorum, perimitur & alterum;
1299 2176 2149 2231 gitur vbi deficit signatum, ibi non potest esse verum si¬
1293 2211 2150 2263 gnum. Probatur minor: quia matrimonium signat con¬
1284 2259 2144 2319 iunctionem Christi cum ecclesia, de qua coniunctione
1295 2287 1626 2344 infideles nihil tenent
1296 2314 2132 2391 3 Praeterea, Deatus Augustinus dicit, quod non
1287 2373 2144 2433 est ratum coniugium, quod sine Deo est. Et habe¬
1290 2411 2135 2451 tur haec auctoritas vigesim aoctaua questione prima,
1277 2451 2131 2512 Sed coniugium infidelium sine Deo est: Nam sine fido
1287 2496 2099 2541 impossibile est placere Deo, vt dicitur ad Hebreos.
1288 2536 2141 2583 2 Praeterea, si inter infideles verum esset matrimonium,
1287 2575 2131 2633 tunc actus carnalis copulae talium infidelium, qui habe
1288 2610 1899 2661 rent matrimonium, non esset peccatum.
1287 2655 2123 2697 Consequentia patet, quia verum matrimonium ex
1278 2687 2124 2741 cusat huiusmodi actum a peccato, vt dictum est supra d
1279 2726 2123 2780 stinctione trigesima prima, artic secundo. Sed falsitas com
1281 2760 2128 2828 sequentis probatur, quia ad Homa. dicitur. Omne, quod
1272 2810 2128 2865 non est ex fide, peccatum est. Et ibidem dicitur in glos¬
1275 2838 2132 2907 Omnis vita infidelium, peccatum est: Sed, carnalis copu
1278 2887 2126 2947 la infidelium non est ex fide, & procedit auita infidelium,
1278 2919 1484 2974 ergo &cetera
1284 2963 2126 3024 Sed ista non concludunt. t. quia extra de diuortus,
1276 3008 2114 3054 capitulo gaudemus ex dictis Apostoli euidenter oster
1275 3041 2121 3108 ditur, quod inter personas infideles verum potest esse
1259 3081 1511 3137 matrimonium.
