2436 3560
414 269 1265 336 resistentiam medii: tamen illa maior non est vera, loquen
420 328 1264 370 do de motu animali, & processiuo; quia etiam si esset da
412 366 1262 411 re vacuum, per quod animal motu processiuo mouere¬
415 408 1256 458 tur, adhuc huiusmodi motus tempore mensuraretur: quia
408 447 1259 493 & si in tali motu non requireretur tempus propter tesi¬
411 484 1265 534 stentiam medii, tamen requireretur propter resisten¬
418 524 1260 571 tiam mobilis ad motore. Cum igitur corpus gloriosum
426 569 1258 610 er alia corpora modo supradicto non moueatur motu
408 606 1256 647 naturali, sed potius animali, & proctessiuo: ideo motus
411 642 1266 685 eius tempore mensurabitur, dato etiam, quod in tali
414 686 1037 729 motu nulla sit resistentia ex parte medi.
413 726 1258 772 Forte dicetur, quod istud non valeat: quia secundum
418 757 1266 808 dicta sanctorum sicut anima beata perfecte obedit ipsi
414 798 1250 852 Deo, sic eorpus glorificatum perfecte obedit ipsi animae
407 836 1253 879 & est perfecte in ipsius animae potestate: Sed quod per¬
400 873 1259 928 fecte obedit, hoc nullam dat resistentiam: ergo etiam
409 917 1258 958 in motu beatorum hominum progressiuo nulla videtur
409 954 1262 1002 esse temporis apposito propter resistentiam mobilis
408 996 610 1046 ad motorem
446 1029 1250 1079 Hic potest dici, quod huiusmodi perfecta obedientis
414 1075 1255 1121 corporis ad animam intelligenda est quantum ad vires
403 1113 1255 1162 sensitiuas, quae nullam vlterius ostendent rebellionem
414 1154 1256 1197 contra superiorem animae portionem. Etiam si attendi¬
415 1196 1259 1245 tur ista obedientia corporis, quo ad molem, & grauita¬
402 1236 1256 1281 tem corporalem in ordine ad motum, tunc non est sic
396 1271 1262 1321 accipienda, quod nihil ponderis, & grauitatis se teneat
413 1312 1254 1354 ex parte corporis: Semper enim manet aliquid ponde¬
405 1354 1247 1392 ris, ratione cuius corpus a virtute finita non potest mo¬
404 1389 1259 1433 tu progressiuo moueri in instanti: Sed pro tanto ista obe
405 1431 1256 1476 dientia dicitur esse perfecta, & sine resistentia: quia tan¬
402 1477 1244 1520 tum supereminet virtus animae super huiusmodi corpo¬
405 1512 1245 1561 ris grauitatem, quod in quacumque voluerit velocitate
403 1553 1245 1600 mensurabili tamen tepore, poterit corpus mouere abs¬
402 1589 1245 1638 que omni lassitudine, & fatigatione Et ex hoc ad forma
404 1632 1253 1681 argumenti dicendum ad minorem, quod licet illud, quod
409 1667 1252 1706 perfecte obedit, nullam praebeat resistentiam inducen¬
402 1706 1254 1752 tem lassitudinem in suo motore, tamen ex hoc non ha¬
404 1748 1251 1788 betur, quin talem praebeat resistentiam, ratione cuius
403 1785 821 1832 motus eius fiet in tempore
441 1815 1249 1867 Sunt etiam quidam doctores, qui causam istius com¬
415 1865 1253 1911 ossibilitatis duorum corporum in eodem loco dicunt
406 1906 1244 1950 dotem subtilitatis, prout ea mediante tollitur grossicies
402 1947 1254 1995 torporis: Sed, quod istud non valeat, ostendi incidenter,
400 1984 1252 2033 dist. 1c. qu. tartic. 1 in responsione instantiae ductae contra
406 2029 1244 2079 primam rationem. Multi sunt etiam modi dicendi alio¬
397 2069 1248 2115 rum diuersorum doctorum, quorum recitationem ad
404 2100 892 2146 praesens causa breuitatis omitto
422 2142 1238 2192 Per praedicta etiam patet responsio ad instantiam fa
392 2176 1244 2231 ctam contra conclusionem: quia subtilitas non conuenit
402 2223 1252 2269 corpori glorificato per carentiam materiae, sed per com
411 2267 1238 2314 ossibilitatem essendi cum alio corpore, quam modo
409 2303 1244 2351 praedicto habet a Deo effectiue, & ab anima meritorie,
406 2341 1250 2383 ic aliquo modo determinatiue per liberum suum vel¬
404 2383 1242 2426 le, vt iam dictum est in responsione primae instantiae hic
403 2420 526 2470 dductae.
438 2459 1244 2509 Ad primum argumentum factum contra minorem
396 2502 1241 2546 dicendum, quod consequentiam Arist. credo esse veram,
391 2541 1240 2583 nec consequens est contra me: Quia sicut sola virtute di
397 2586 1233 2626 uina duo corpora possunt simul esse in eodem loco, sic
389 2616 1247 2667 si Deus vellet, infinita corpora absque repugnantia pos¬
393 2656 1242 2701 sent esse in eodem loco, vt apparet ex his, quae dixili. 2.
387 2695 631 2749 dist. 1. q. 2 art 4.
432 2735 1241 2785 Ad secundum, nego antecedens: quia oppositum eius
386 2777 1241 2829 probaui dist 10 qud itart. 1. & ibidem rationibus contrarie
387 2814 1238 2857 opinionis est responsum. Etiam communis doctrina ne¬
389 2854 731 2906 garet consequentiam.
437 2892 1235 2946 Ad tertium, nego antecedens, loquendo de potentia
394 2929 1241 2975 Dei: quia per absolutam Dei potentiam posset, si Deo
396 2970 1241 3021 placeret, vtum corpus gloriosum simul esse in eodem
391 3015 1235 3050 loco cum altero corpore glorioso: Vnde si istud antece¬
402 3053 1229 3096 lens inueniretur dictum ab aliquo sanctorum, tunc de¬
402 3100 1242 3143 et intelligi de potentia Dei ordinata, qua Deus solum
390 3128 1241 3198 dicitur illa posse, quae ab aeterno fieri ordinauit, de quo-
1309 266 2165 329 rum numero non treditur esse illud, scilicet quod vnum
1308 322 2170 368 corpus gloriosum simul sit in eodem loco cum altero
1311 361 2157 413 corpore glorioso: Sed, quod quandoque corpus glorio¬
1313 409 2168 447 um sit cum corpore non glorioso, hoc ab aeterne credi¬
1309 441 2172 486 mus a Deo esse infallibiliter ordinatum: Et ideo istud
1307 479 2164 529 communius dicitur esse possibile: quia eius possibilitas
1314 517 2162 566 reducitur ad potentiam Dei ordinatam. Sed inquan¬
1317 564 2172 605 tum ista compossibilitas corporis glorificati cum alio
1308 595 2156 643 corpore reducitur ad animam beatam, tunc neganda
1308 641 2168 688 est consequentia. Ista enim compossibilitas duorum
1303 677 2158 721 corporum, quamuis sit effectiue a Deo, tamen ab ani¬
1305 726 2158 761 ma est ineritorie, & etiam aliquo modo determinatiue
1299 756 2156 805 a velle ipsius animae, prout virtus diuina ad hoc se deter
1298 797 2168 839 minauit, quod quando vult anima, quod corpus suum
1312 836 2159 879 sit cum alio corpore, tunc immediate cooperatur sibi
1305 877 2158 930 virtus diuina, quod hoc fiat: Sed nunc est ita, quod quam¬
1302 914 2163 960 uis anima meruerit, quod corpus suum esse possit in eo¬
1309 954 2153 997 dem loco cum corpore non glorificato, tamen non me
1296 999 2158 1050 ruit, quod corpus suum esse possit cum corpore alio glo
1305 1033 2150 1079 rificato in eodem loco, nec hoc vult: quia huiusmodi vel
1301 1074 2154 1115 le esset inordinatum, & per consequens non potest cade
1299 1115 2157 1167 re in animam beatam, cuius nullus actus potest esse in¬
1302 1153 1463 1197 ordinatus.
1332 1181 2154 1239 Ad probationem consequentiae dicendum, quod ma
1295 1228 2153 1278 ior in proposito non est vera: quia similitudo non est
1306 1275 2159 1315 causa praedictae compossibilitatis: quia causaliter est re¬
1306 1311 2152 1353 ducenda in potentiam Dei, & in meritum, & velle ipsius
1293 1357 2159 1396 animae beatae. Etiam in aliis rebus quandoque similitu¬
1291 1391 2153 1431 do magis est causa incompossibilitatis, quam compossia
1300 1429 2149 1474 bilitatis: Nam albedo cum albedine maiorem habet si¬
1296 1470 2151 1514 militudinem, quam cum dulcedine, & tamen albedo cum
1299 1509 2151 1549 dulcedine potest esse simul in eodem subiecto; duae au¬
1290 1549 1892 1596 tem albedines non possunt esse simul
1329 1577 2154 1634 Ad quartum concedo consequentiam, & nego falsita
1287 1627 2150 1672 tem consequentis, loquendo de superficie corporis con¬
1291 1667 2152 1718 tinentis, de qua procedit ratio, vt patet in probatione
1290 1706 1603 1758 ipsius consequentiae
1320 1748 2149 1793 Ad probationem falsitatis ipsius consequentis dicen
1283 1792 2140 1833 dum, quod & Si sit impossibile plura corpora terminari
1285 1827 2142 1874 ad eundem terminum intrinsecum: tamen hoc non est
1293 1867 2148 1910 impossibile, loquendo de termino extrinseco: sed vltima
1283 1907 2145 1957 superficies corporis continentis est terminus extrinse¬
1289 1946 2056 1992 cus corporum infra ipsam contentorum:igitur &c
1332 1983 1872 2039 Ad quintum, nego consequentiam
1330 2024 2144 2078 Ad probationem dicendum, quod illo casu posito,
1285 2068 2138 2109 tunc illae lineae erunt duae, & non vna tantum. Et cum di
1285 2109 2142 2156 citur, inter duo puncta &c. dico, quod illa regula Qeo¬
1296 2147 2148 2185 netriae debet intelligi de punctis intrinsece lineam ter¬
1293 2184 2139 2225 minantibus: sed praedicto casu posito, tunc illa duo pun
1284 2223 2141 2264 cta signata in loco, non sunt termini intrinseci alicuius
1293 2263 2139 2313 lineae fundatae in corporibus contentis, seu locatis, eo,
1293 2309 2142 2356 quod subiectiue illa puncta distinguantur a qualibet li
1287 2343 2137 2388 nea subiectiue in corporibus locatis existente: & ideo
1289 2384 2138 2431 posito praedicto casu, tunc illis duabus lineis reipondent
1303 2423 2147 2471 uattuor puncta, quibus huiusmodi lineae intrinsece ter
1285 2466 2142 2512 minantur, quae puncta non fundantur subiectiue in su
1297 2503 2141 2552 perficie concaua corporis locantis, quae superficies est
1287 2544 2135 2593 ipse locus, sed fundantur in superficiebus conuexis eor¬
1284 2583 2131 2627 porum locatorum. vel potest dici, quod Si Deus tollit
1281 2625 2132 2667 ab vno istorum corperum positionem, quae dicit ordi¬
1285 2656 2138 2705 nem partium in loco, tunc praedicto casu posito, solum
1287 2698 2141 2738 erit ibi vna linea, & non plures; & tunc ad probationem
1294 2741 2129 2784 le dualitate subiectorum dico, quod hic non erunt duo
1289 2777 2131 2825 subiecta illius lineae, quia proprie loquendo, tunc linea
1290 2818 2135 2863 lla solum transiret illud corpus, quod haberet positio
1285 2858 2129 2910 nem, sicut enim linea tracta per quantitatem panis, quae
1281 2898 2133 2939 est in sacramento altaris, non est subiectiue in corpore
1284 2935 2131 2981 Christi, quamuis corpus Christi sit simul cum illis accin
1283 2974 2125 3021 dentibus; & hoc pro tanto, quia corpus Christi non est
1288 3015 2130 3064 ub illis accidentibus secundum positionem quae di. it
1283 3059 1981 3102 ordinem partium in loco, sic in proposito &c
1320 3088 2122 3138 Argumenta, quae adduxi contra istos curiosos philo¬
1284 3133 2128 3187 sophos, quamuis non concludant, tamen pro nunc ad ea
