2414 3571
273 313 1106 373 uae sunt respectiua, fundantur in suis sundamentis, tam¬
273 358 680 411 uam in subiectis proximis.
269 402 1107 453 Sed contra, ista est primo, & directe opinio quorundam
261 441 1106 488 qui dicunt, quod quodlibet accidens in sacramento alt¬
258 484 1121 533 ris existens est omnino sine subiecto, tam primo, quam
256 517 404 572 proximo.
260 551 1119 597 1. Quia, vt isti dicunt, nihil potest dependere tali de¬
263 597 1111 652 pendentia, qualem terminat: sed omne accidens depen¬
267 635 1112 690 det dependentia subiectiua, quae dependentia proprie ter
257 676 1103 728 minatur ad subiectum: ergo nullum accidens potest essi
252 715 1119 762 subiectum, & per consequens sublata substantia panis, vel
270 755 1105 798 rini, omnia accidentia remanentia manent sine subiecto
260 796 1105 840 2 Praeterea, substantia ponitur in diffinitione cuiusli.
255 831 1108 876 bet accidentis, vt patet. 7. methaph sed non ponitur in hu
252 872 1118 918 ausmodi diffinitione, nisi prout est subiectum accidentis;
254 912 1114 959 ergo substantia est subiectum cuiuslibet accidentis, & per
253 953 1118 1000 consequens accidens non subiicitur accidenti: Propter quod
264 990 1107 1048 ablata substantia, quodlibet accidens manet absque subiecto
300 1030 1115 1077 3 Praeterea, philosophus. 4. meta. dicit, quod accidens
265 1074 1122 1121 non accidit accidenti, nisi ambo accid ant eidem, sci¬
252 1109 1125 1157 licet substantiae, nihil enim magis hoc illi, quam illud
265 1147 1110 1192 huic accidit: sed in sacramento, datis quibuscumque duo¬
271 1190 1121 1237 bus accidentibus, illa duo non accidunt substantiae : ergo
262 1225 649 1277 nec vinum accidet alteri.
273 1262 1111 1316 Sed ista opinio contradicit sensui: quia ad sensum vide
270 1308 1110 1357 mus, quod albedo in sacramento est extensa: omne auti
270 1340 1109 1395 extensum, vel est extensum essentialiter, vel accidentali¬
268 1387 1112 1433 ter. Et hoc dupliciter: quia vel recipit in se illud, quod ess
259 1421 1116 1463 essentialiter extensum, vel quia recipitur in essentialiter
267 1472 1121 1514 extenso. Primo modo albedo non est extensa: quia illo
270 1512 1113 1549 modo est extensa sola quantitas continua, a qua differi
277 1538 1117 1583 ilbedo etiam praedicamento, cum sit essentialiter de prae
279 1579 1113 1630 dicamento qualitatis. Nec secundo modo: quia sic est ex¬
270 1619 1121 1666 tensa ipsa substantia, & specialiter materia prima, quia di
275 1654 1128 1709 mensionibus numquam separatur secundum intentionem
273 1695 1112 1743 Commentatoris, vt patet in de substantia orbis: ergo so¬
264 1744 1121 1791 lum tertio modo albedo dicetur extesa, & per consequens
276 1784 1100 1829 est in quantitate recepta tamquam in proximo subiecto.
288 1812 1125 1866 Ad primum motiuum istorum dicendum, quod ma¬¬
267 1854 1124 1905 ior non est vniuersaliter vera: quia creatura dependet a
273 1896 1126 1945 Deo in genere causae efficientis:  tamen multae sunt crea
280 1935 1130 1982 turae, quae terminant illius generis dependentiam, cum
261 1972 1048 2025 multae sint creaturae aliquarum rerum productiuae.
319 2012 1117 2061 Ad secundum dicendum, quod substantia ponitur in
283 2050 1132 2106 diffinitione cuiuslibet accidentis, tamquam subiectum
269 2088 1121 2147 primum, & per hoc non excluditur, quin vnum accidens
288 2125 880 2181 possit esse alterius subiectum proximum
311 2159 1124 2228 Ad tertium dicendum, quod licet, naturaliter loquen
276 2204 1127 2255 do, quo modo loquitur Aristo. vnum accidens non possit
273 2243 1127 2302 occidere alteri tamquam subiecto proximo, nisi ambo ac
271 2298 1121 2335 cidant substantiae tamquam subiecto primo: supernatura¬
276 2324 1114 2386 liter tamen per infinitam Dei potentiam istud fieri potest
410 2407 969 2470 AR TICV 1 V S it.
270 2456 1122 2527 Vtrum talibus accidentibus sine subiecto existenti¬
477 2506 923 2576 bus conuemat aliqua actio.
358 2591 1127 2644 VANTVM ad tertium articulum dicendum, quod
408 2636 1125 2689 licet illud, quod peritur in articulo isto, ab aliqu
286 2680 1134 2728 bus vertatur in dubium: tamen hoc faciunt absque ne¬
290 2723 1135 2766 tessitate. Quia obiectum potentiae sensitiuae vera actione
290 2760 1129 2811 agit in hurusmodi potentiam: Sed ista accidentia quam¬
294 2795 1136 2846 uis sint separata a substantia: tamen vere retinent omne
282 2838 1127 2887 illud, quod spectat ad obiectum potentiae sensitiuae. qui¬
291 2884 1138 2932 qualitates sensibiles sunt in ipso sacramento coniunctae
288 2919 1136 2975 quantitati, & per consequens actualiter possunt agere in
291 2950 1142 3007 ipsum sensum: nam licet sensibile proprium, puta, color
288 2997 1131 3046 non possit mouere actualiter visum sine sensibili com¬
288 3028 1142 3082 muni, puta, sine magnitudine: quia albedo separata a ma
291 3068 1134 3128 gnitudine esset indiuisibilis, nec econuerso sensibile com¬
298 3115 1145 3161 mune sine sensibili proprio: numquam enim magnitudo,
297 3160 1142 3209 vel figura, quae sunt sensibilia communia separata ab omni
1155 311 2004 376 qualitate possun immutare sensum: quia vt sic, essent res
1156 362 2016 414 mathematicae, quae abstractae sunt a sensibus: tamen quan
1152 400 2003 444 do ista sunt simul coniuncta, tunc vere possunt agere in
1150 441 1368 495 ipsum sensum
1180 478 2029 533 Sed contra istud aliqui arguunt sic. Solum illa agunt.
1152 517 1993 564 inuicem, & patiuntur ab inuicem, quae communicant in
1162 558 1995 605 materia: sed ista accidentia cum nulla re corporali com¬
1156 599 2004 641 municant in materia, cum sint a materia separata : ergo
1152 643 2012 685 &c. Maior patet, & ponitur primo de generatione. Minor,
1152 678 2005 720 supponitur ex determinatione ecclesiae superius allega¬
1164 716 2009 767 ta, qua dicitur, quod substantia panis, & vini conuertitur,
1157 754 1636 804 in corpus, & sangumem Christi.
1183 792 2000 841 2 Praeterea, agens, & patiens, quamuis in principio
1148 831 2009 885 actionis sint dissimilia: tamen in fine debent esse similia¬
1158 880 2010 918 ergo si ista accidentia agerent in aliquam rem corporalem,
1165 909 1995 955 tunc in fine actionis illa res careret materia, sicut ista ac¬
1150 957 2002 1004 cidentia, alias passum in fine actionis non esset assimila¬
1150 989 1392 1049 tum ipsi agenti.
1195 1027 1511 1075 lsta non concludunt
1181 1066 2001 1112 1 Quia ab istis accidentibus experimentaliter perci¬
1160 1105 2008 1156 pimus quemlibet nostrum sensum immutari: hic enim¬
1157 1150 2013 1198 visus noster percipit colorem, odoratus odorem, gustus.
1162 1198 2007 1241 aporem, tactus duritiem, & asperitatem, auditus sonum
1164 1225 1495 1278 factum per fractionem
1189 1263 1994 1318 2 Item, si aliquid cadere: in accidentia vini, quae rema
1156 1305 1997 1359 nent, non minus humectaretur ab illis accidentibus, quam
1152 1342 1608 1392 si mansisset ibi substantia vini¬
1193 1382 2009 1434 3 Item, si aliquis multum biberet de talibus acciden¬
1160 1418 2009 1469 tibus a forti vino in sacramento relictis, non minus ficret
1154 1460 2015 1513 ebrius, quam si biberet verum vinum. Ex his, & multis:
1157 1498 2022 1546 alijs consimilibus patet, quod istis accidentibus compe¬
1160 1537 1586 1586 tunt vere, & reales actiones.
1182 1580 2003 1630 Ad primum in contrarium dicendum, quod auctorita
1164 1621 2005 1658 tes Arist. non valent in isto proposito: quia ipse non con¬
1160 1654 2008 1709 cederet accidentia esse sine subiecto primo: tamen si
1171 1697 2010 1748 noc concederet, ipse consequenter haberet dicere, quod
1168 1735 2008 1783 ad agere, & pati sufficeret communicatio in materia se¬
1161 1776 2008 1822 cundum aptitudinem: talis autem communicatio est in
1177 1812 1446 1866 proposito: ideo &c.
1207 1850 2010 1902 Ad secundum dicendum, quod talis similitudo in fine
1161 1900 2007 1940 transmutationis acquisita non est attendenda quantum
1159 1935 2012 1978 ad materiam: quia illa praesupponitur, vel actualiter: si¬
1168 1968 2009 2018 cut in his, quae naturaliter existunt, vel saltem aptitudi¬
1158 2007 2016 2059 naliter: sicut in istis accidentibus, quae supernaturaliter
1166 2055 2009 2099 existunt: sed huiusmodi similitudo est attendenda penes
1160 2090 2015 2142 formam, & hoc est in proposito, vt de se patet: quia si ista¬
1167 2127 2012 2182 accidentia essent calida, illud, in quod agerent in fine, ef¬
1177 2165 1646 2228 iceretur calidum: & sic de alijs.
1318 2239 1906 2301 ARTICVLVS IIII
1167 2281 2003 2361 Vtrum huiusmodi accidentia possint in omnem acto¬
1230 2337 1946 2406 nem, n quam natur aliter potuerunt, quando
1387 2389 1799 2455 in sus subiectis fuerinmt.
1179 2479 2019 2541 SVANTVM ad quartum articulum dioo, quod ac¬
1280 2520 2024 2568 cidentia separata virtute diuina possunt in om-
1163 2560 2023 2602 nem operationem, in quam potuerunt, quando fuerunt
1170 2595 1517 2642 suis subiectis coniuncta
1179 2626 2022 2682 1 Quia si non, tunc sensibili experimento possemus per
1178 2680 2011 2727 cipere, seu cognoscere substantiam panis esse conuersam in
1179 2715 2008 2762 corpus Christi. Falsitas consequentis patet: quia sola fide
1169 2761 2009 2801 tenemus corpus Christi sub illa apparentia panis, Conse¬
1173 2793 2009 2848 quentia etiam patet: quia si dictis verbis consecrationis acci¬
1182 2839 2012 2882 dentia separata non possent in huiusmodi operationem, in
1188 2876 2010 2925 uam ante consecrationem potuerunt, tuc vel hoc semper
1172 2907 2010 2963 contingeret, facta consecratione, vel quandoque contingeret,
1169 2951 2009 2997 & quandoque non. Si primo modo, tumc euidenti experimento
1183 2984 2019 3035 cognosceremus talia accidentia carere subiecto substantiali
1173 3029 2020 3073 & p consequens ibi esse corpus Christi, in quu huiusmodi
1171 3067 2024 3110 substantia esset conuersa. Si secudo modo, tuc huiusmodi im
1184 3106 2030 3153 pedimentum operationis non inueniret rationem separatio;
1176 3149 2027 3204 nis accidentium: quia ad vniformen positonem causae vnifora:
