2410 3548
273 267 1110 327 2 Ad secundum dicendum, quod intelligendo per
246 322 1107 369 motum localem simplicem transmutationem corporis
246 361 1100 403 de vno loco ad alium locum, tunc non reputo conse¬
247 396 1094 441 quens impossibile, ipsum ad potentiam Dei referendo.
254 444 815 490 hicut etiam tetigi superius dist. 10. qu. i
295 477 1092 522 Ad probationem dicendum, quod supposito, quod Deus
254 516 1099 555 transferat corpus in instanti de loco ad locum, tunc hu¬
249 556 1096 602 iusmodi motus, seu translatio componeretur ex partibus
252 594 1084 642 indiuisibilibus, & per consequens inter huiusmodi par
253 635 1103 676 tes non erit prius, & posterius tempore, sed solum natu¬
253 672 1093 719 ra. Sicut enim graue, si moueretur per spacium, & vacuum
255 712 1090 764 prius natura esset in medio, quam in fine illius spacii: quia
258 753 1092 800 per medium transiret ad finem, & tamen totum illum
252 793 1093 837 transitum faceret in instanti, vt patet. 2. physic. & sicut so
258 830 1100 878 se apparente super orixonte nostri emisperii, aer prius na
250 872 1098 915 tura illuminatur in oriente, quam in occidente, & tamen
258 909 1094 950 simul in eodem instanti lumen solis recipitur in oriente
260 948 1098 993 & in occidente, vt patet. 2. de anima: sic in proposito &c
253 989 1097 1034 Virtus enim infinita aequa uelocitate potest eorpus moue
252 1034 1102 1073 re per medium plenum, etiam si esset plenum ferro, sicut
251 1065 1091 1118 virtus finita per medium vacuum: quia quantum velocita
255 1111 1090 1155 tur motus in vacuo, ex eo, quod medium nihil resistit; tam
252 1147 1097 1191 tum velocitabitur in pleno, si virtus motoris resistentiam
261 1179 1096 1233 medij sine omni proportione in infinitum excedit, & per
246 1234 1095 1273 consequens dato, quod in huiusmodi motu sit suceessio
249 1271 1088 1312 naturalis, ex eo, quod vna pars eius prioritate naturae pra
249 1300 1091 1351 cedat alteram partem: tamen non erit suceessio tempora
259 1342 1092 1386 lis, eo, quod in huiusmodi partibus nulla sit prioritas te¬
252 1382 1088 1434 poris. Etiam omnia illa, ad quae ducit probatio consequen
258 1427 1100 1468 tiae, sunt possibilia virtute diuina, dato, quod non possint
249 1460 1093 1505 fieri virtute creata. Si enim virtus diuina non posset aeren
257 1498 1097 1542 condensare, vel pellere in instanti, tunc Deus non posset
257 1537 1097 1584 in instanti de acre facere ignem: quia ex vno pugillo ae¬
261 1576 1092 1620 ris fiunt decem ignis, & per consequens, multo maiorem
248 1615 1094 1663 locum occupabit ignis genitus, quam aer, ex quo genera
262 1653 1094 1698 tur. Etiam si quis vellet se in ista materia profundare, dis
259 1694 1086 1738 ficile esset euadere, quin oporteret concedere impulsio
249 1733 1095 1776 nem vel attractionem aeris virtute naturali, quandoque
246 1775 1100 1822 fieri in instanti: quia supposito, quod lignum, vel aliquod
257 1814 1091 1861 aliud combustibile sit vltimate dispositum ad recipiendi
253 1851 1092 1901 formam ignis, tunc etiam virtute naturali ex huiusmodi
257 1896 1102 1935 combustibili generabitur ignis in instanti: quia etiam, na
265 1932 1095 1975 turaliter loquendo, tempus non requiritur pro formae sub
258 1968 1095 2018 stantialis introductione, quamuis requiratur pro recipien
261 2008 1097 2057 tis materiae dispositione; & tamen non est dubium, quod
256 2046 1096 2095 ignis genitus, occupabit in centuplo maiorem locum, quam
255 2088 1091 2136 illud lignum vltimate ad formam ignis dispositum. Qui¬
263 2124 1105 2180 quid tamen sit de virtute naturae, istud non debet negari
254 2166 679 2211 esse possibile diuina virtute.¬
296 2197 1100 2258 Ad tertium, nego consequentiam. Ad probationem di
256 2249 1109 2290 cendum, quod licet ista conclusio ponat supradicta fieri
258 2284 1096 2329 in eodem instanti, tamen ex hoc non negat omnem suc¬
258 2330 1096 2371 cessionem: quia secundum quod intor aliqua est ordo prio
263 2362 1093 2415 ris, & posterioris, secundum hoc potest inter ea esse suc¬
265 2413 1105 2451 cessio. Sed ordo, secundum prius, & posterius, natura po¬
256 2444 1097 2486 test esse in eodem instanti: ergo quamuis suceessioni tem
257 2482 1090 2538 potali repugnet habere mensuram indiuisibilem, &
250 2516 1105 2564 instantaneam: hoc tamen non repugnat suceessioni
250 2557 525 2613 naturali.
290 2597 1105 2647 Porte dicetur, quod verba Exech. videntur sonare de priori
262 2645 1099 2693 & posteriori, secundum tempus, & non solum secundum
267 2673 1098 2723 naturam, & per consequens, videntur innuere suceessio
255 2724 1105 2771 nem temporalem, & non solum suceessionem naturalem
264 2763 1106 2812 propter quod ista conclusio, negando circa praedicta, suc¬
264 2803 1101 2843 cessionem temporalem, adhuc videtur scripturae con-
258 2838 416 2885 tradicere.
280 2868 1100 2921 Respondeo, quod Exechiel ordinem naturae exprimit
267 2917 1103 2958 per modum ordinis temporalis propter intellectum ru¬
268 2950 1097 2996 dium, & simplicium, quibus loquebatur. Sicut etiam
267 2989 1107 3034 Movses fecit exprimendo mundi creationem, vt testatur
257 3032 545 3085 Deatus Augustinus
293 3073 1108 3122 Ad argumentum principale, nego minorem. Ad pro¬
261 3114 1097 3167 bationem dicendum, quod maior non est vera, supposito
1155 256 1991 331 quod alterum extremorum illius coniunctionis, non ma
1143 327 1989 374 neat aeque dispositum, sicut fuit in principio illius coniun
1143 360 1984 408 ctionis. Si enim opposito modo fuerit dispositum, tunc
1144 398 1991 442 sicut primo coniunctio huiusmodi extremorum fuit na¬
1140 439 1982 491 turalis, propter dispositiones propositas, sic postea separa
1149 482 1982 524 tio eorum erit naturalis, propter dispositiones onpositas:
1150 523 1982 570 quia actus actiuorum habent esse in patiente, & disposi¬
1150 556 1995 601 to, vt dicitur 2. de anima. Sicut enim graue naturaliter,
1145 602 1994 643 quiescit deorsum, sic naturaliter recederet de eo, si deor¬
1143 635 1985 685 sum fieret sursum. Sed nunc est ita, quod in puncto mor¬
1146 677 1990 723 tis ipsius hominis, corpus humanum habet oppositas dis
1155 719 1979 759 positones his, quas habuit in principio, quando rationa¬
1143 749 1992 796 lis anima sibi fuit coniuncta: ideo separatio non est dicen
1143 790 1986 833 da violenta, sed potius naturalis, non obstante, quod prae
1141 834 1766 879 cedens coniunctio etiam fuerit naturalis.
1233 948 1890 1026 DISTINCTIO SLIII
1146 1065 1979 1153 Facilis huius distinctionis diuisio, mn qua de resurgen¬
1320 1136 1819 1200 tium conditione pertractatur.
1450 1254 1991 1305 OLENT AVTEM NONNVIEI.
1449 1302 1983 1350 Postquam magister determinauit de
1436 1342 1982 1384 mortuorum resurrectione, nunc vuli
1440 1379 1998 1423 determinare de resurgentium condi
1449 1424 1979 1467 tione. Et diuiditur in duas partes: quod
1451 1452 1985 1500 primo insinuat resurgentium condi
1446 1490 1985 1541 tiones indistincte, & vniuersaliter. Se
1411 1534 1982 1581 gtaei cundo easdem conditiones declarat
1138 1572 1986 1616 distincte, & specialiter, ibi, Hoc autem in corporibus san¬
1147 1611 1985 1658 ctorum Prima in duas: quia primo manifestat resurgen¬
1138 1648 1983 1700 tium conditiones, quantum ad eorum staturam, & aetatem,
1142 1692 1990 1740 Secundo, quantum ad corporum suorum integritatem
1146 1734 1981 1775 ibi. Non enim perit Deo, Sequitur illa pars, Hoc autem
1147 1769 1979 1813 Et diuiditur in tres partes: quia primo magister tangit
1155 1813 1979 1866 pecialiter conditiones beatorum. Secundo damnatorum.
1140 1852 1981 1892 Et tertio, abortiuorum. Secunda ibi, De reprobis autem,
1146 1893 1978 1934 Tertia, ibi, lllud etiam inuestigari oportet. Istarum secun
1146 1930 1979 1976 da diuiditur in duas partes: Qua primo ostendit, qualiter
1149 1964 1981 2011 damnati dispositi erunt incorpore, Secundo qualiter se
1143 2003 1985 2054 habebunt ex parte animae, ibi, Cum autem constet. Pri¬
1145 2042 1976 2088 ma in duas; Quia primo tractat de conditionibus huius¬
1137 2078 1992 2129 modi corporum. Secundo. incidenter determinat de cru
1143 2122 1988 2167 citatibus demonum, ibi, Quaeri etiam solet Prima in duas
1155 2165 1965 2208 Quia primo tangit huiusmodi corporum deformitate.
1150 2194 1993 2245 Secundo innuit eorundem corporum incorruptibilitatem
1147 2240 1988 2284 ibi, Si vero quaeritur. Et haec est diuisio istius 44. distin &
1143 2276 1943 2328 sententia in generali, circa quam quaeritur in speciali.
1431 2390 1730 2458 Quastio.  1.
1142 2519 1985 2598 An in die nouissimo totum resurget in homine,
1293 2576 1844 2637 quod est de veritate eius naturae
1461 2625 1657 2690 corporalis.
1200 3054 1994 3112 VTRVM resurgat in homine totum, quod est verita¬
1166 3085 1924 3163 te suae corporalis naturae. Videtur, quod non¬
