2422 3546
432 321 932 403 RESOLVTIO.
268 454 1109 522 Et si quanloque viro licuerit vxorem dimittere fornicantem, e
300 517 1124 561 econtra, id tamen non auctoritate propria, sed ecclesiae iudicio
308 558 1114 602 fieri debet, quod sane diuortium uumquam veuocetur, quousqu
296 601 1115 646 alter coniunt in delicto persenerat, neque intereat tamen ob
305 641 1119 683 id alt ero viuente nentro eorum rursus matrimontum contra¬
291 675 479 730 bere fas ert.
398 746 951 833 ARTICVLV S 1.
293 863 1073 917 Vtrum alter coniugum ab altero formcationis.
412 908 983 973 cqusa separatus, eo adhuc viuen¬
453 955 912 1028 te moirimonium rursus con¬
549 1011 808 1082 trabere valeat.
272 1078 1087 1167 SVANTVM ad primum, aliquid presupponituri
390 1145 1113 1201 & aliquid queritur. Presupponitur enim, quod
264 1188 1109 1236 uausa fernicationis licitum sit fieri diuortium inter legi¬
261 1230 1112 1277 timos coniuges. Et quaeritur vtrum, &c.igitur quattuor
270 1267 1102 1313 ponam conclusiones, quarum tres erunt circa praesuppe
255 1306 917 1358 situm, & quarta circa principale quaesitum.
287 1347 1118 1390 Prima conclusio est, quod licitum est viro quandoque
264 1386 751 1437 dimittere vxorem fornicantem.
273 1423 1112 1471 Quia in quo quis peccat, in illo potest de iure puniri;
258 1465 1106 1516 Sed mulier adultera peccat contra fidem matrimonii
268 1505 1098 1558 ergo vir non tenetur ei fidem obseruare, & per conse¬
260 1542 1106 1591 quens ab ea iuste poterit separari, & sic verificetur illud
260 1589 1007 1638 poeticum, Frangenti fidem, fides frangatur eidem
258 1623 1103 1672 2 Praeterea, hoc estlicitum, quod fit secundum docu
262 1662 1104 1707 mentum euangelicum: sed secundum doctrinam Chri¬
259 1701 1116 1758 sti vir potest dimittere vxorem causa fornicationis,
258 1744 477 1799 ergo &cetera.
267 1772 1115 1830 3 Praeterea, quandoque vir tenetur ex praecepto iuris
255 1824 1100 1872 canonici dimittere vxorem formicantem: ergo quando
256 1864 1100 1905 que licitum est vxorem dimittere. Consequentia patet
251 1900 1103 1949 quia ius canonicum nihil praecipit, nisi sit licitum. Ante¬
252 1942 1111 1992 cedens probatur auctoritate Chrisost qui ait super Mat¬
258 1980 1106 2038 quod adultera, donec poeniteat, non est tenenda in con
256 2021 1110 2064 sortio coniugii Quia sicut iniquus es, qui castam dimit
258 2059 1097 2111 tit, sic fatuus est, qui tenet meretrice. Et ista verba Chri
260 2099 737 2147 so, ponuntur in decretis; 2. q4.i.
265 2142 1103 2191 Notanter autem in ista conclusione addidi, quandoque
276 2179 1115 2222 uia non omnis fornicatio sufficit ad dimittendum vxo
252 2223 851 2267 rem Hoc. en apparet in septem casibus.
264 2257 1109 2309 Quorum primus est, si conuincitur vir sufficienter, quod
267 2299 1100 2345 etiam ipse fornicatus est cum alia muliere, turc enim ac
261 2339 1115 2390 paria iudicantur vir fornicator, & vxor fornicatrix: cri
262 2382 1103 2428 men enim aequat omnes, quos inquinat, ut ait Cassiodo
255 2418 1112 2465 rus in libu epistolarum, & ideo in illo casu, vni coniugum
268 2457 1106 2501 non competit accusatio contra alterum, vt patet extra
258 2496 640 2550 de diuortiis. c. signific asti
258 2533 1108 2576 Secundus est, si de voluntare uiri, vel de iussu eius, mu
255 2572 1109 2619 lier fornicatur. Istud patet extra de eo, qui cognouit con
258 2615 857 2663 sanguineam vxoris suae, c discretionem.
264 2659 1105 2704 Tertius, fireddit vxori debitum, postquam manifesto
255 2698 1109 2744 cognouit ipsam fornicatam suisse, tunc enim perdit ius
249 2735 1115 2783 accusandi vxorem de huiusmodi fornicatione, vt patet.
255 2773 619 2828 32 questio. 1. cap. 1. & 2.
303 2813 1103 2855 Quartus casus est, quando vxor eredens maritum sut
254 2852 1109 2905 esse defunctum nupsit alteri, a quo si immediate recesse
256 2892 1107 2941 rit, postquam cognouerit maritum priorem adhuc viuse
259 2930 1118 2983 re, tunc ille primus tenetur illam recipere, nec potest cam
251 2970 1117 3019 dimittere praetextu fornicationis, propter bonam fidem
252 3012 1104 3067 mulieris, quia credidit illum secundum esse suum legiti¬
251 3054 1102 3103 mum virum, licet hoc non fuerit verum. Secus autem est, si
260 3093 1103 3145 non immediate recesserit a secundo, reuerso primo ma¬
255 3144 1061 3197 rito. Ista omnia ponuntur 34 4. 1 cum per bellicam.
1218 273 2023 329 Quintus casus est, si aliquis latenter accessit ad vxo¬
1167 332 2017 382 rem alterius sub specie, vel similitudine viri sui, & ipsa
1170 373 2024 426 consensit ei, credens consentire suo proprio viro, tunc
1163 407 2022 464 excusatur per ignorantiam facti, vt patet 32. q.2 inlectum
1162 451 2008 494 mariti. Et istud est verum dummodo huiusmodi ignoram
1167 482 2012 534 tia sit inuincibilis, & non sit affectata, vel crassa, & supina
1168 524 1922 571 De quibus ignorantus dixi libro secundo dist. 22.
1173 569 2006 617 Sextus casus est, si vxor alicuius fuerit ab altero vire
1160 599 2014 648 vi oppressa, quia tunc excusatur per impotentiam, vt pa
1166 647 2016 694 tet. 2 2. q4. 5. c. proposito. Et istud est intelligendum de vi,
1159 682 2019 729 seu violentia absoluta, & non de uiolentia inducta per
1163 729 2012 767 metum, vel preces, vt patet 3 1. 4. 7. c. omnes occasiones.
1184 764 2003 806 Septimus casus est. Si aliquis existens extra fidem Chri¬
1158 794 2012 850 stianam, repudiauit vxorem suam sine crimine fornica¬
1157 847 2012 890 tionis, & illa secundum ritum gentis suae recipit alium
1154 886 2003 933 maritum, & postea tam primus vit, quam ista mulier com
1166 921 2010 967 uertuntur ad fidem Christianam, tunc ipse cogendus est,
1165 960 2011 1008 quod reuertatur ad illam vxorem, non obstante, quod
1156 999 2014 1044 fuerit alteri viro copulata per tempus suae repudiatio¬
1158 1040 2011 1086 nis. Iste casus est determinatus extra de diuortiis, capi¬
1157 1074 1400 1129 tulo gaudemus
1169 1118 2006 1164 Conclusio secunda est, quod non obstante adulterio,
1160 1158 2011 1206 tamen diuortium non debet fieri inter coniuges aucto¬
1155 1197 2003 1253 ritate eorum propria, sed debet fieri iudicio ecclesie, quia
1155 1232 2003 1288 in exterioribus correctionibus non debet in eadem cau
1158 1274 2012 1326 sa idem esse auctor, & iudex nec etiam reus, & iudex: sed
1163 1316 2002 1361 quando causa fornicationis agitur de faciendo diuortio
1166 1355 2005 1395 nter coniuges, tunc coniuxinnocens est actor, seu accu
1158 1392 2009 1439 sator, & persona nocens est rea, seu accusata: ergo neutra
1152 1431 2009 1475 istarum personarum potest esse iudex, quantum ad huius
1155 1471 2006 1516 modi diuortium faciendum, & per consequens, deferen
1152 1515 2003 1554 dum est ad ecclesiesticum iudicium, sicut etiam in vete¬
1155 1552 2005 1606 ri testamento ad ipsos iudices deducenda fuit cam repudim¬
1173 1592 2011 1636 2 Praeterea 32: qci. c. saeculares dicitur, quoduiri, qui
1160 1634 2007 1677 vxores suas abiecerint prius, quam iudicio damnentur,
1151 1667 2010 1727 a communione ecclesiae, & sancto populi coetu, pro eo,
1158 1714 1730 1758 quod coniugia maculant, separentur.
1188 1743 2000 1796 Forte dicetur contra istud, quod illud non debet de¬
1161 1784 2008 1836 duci ad ecclesiae iudicium, quod non potest probari, sed
1160 1827 1988 1869 actus sornicationis ut plurimum non potest probari.
1160 1868 2008 1918 Maior patet, quia in exteriori ecclesiae iudicio iudica¬
1152 1908 2009 1956 tur secundum allegata, & probata. Patet etiam minor,
1174 1946 2003 1989 Quia, vt dicitur in lob, Oculus adulteri obseruat cali¬
1154 1987 2006 2038 ginem, & qui male agit, odit lucem, vt dicitur in euan¬
1167 2023 2006 2081 gelio. 2 Praeterea, si vxor fornicatrix peteret actu car
1153 2063 2003 2108 nalis copulae a viro suo, possquam nota est viro uxoris for¬
1155 2109 2007 2150 nicatio, tunc. vir sua auctoritate potest talem fornicatri
1156 2149 2006 2199 cem vxorem dimittere. Consequentia probatur, quia ha
1160 2184 1999 2225 bitatio uiri cum vxore maxime videtur esse praecepta in
1152 2223 2011 2265 lure propter redditionem debiti carnalis copulae, ut pa¬
1165 2263 2009 2307 tet extra de coniugio leprosorum. c peruenit, & ca. quo-
1155 2302 2006 2350 niam nemini: ergo in casu, in quo vir non tenetur uxori
1164 2337 2013 2389 petenti reddere actum carnalis copulae, in illo casunen
1164 2378 2003 2421 tenetur vxori eohabitare. Anteceuens etiam patet, quia
1153 2422 2010 2465 si uxori sponte reddit debitum, postquam sibi constat de
1164 2460 2006 2508 vxoris fornicatione, tunc secundum iura, non potest de
1158 2499 2008 2546 huiusmodi fornicatione mulierem actusare. Etiam effi-
1164 2543 2012 2592 ceretur bigamus, & per consequens irregularis, ita quod
1158 2581 1945 2625 et mortua vxore, non posset ad ordines promoueri.
1182 2616 2006 2664 3 Preterea sententiam latam a iusto iudice potest ho
1155 2657 2009 2704 mo exe qui per se absque speciali iudicio ecclesiae: Sed
1157 2703 2005 2743 Christus qui est supremus, & iustus, iudex tulit hanc sen¬
1158 2740 1996 2783 tentiam, quod vir possit vxorem dimittere causa fornica
1149 2776 2008 2818 tionis: ergo vit potest hoc exequi per se absque requisi¬
1156 2815 1575 2872 tione iudicii ipsius ecclesiae.
1170 2855 2000 2909 4 Praeterea, vir iustus sciens uxorem suam impregna
1160 2895 1999 2943 tam ab alio, quam a se, licite potest eam occulte dimitte
1152 2937 1998 2989 re: ergo uir potest vxorem fornicantem dimittere propri¬
1152 2975 2000 3026 auctoritate. Consequentia patet Probatur antecedens
1154 3013 2000 3060 quia Mat. 1. dicitur, quod loseph, cum esset iustus, cogita
1158 3051 2009 3102 uit occulte dimittere Mariam coniugem suam, & hoc pro
1149 3102 2002 3155 tanto, ut videtur ex textu praecedenti, quia percepit eam
1155 3136 1684 3198 esse grauidam, scu impregnatam.
