2127 3530
339 256 1199 327 est ho. Si igitur sine consensu non pot contrahi matrimo
333 322 1189 377 nium, vt dicit praecedens conclusio: ergo nec consensuficto
343 357 851 420 poterit contrahi matrimonium
351 377 1190 446 2 Preterea, intentio requiritur in omni sacramento: Sec
350 436 1195 490 consensu existente ficto, non adest intentio matrimonii
357 484 1006 533 cotrahendi, sed potius decipiendi: ergo &c.
362 512 1202 568 3 Praeterea, iam dictam veritate determinat Inn ter
350 551 1201 612 tius extra de spon. & mat, c tua nos, vbi iudicat quendam
354 588 1201 653 non contraxisse matrimonium, eo, quod non: dhibuit verum
352 628 1206 681 consensum, quamuis finxerit se consentire in quandam
353 667 1196 736 pop extorquendam ab ea carnalem copulam. Vnde cirei
339 714 1199 765 finem illius c. si concludit. Dolus solummodo affuit, & fi-
342 752 1210 804 defuit omnino consensus, sine quo cetera nequeunt per
349 789 692 852 dere foedus coniugale¬
393 835 1193 890 Nota tamen, quod secundum forum exterioris iudicit
359 864 1207 920 talis fictor cogitur per sententiam excommunicationis ad
348 904 1199 956 habendam illam vxorem, cum qua contraxit per verba, di
354 955 1201 1009 praesenti, si sufficienter poterit probari, quod dixerit hu
347 991 1204 1041 iusmodi verba, quia iudicium extrinsecu non habet iudica
349 1033 1207 1076 re de his, quae versantur in corde, nisi prout apparet ver¬
351 1056 1208 1122 bis, vel signis extrinsecus. Etiam in foro conscientiae consu
351 1112 1205 1154 sendum est tali deceptori, vt possposita fictione, pleno
365 1144 1136 1212 consensu illam accipiat in vxorem, quam decepit.
393 1176 1199 1227 Sed posito, quod durante fictione cum prima, ipse pe¬
357 1230 1210 1270 verba de praesenti absque fictione contrahat cum secun
355 1254 1205 1310 da, tunc manere debet cum secunda, quia haec est legiti¬
352 1300 1208 1353 ma vxor sua, & ideo ipsa viuete non debet reuerti ad
353 1346 1198 1400 primam. Sed quid faciet, si prima obtinet sententiam co
361 1386 1210 1429 tra eum in iudicio, & ipse excommunicatur, nisi relicta
359 1426 836 1478 secunda ad primam reuertatur
403 1428 1207 1513 Respondeo, quod melius est sibi sustinere sententiam,.
363 1494 1205 1550 quam reuerti ad primam, & illam dimutere, quam nosci
358 1529 1212 1588 sfua m esse legitimam Etsi aggrauatur sententia, tunc consu
365 1584 1201 1627 lendum est sibi, quod cum secunda, quae est sua vxor legiti
357 1611 1202 1675 ma, vadat ad partes alienas, vbi ratione ignorantiae istiu
357 1662 878 1721 facti non procedetur contra eum
396 1668 1210 1750 Conclusio secunda est, quod ad hoc, vt consensus effi¬
366 1742 1212 1787 ciat matrimonium verum, necessc est, vt exprimatur pr
369 1785 1206 1826 verba de praesenti, vel saltem per aliqua signa huiusmo
363 1810 1210 1870 di verbis aequipollentia. Quia si non hoc, vel esset pro tam
356 1849 1213 1902 to, quod consensus tacitus, & occultus sufficeret, vel quia
360 1892 1218 1942 consensus, expressus per verba de futuro sufficeret ad ef
362 1924 1224 1976 ficiendum ratum matrimonium, sed neutrum istorum
359 1964 1206 2023 sufficit: ergo &c. Maior patet ex sufficienti diuisione. Mi¬
366 2007 1070 2066 norem probo, quantum ad ambas suas partes,
400 2027 1209 2105 Et primo primam Quia in omni contractu obliga¬
372 2088 1216 2142 to necesse est interuenire tantam expressionem, per quam
378 2122 1213 2184 tontrahentes possint cognoscere se esse obligatos. Sed
362 2165 1212 2214 in matrimonio est quidam contractus valde obligato¬
364 2200 1218 2252 rius, & consensu manente tacito, nulla fit expressio, per
366 2244 1210 2304 quam consentientes possnit cognoscere se esse mutuo ob
359 2290 611 2342 ligatos: ergo &c
408 2297 1212 2383 Et confirmatur, quia ad esse cuiuslibet sacramenti re
361 2362 1217 2420 quiritur aliquod sensibile signum, sed consensu manen¬
365 2412 1216 2460 te omnino tacito, nullum apparet secsibile signum illius
363 2446 648 2499 consensus: ergo &c
414 2455 1216 2535 Praeterea nullus acquirit ius nouum in aliqua re per
366 2531 1219 2575 consensum illius, cuius est res illa, nisi sibi constet de con
366 2556 1224 2614 sensu tali: Sed vero existente matrimonio quilibet coniu
366 2594 1213 2654 gum acquirit ius in corpore alterius per consensum eius
372 2642 1216 2691 ergo non potest esse verum matrimonium, nisi quilibet
375 2673 1222 2729 coniugum cognoscat consensum alterius, vel ex ver¬
370 2721 1215 2775 bis, vel ex signis, & per consequens, non sufficit ad cau¬
363 2755 1061 2805 sandum matrimonium consensus taciturnus;
405 2775 1216 2849 Secundam partem minoris probo sic. Si aliquis con¬
384 2837 1222 2895 ensus expressus per uerba de futuro posset facere verum
382 2875 1214 2929 matrimonium, hoc maxime esset ille, qui firmatur addi
383 2907 1217 2972 to iuramento: Sed iste adhuc non sufficit ergo &c Mam¬
379 2950 1213 3010 ior patet. Minorem probo, quia quod futurum est, hoc
381 2994 1205 3049 verius dicitur non esse, quam esse: Sed iuramentum ad
378 3036 1222 3089 ditum verbis de futuro consensum significantibu non mu
379 3074 1209 3126 tat talium verborum significationem: ergo non obstan¬
381 3111 1213 3173 te iuramento consensus, ptunc significatus magis habet non
1247 241 2036 318 esse, quam esse, sed quod non est nihil efficit: ergo consensus
1251 295 2035 358 expresius per verba de futuro non obstante, quod sit iutame¬
1239 334 2027 399 to vallatus non poteritt efficere verum matrimonum.
1245 374 2036 437 Et confirmatur, quia si consensus expressus pverba defu¬
1256 416 2045 473 turo, firmatus iuramento, efficeret verum matrimoniu, tumc
1244 450 2036 518 phmoi matrimoio non requireretur postea aliquis alius
1253 484 2042 541 cosensus Consequentia patet, quia ex quo pr expressione
1242 528 2036 593 futuri consensus cum addito iurameto, matrimoniumiam essei
1245 570 2036 632 estectu, frustra requireretur vlterior consensus ad ipsn ess
1257 613 2042 672 ciendum, Sed falsitas consequentis patet, quia eo ipso, quu
1247 644 2042 708 quis prnittit, vel iurat aliqua no in psenti, sed in futuro
1255 688 2040 742 se habiturum in vxorem ia ipso suo pmisso, vel iuramenti
1256 727 2051 795 pondet fututum se habiturum consens uin hmoi mulietem,
1289 777 2053 821 Praeterea, si hmoni promissio de futuro cum addito iuta
1256 808 2047 870 mento faceret verum matrimonium, tunc si altera illatum pso.
1254 848 2063 897 narum contraheret scuo cum aliqua alia persona perverba
1248 883 2054 939 de praesenti, secudus contractus non teneret: Sed conequens
1253 924 2054 975 est falsum, quia in secudo contractu esset verum matrimoniu
1253 973 2063 1027 scum quod iura determinant. Consequetia et patet, quia
1253 1012 2060 1068 cade persona non pot cum duabus personis simullhere te
1256 1052 2056 1104 rum matrimonium, ergo si cumn secuda habet verum matrim,
1257 1079 2066 1146 nium, sequitur necessario, quod cum prima niquam habue¬
1245 1118 2051 1185 rit verum matrimonium. Haec omnia, quae hic addusi a
1262 1156 2066 1225 pbadum secundam parte supradictae minoris, clare possnt
1259 1210 2059 1252 haberi ex dic. Oreg noni extra de spo. & mat. c. hinte
1250 1249 2060 1296 virum, vbi cum prius dixisset, quod concesus expressus po
1260 1287 2054 1332 verba de praesenti, puta, cum vir dicit, accipio te in mea,
1250 1327 2066 1385 mulier respodet: accipio te in meum, facit verum matm
1261 1355 2066 1422 m onium, tunc eoden c. subdit, quod est. ad propositum sicdi
1260 1405 2057 1464 cens, verum si inter ipsos accessit tantum promilsio de futi
1253 1449 2056 1493 ro vtroque dicete, ergo recipiam te in meam, & ego recip
1253 1475 2057 1543 te in meum, uel verba similia, si alius mulierem illap
1268 1518 2061 1581 verba de praesenti desposauerit, et si inter ipsam, &pi
1256 1565 2069 1610 mum iuramentum interuenerit, sicut diximus dentur
1254 1605 2071 1656 huiusmodi desponsationis intuitu secudum matrimoni
1263 1640 2066 1697 non poterit separari, sed eis est de uiolatione fidei pos
1267 1686 1551 1747 tentia iniungenda
1296 1688 2066 1772 Sed contra supradictam minorem, quo ad primampi
1259 1765 1592 1821 tem potest argui sic.
1280 1769 2074 1848 1 Non minus est efficax consensus in matrimonis
1265 1833 2067 1895 quam consensus in peccatum, sed consensus in peccami
1258 1871 2078 1927 trinsecus manes sine omni exteriori expressione, estiu
1260 1920 2087 1970 ficiens causa peccati: ergo consensus in matrimonum
1257 1962 2071 2009 absque exteriori expressione, erit sufficiens causa mm
1265 2003 1401 2052 trimonii
1281 2029 2072 2085 2 Praeterea, muti possunt contrahere matrimi
1263 2069 2084 2123 nium: ergo consensus tacitus potest efficere matrimonii
1270 2118 2083 2171 Consequentia patet. Et antecedens expresse habetur ex
1264 2157 2086 2209 tra de spon. Matri. ctuae fraternitati, vbit ai. Inntertius
1269 2192 2090 2262 quod muti possunt contrahere matrimonium per cosen
1262 2235 1652 2299 sum mutuum sine verbis
1344 2244 2057 2331 Praeterea, posito illo, quod est de necessitate mam
1263 2318 2081 2371 nii, vere ponitur matrimonium, quamuis non ponam
1258 2355 2081 2410 illud, quod solum est necessarium ad contrahendumn
1276 2399 2080 2452 rimonium in facie ecclesie: Sed consensus est denete
1263 2427 2081 2492 sitate matrimoni, & verborum expressio solum est nom
1264 2469 2080 2531 cessaria exterius in facie eccl. ergo &c. Maior patet Mi
1263 2509 2075 2575 nor etiam expresse habetur ab Innocentio inciampi
1264 2549 2072 2616 xime allegato, vbi ait sic. Matrimonium in veritate xo
1266 2587 2080 2654 trahitur per legitimum viri, & mulieris consensum, so
1269 2625 2048 2697 necessaria sunt, quantum ad ecclesiam, verba consei
1262 2677 1648 2734 de praesenti exprimentia
1342 2701 2056 2773 Praeterea, sinc expressione extrinsera per coni
1261 2746 2073 2810 sum perfectum intrinsecum potest quis vouere inta
1270 2782 2081 2848 tum, quod tenetur ad voti impletionem, ergo inces
1264 2831 2083 2890 trinseca expressione potest, quis contranere vem
1273 2859 2079 2929 matrimonium. Antecedens est notum, quia dicituri
1276 2915 2078 2963 psal. Vouete, & reddite domino Deo vestro Patet m
1263 2942 2082 3013 consequentia, quia matrimonium est quoddam comd
1269 2990 1639 3054 perpetuo obligatorium.
1344 3002 2088 3080 Praeterea, si extr inseca expressio consensis esemm
1272 3066 2084 3126 tessaria in matrimonio contrahendo, tunc puelratactus
1266 3110 2056 3174 & nihil respondes in hora matrimonialis contractus
