2438 3553
413 269 1258 339 potentiae passiuae naturali correspondet aliqua potentia
410 322 1263 371 actiua in natura creata, per quam huiusmodi potentia
420 365 1265 417 passiua potest reduci ad actum: sed nulla potentia actiua
407 409 1265 458 est in natura creata, per quam iam dicta potentia passi¬
413 443 1270 494 tia possit reduci ad actum, vt patebit in secundo istius
420 489 1255 539 quaestionis articulo: ergo &cetera. Maior etiam pate
410 524 1254 577 per Commentatorem, qui ait, quod omnipotentiae pas
414 565 1267 607 siuae in natura correspondet potentia actiua in natura
414 600 1259 648 Et istud dictum Auerrois est verum, si per potentiam pas¬
417 641 1264 691 siuam in natura intelligit potentiam passiuam naturalem;
416 686 1266 735 quamuis non sit verum, intelligendo de potentia obe¬
420 716 1268 770 dientiali: illi enim non respondet potentia actiua, exi¬
413 759 1006 807 stens in creatura, sed solum in creatore
458 787 1265 841 Conclusio quarta est, quod hominum mortuorum re
410 834 1270 887 surrectio non solum est possibilis, sed etiam vere est fu¬
419 882 1269 924 tura lsta autem conclusio, quamuis sit verissima, tamen
414 924 1272 968 quia est articulus fidei, ideo non potest probari necessa¬
415 964 1277 1010 ria ratione, quamuis possit probari auctoritate, & rheto
426 993 727 1047 rita persuasione sic¬
439 1039 1274 1086 1 Iustum remuneratorem decet, vt illa coniungat in
428 1071 1268 1118 consolatione praemij, quae sua virtute coniunxerat in la¬
417 1112 1276 1157 bore meriti: Sed Deus est iustus remunerator, & sua vir
420 1150 1273 1201 tute animam coniunxit corpori in labore meriti vitae
423 1197 1277 1243 praesentis : ergo animam corpori coniunget in consola¬
421 1229 1266 1280 tione praemij vitae futurae. Hoc autem fieri non potest
433 1269 1252 1311 nisi illi, qui decesserunt, resurgant a mortuis: ergo &c
429 1307 1277 1353 2 Praeterea, praemium debet correspondere merito,
420 1345 1280 1395 & poena demerito: Sed animae praedestinatorum, seu sal¬
424 1391 1269 1436 uandorum merentur in suis corporibus, & animae prae¬
420 1429 1269 1475 scitorum, seu damnandorum demerentur in suis corpo¬
422 1460 1274 1508 ribus: ergo animae saluandorum tandem debent in suis
422 1504 1274 1556 corporibus praemiari; & animae damnandorum in suis cor
425 1547 1282 1596 poribus cruciari: hoc autem non fieret nisi tam boni,
426 1581 908 1637 quam mali resurgant: ergo &c.
501 1621 1287 1663 Praeterea, anima rationalis naturaliter appetit vni
432 1662 1287 1710 ri suo corpori: ergo in perfecta beatitudine ipsa anima
433 1703 1274 1749 est suo corpoti vnita. Antecedens patet per beatum Au
429 1741 1276 1791 gu, super Sen. ad litteram, vbi ait, quod anima beata re
431 1779 1276 1824 tardatur, ne tota intentione feratur in illud fummum cae¬
438 1816 1283 1865 lum, scilicet in diuinam essentiam, propter appetitum,
429 1859 1278 1903 seu desiderium, quod habet ad viuificandum corpus suum
445 1903 1278 1947 Consequentia etiam patet: quia in perfecta beatitudino
438 1942 1281 1988 omne desiderium animae impletur, & quietatur: nam se
426 1977 1277 2033 cundum beatum Augustinum, ille perfecte beatus est
447 2020 1067 2066 qui habet quicquid vult, & nihil mali vult
455 2054 1285 2111 4 Praeterea, istud patet etiam auctoritatibus sacrae scri
444 2097 1081 2142 pturae, quas Magister adducit hic in littera.
477 2127 1283 2172 Sed contra praedicta primo est error Saducaeorum, &
438 2172 1280 2226 Epicureorum, qui simpliciter negant hominis post mot
445 2208 760 2262 tem resurrectionem.
533 2253 1289 2302 Quia, vt iste error ponit, forma substantialis homi¬
444 2289 1285 2341 nis corrumpitur in morte, sicut forma alterius bestiae Et
441 2331 1286 2370 ad istus forte Saducaei mouebantur ex dictis Salomo¬
438 2372 1286 2420 nis, qui ait, vnus est interitus hominum, & tumentorum:
432 2409 1289 2463 Sed iumentorum non est resurrectio, cum forma eorum
438 2451 1118 2493 simpliciter corrumpatur ergo nec hominum
450 2487 1285 2529 2 Epicurei vero, qui erant centiles philosophi, mo¬
443 2529 1286 2580 ueri poterant ex dictis ipsius lob. quae dicta apud multos
442 2568 1289 2613 Qentiles fuerunt: quia & ipse lob. erat dentilis: Dicit
438 2602 1286 2653 enim lob, Homo cum dormierit, non resurget, donec
440 2645 1283 2686 atteratur caelum Sed celum numquam atteretur, cum
439 2686 1280 2728 sit incorruptibile non solum secundum Epicureos, sed
441 2726 1278 2786 etiam secundum omnes philosophantes: ergo homo
438 2760 734 2811 numquam resurget
474 2802 1289 2849 Sed iste error, non solum auctoritate scripturae verum
438 2837 1279 2881 etiam naturali ratione potest confundi, quantum ad il¬
439 2880 1284 2929 lud quod dicunt, formam substantiale hominis esse corru
447 2929 1282 2971 ptibilem: quia naturali ratione potest probari, quod an
439 2966 1281 3012 ma intellectiua est incorruptibilis: sed vt probaui lib. 2
440 2999 1283 3047 di. 17. anima intellectiua est forma substantialis hominis
446 3043 1286 3082 ergo contra istum errotem necessaria, & naturali ratione
451 3076 1299 3117 probari potest, quod forma substantialis hominis non
444 3114 1215 3181 corrumpitur in morte hominis, sicut forma bestiae.
1356 261 2167 334 Ad primum dicendum, quod Salomon in illo libro
1316 323 2159 364 loquitur tamquam concionator, allegans pro duabu
1317 360 2174 405 oppositis partibus, scilicet stultorum, & sapientum: Et
1321 400 2166 449 pllegando pro parte stultorum, qui totam suam felicita
1308 438 2165 485 tem reputant delectationem vitae praesentis, dixit verba
1323 487 2173 529 praedicta, & multa alia, quae sequuntur eodem. c. Sed al¬
1320 520 2168 571 legando pro parte sapientum, qui tenent veritatem, ro¬
1322 568 2162 602 tum dicit oppositum: Vnde vlti. e quasi expresse videtui
1330 598 2165 640 prophetare de hominum resurrectione, & de futuro iu¬
1311 639 2172 685 dicio, dicens, Memento creatoris tui in diebus iuuentu¬
1321 675 2168 721 tis tuae, antequam veniat tempus afflictionis tuae, ante¬
1314 716 2179 766 quam tenebrescant sol, & lumen, & luna, & stellae. Et se¬
1317 759 2180 807 quitur infra, Excelsa quoque timebunt, & formidabunt in
1330 800 2178 845 ia, florebit amigdalus, impinguabitur locusta & dissipa
1317 833 2168 886 bitur capparis quoniam ibit homo in domum aeterni¬
1324 874 2171 923 tatis suae. Et in fine concludit, dicens, Cuncta, quae fiunt,
1311 914 2168 969 adducet Deus ad iudicium pro omni reatu, siue bonum,
1314 950 1550 1003 siue malum sit.
1334 990 2177 1045 Ad secundum dicendum, quod quamuis caelum non
1320 1031 2177 1081 atteratur, quantum ad substantiam, tamen atteretur, quam¬
1326 1074 2177 1118 tum ad influentiam, quia post mortuorum resurrectio¬
1314 1112 2162 1157 nem, tunc cessabit caelum influere, quo ad istorum infe
1317 1148 2172 1190 riorum generationem vel potest dici, quod corpora so
1323 1186 2175 1235 lida, quanto magis fricantur, & teruntur, tanto magis cla
1314 1226 2173 1277 rificantur, & poliuntur: Et quia ante tempus resurrectio
1327 1268 2195 1314 nis, caelestia luminaria obscurantur, & in ipso tempere,
1323 1313 2183 1355 resurrectionis clarificabuntur: quia sicut dicit. lsa lumen
1321 1346 2184 1386 lunae erit sicut lumen solis, & lumen solis septempliciter:
1327 1387 2171 1435 deo lob, pro tempore resurrectionis, dicit celum atteri;
1320 1422 2171 1473 idest clarificari, & poliri. Vnde non oportet pro Epicu¬
1321 1473 2181 1522 reorum errore dicta beati lob allegare: quia ipse totali.
1333 1504 2186 1552 ter est ad sensum oppositum, sicut patet. 10. c. sui libri,
1322 1544 2174 1587 vbi ait, Scio enim, quod redemptor meus viuit, & in no
1317 1583 2180 1629 uissimo die de terra surrecturus sum, & rursum circun¬
1320 1624 2180 1666 dabor pelle mea, & in carne mea videbo Deum Salua¬
1319 1659 1538 1712 torem meum
1350 1701 2195 1737 Conclusio secuda predicta est error Manichaeorum, qui
1325 1738 2195 1790 dicebant, animas per morte ab humanis corporibus se¬
1335 1784 2192 1823 paratas vniri corporibus bestiarum, & hoc pones mores
1331 1819 2187 1870 bestiales, quos in corporibus humanis prius exercuerunt.
1331 1859 2186 1897 Nam anima superbi, secundum istos vnietur corpori leo¬
1331 1899 2184 1942 nis; anima rapacis vnietur corpori lupino, & sic de aliis.
1365 1941 2187 1988 Sed istud dictum cum hoc, quod est erroneum, etiam nul
1320 1978 2184 2034 lius apparentiae videtur habere pallium: quia numquam ans
1332 2020 2174 2067 ma bonis informabit corpus leonis : ergo multo minus
1335 2060 2179 2102 anima hominis. Antecedens est votum apud omnes phi¬
1332 2096 2178 2142 losophantes. Consequentia patet: quia inter formam sub
1329 2136 2174 2189 stantialem, & eius materiam debet esse naturalis proportio
1332 2181 2194 2222 bed maior est proportio inter animam, seu formam bouis, &
1333 2219 2194 2266 corps leonls, quam inter formam hominis, & corpus leonis.
1368 2255 2195 2298 Tertio contra praedicta est error Porphytu: Quia, Vt
1323 2298 2195 2350 recitat beatus Aug. in lib de ciui Dei. Porphyrius philo
1336 2333 2181 2384 ophus posuit animas humanas esse immortales, & a
1326 2378 2169 2434 corporibus humanis in puncto mortis separari, & num¬
1329 2415 1859 2466 quam postea alicui corpori reuniri¬
1368 2446 2194 2497 pam si alicui corpori reunirentur, tunc sua felicitas,
1327 2488 2172 2538 & perfectio impediretur. Et pro isto errore allegatur au¬
1335 2530 2168 2578 ctoritas scripturae sacrae, vbi dicitur, Corpus, quod corrt
1334 2574 2164 2615 itur, aggrauat animam, & deprimit terrena habitatis
1319 2605 1733 2659 sensum multa cogitantem
1340 2633 2175 2700 2 Praeterea, illud, quod est impeditiuum meriti in hac
1326 2687 2164 2735 vita, hoc non debet vniri animae tempore sui praemij in
1332 2719 2194 2778 tutura vita. Sed in hac vita corpus impedit meritum:
1333 2773 2194 2814 quia sicut dicit Apostolus, Caro concupiscit aduersus spi
1325 2813 2171 2863 ritum; Et idem Apostolus ait, video aliam legem in
1326 2851 2173 2898 membris meis repugnantem legi mentis meae, & capti¬
1338 2887 1773 2933 antem me in legem peccati
1348 2915 2175 2979 3 Praeterea, quae per sententiam iusti iudicis sunt ab
1331 2971 2181 3018 inuice separata, illa nuquam debent reuniri: Sed mors cor¬
1337 3007 2177 3054 poralis, qua anima separatur a corpore, est inflicta ho¬
1331 3049 2173 3089 mini iusto Dei iudicio propter peccatum primorum pa
1335 3092 2174 3140 rentum: ergo &c. Maior patet: quia sententia iusta
1332 3127 2178 3187 non debet reuocari. Minor etiam patet in Sen vbi ait
