2393 3526
211 256 1064 318 insinuauerit. Et quia ad hunc locum solum fideles, & prae
220 310 1064 353 destinati colligebantur: ideo hmoni locus finus Abrahae
216 350 1063 395 est appellatus. Sed postquam Christus ianuas coeli ape¬
214 386 1064 443 ruit, tunc sinus Abrahae, dicitur locus gloriae, scilicet. ip¬
214 428 1065 470 sum celum empvreum, in quo omnes purgati fideles, qua
207 470 1070 512 si in loco quietis, & tranquillitatis securissimae stationis
200 508 1054 553 perpetuo laetabuntur. Et dicitur sinus transsumptiue a ma
204 547 1064 599 ris tranquillitate. Quia secundum Papiam, sinus multipli
210 590 1057 632 citer dicitur. Et vno mode significat portum maris, in quo
207 624 1063 671 naues tranquilla securitate locantur. Et isto modo acci¬
214 662 1061 714 piendo sinum Abrahae, oramus in exequijs defunctorum,
207 702 1055 753 et animae eorum per manus sanctorum Angelorum in si¬
207 752 1055 796 num Abrahae deducantur. Et ex his patet, quod quando¬
218 777 1054 831 que fuerunt quattuor loca poenarum ipsarum animarum
212 828 1061 869 post hant vitam scilicet infernus, locus purgatorius, lim¬
209 865 1064 910 bus puerorum & sinus Abrahae, prout accipiebatur pro lim¬
217 898 1068 941 bo patrum. In quorum primo, fuit poena perpetua, tam sen¬
204 950 1063 986 sus, quam damni. In tertio, poena damni perpetua. Et in
212 983 1061 1029 quarto, poena damni tamporalis. Et quia hunc quartum
208 1018 1055 1067 locum Christus destruxit, quando ad inferna descendit, q&
213 1062 1058 1101 suos fideles liberauit. ideo adhuc restant tria, scilicet in¬
201 1103 1058 1146 fernus, locus purgatorius, & paruulorum limbus Post ex.
206 1144 1057 1190 tremum vero iudicium, non erit vlterius locus purgato¬
215 1179 1054 1223 rius, quia pro tunc cessabit omnis poena temporalis. Idet
218 1220 1065 1271 vltimate solum manebit infernus proprie dictus, & paruum
202 1253 1058 1292 lorum limbus. In quo quidem limbo dicitur esse poen¬
207 1292 1051 1341 mitissima, quia illorum paruulorum poena est sine affli
219 1332 1067 1383 ctione: eo, quod sit sine remorsu comscientiae. Vident enim,
206 1375 1058 1425 quod numquam fuerunt habiles ad consequendam glo¬
216 1419 1055 1459 riam diuinae visionis, & aeternae fruitionis, & ideo sicut pri
215 1452 1061 1501 dens homo non dolet, nec habet in se remorsum conscie
216 1488 1065 1534 tiae de hoc, quod non potest volare, quia videt, quod ad
226 1528 1065 1570 hoc non est habilis, nec vmquam fuit habilis. Sic in propo
216 1567 1070 1611 fito &c. Totaliter autem per oppositum est de damnatis
222 1610 1061 1656 in inferno, quia ipsi considerant, quod potuerunt conse¬
221 1647 1068 1698 qui illam aeternam iucunditatem, si voluissent. Vident
212 1688 1064 1734 etiam, quod propter peccata ab ipsis voluntarie, & perso.
216 1733 1065 1775 naliter perpetrata, ipsi priuati sunt tali beatitudine: ideo
216 1760 1058 1819 peena damni est in eis maxime aflictiua, quia maximun
218 1802 1074 1856 sacit remorsum conscientiae. Et ideo huiusmodi poe¬
218 1841 1040 1889 na camni, quo ad eos appellatur vermis conscientiae
225 1885 1067 1930 de quo verme dicitur lsa. ulti. Vermis eorum non mo¬
227 1926 326 1975 rietur.
233 1966 1067 2009 1 Forte dicetur, quod post hanc uitam animam a cor¬
225 2008 1060 2059 pore separatam recipi in loco corporali sit contra inten
219 2037 1076 2094 tionem beati Augustini, qui 1 2. super Sene. ait. Ad
227 2076 1070 2131 corperalia loca animam non ferri; nisi cum aliquo
219 2126 362 2175 corpore.
242 2158 1079 2208 2 Praeterea, omne, quod habet locum corporalem, hoc
225 2194 1074 2249 magis conuenit cum illo loco, qui sibi rationabiliter de¬
234 2240 1072 2296 putatur, quam cum alio loco: sed spiritus non habet maio¬
228 2283 1078 2332 rem conuenientiam cum vno loco, quam cum alio: ergo &c.
272 2323 1075 2365 Ad primum dicendum, quod quamuis ferri ad locum
225 2355 1076 2409 circumscriptiue, non conueniat animae separatae nec ali¬
233 2392 1079 2442 cui spiritui, tamen serri ad locum, & esse in loco diffiniti¬
233 2436 1073 2489 ue, hoc conuenit cuilibet creato spiritui, & per consequen
236 2484 1072 2534 etiam conuenit ipsi animae separatae, vt probaui libro pr
227 2512 650 2567 mo; distin. 37. artic, secundo.
273 2543 1080 2598 Ad secundum dicendum, quod spiritus dupliciter po¬
233 2588 1086 2644 test considerari. Vno modo, secundum substantiam suam.
224 2625 1070 2673 Alio modo, secudum statum, & operationem, quam exer
231 2669 1090 2715 cet, vel quae circa ipsum exercetur. Modo licet minor sit
240 2716 1084 2763 vera, considerando spiritum secundum iubstantiam suam;
276 2747 1051 2800 tamen quantum ad statum, & operationem, non est
320 2792 1019 2834 vera, quia congruit spiritum bonum, quantum
357 2828 982 2874 ad statum suum, diffiniri, & determinari
392 2867 926 2920 ad locum gloriosum: & econtra, spi¬
432 2905 897 2954 ritum malum congruit esse in
477 2943 863 2992 loco uilissimo, ut ex hoc
514 2985 932 3038 maius supplicium pa
586 3025 719 3074 tia tur v
1240 308 1809 394 ARTICVLVS Il.
1144 392 1900 490 Qualia sint habitacula, quae conuemunt ani¬
1250 466 1806 537 mabus defunctorum, & n quibus
1350 513 1702 575 mundi partibus sint
1458 565 1593 636 situata,
1125 655 1943 720 SVANTVM ad secundum articulum de situ, & qua¬
1113 702 1949 756 litate coeli empvrei, quod est locus gloriae, nihil
1105 744 1956 791 dicam ad praesens, quia de his dixi lib. 2. distin. 2. q. 2 artic,
1125 783 1949 843 rimo. Restat igitur solum dicendum de situ, & qualitate
1103 819 1439 870 locorum ipsius poenae
1144 860 1953 917 Circa quae est sciendum, quod secundum communiorem
1113 899 1931 943 opinionem, infernus habet esse in medio ipsius tetrae.
1177 942 1956 989 Quia rationabile esse videtur, quod immundis, & vi
1105 967 1961 1026 libus peccatoribus pro carere perpetuo correspondeat lo
1117 1021 1953 1062 cus vilissimus, talis autem est in medio terrae, vbi tamquam
1108 1055 1932 1105 ad sentinam feces totius mundi conantur descendere.
1129 1102 1955 1140 2 Preterea, sicut videmus in rebus corporalibus, quod
1105 1131 1956 1186 leuia tendunt sursum, & grauia deorsum, nisi impediantur,
1104 1180 1962 1220 sic eodem modo in spiritualibus. Sed leuitas spiritualis
1108 1212 1958 1262 maxime consistit in feruida caritate, & econtra, grauitas
1102 1255 1953 1301 in mortalis peccati malignitate: ergo sicut decedentes in
1120 1291 1958 1342 teruida caritate tendunt ad locum summum, ad coelum,
1111 1332 1954 1376 scilicet empireum, sic decedentes in mortalis peccati de¬
1113 1368 1956 1416 formitate tendunt ad locum infimum, qui est ipsius terrae me
1108 1408 1959 1453 dis. Dixi autem notanter in maiori, nisi impediantur, quia an
1117 1453 1953 1505 te Christi passionem, precium redemptionis humanae non
1120 1488 1953 1532 dum fuit solutum: ideo sanctorum patrum animae, quam¬
1117 1530 1948 1575 uis essent informatae feruida catitate tamen ab huiusmo
1126 1567 1952 1613 li ascensu impediebantur, & in sinu Abrahae detinebantus
1117 1611 1964 1659 modo, quo dictum est in articulo praecedenti. Etiam hi¬
1126 1649 1963 1695 quorum caritas non est ita feruida, quod in hac uita expur¬
1112 1686 1955 1737 get animam ab omni etiam veniali culpa, & satisfaciat do
1112 1732 1961 1782 emenda pro culpis omnibus facienda, hi, inquam, retar¬
1119 1763 1967 1810 dantur in purgatorio, donec eorum animae perfectius ex¬
1131 1802 1289 1855 purgentur.
1137 1835 1959 1888 3 Praeterea, pro ista conclusione videtur esse glos lo¬
1114 1880 1955 1922 nae 2. c super illo verbo, proiecisti me in corde maris: ib
1113 1922 1963 1973 enim dicit glos sic, Sicut cor est in medio animalis, sic in¬
1119 1959 1963 1998 fernus in medio tetrae esse perhibetur. Dicit etiam Dea¬
1129 2000 1967 2050 tus Cregorius in libro Dialog. Quid obstet, non video, vt
1124 2037 1964 2087 Infernus subtus terra esse credatur ldem Isa. 14. dicitur,.
1126 2079 1966 2125 infernus subtus te est. Et ibi dicit glosa, quod infernus est
1119 2117 1967 2159 sub terra. Praecellens qualitas istius loci est calor feruen¬
1125 2156 1970 2202 tissimus, non procedens ab igne simulato, & imagina¬
1124 2199 1967 2243 rio, sicut quidam dixerunt: sed procedens ab igne uero, &
1128 2235 1970 2280 corporali Quia sicut ait Augustinus, gehenna ista, quae sta
1124 2279 1972 2328 gnum ignis, & sulphuris dicta est, corporeus est ignis. Et
1129 2309 1971 2355 Oreg. in libro Dial, dit, lgne gehennae, corporeum esse non
1129 2356 1970 2401 ambigo. Istae tamen flammae non lucent, quia totaliter fu
1125 2390 1971 2441 mo sulphureo sunt obtenebratae, & denigratae. Propter quod
1131 2431 1971 2480 secudum lsid in lib etvm. infernus dicitur quasi intus fus
1128 2477 1983 2524 nus, id est niger: nam furnus, idem est, quod niger. Alias
1134 2517 1977 2562 multas qualitates valde laesiuas habet iste locus, quorum
1124 2553 1705 2598 recitationem causa breuitatis omitto.
1171 2583 1972 2635 Sed forte dicetur, quod dicta in ista conclusione simu
1125 2624 1983 2671 stare non possunt, quia dicta de qualitate inferni uiden¬
1134 2665 1979 2727 tur repugnare his, quae dicta sunt de situ eius. Quod pro¬
1137 2704 1282 2752 batur sic
1168 2740 1974 2787 Perpetua qualitas cuiuslibet loci, debet essc connatu.
1132 2793 1986 2833 ralis ipsi loco. Ied calor excessus non potest esse conna¬
1140 2823 1978 2869 turalis medio ipsius terrae: ergo uel locus inferni non erit
1134 2862 1991 2910 in medio terrae, vel praecellens qualitas istius loci non erit
1133 2902 1984 2953 calor feruentissimus. Maior patet. Minor probatur: quia
1140 2939 1987 2990 qualitas cuiuslibet elementi maxime uiget in medio ip¬
1127 2978 1979 3029 sius elementi: Sed qualitates ipsius tertae sunt siccitas, &u
1131 3022 1980 3067 frigiditas:igitur in medio terrae est siccitas, & frigiditas, &
1149 3056 1995 3105 per consequens, in medio terrae non potest esse calor ex¬
1138 3096 1822 3159 cessus, qui sit medio ipsus terrae connaturalis
