2389 3540
377 288 1244 369 fintecedens patet, quia infdeles non possunt habere ali¬
377 337 1240 417 qua bona merita, cum fundamentum omnium bonorum
378 382 1234 447 meritorum sit fides, sine qua impossibile est aliquem pla¬
381 424 1222 484 tere Deo, vt ait Apostolus ad Heb. 11. Patet etiam donse
381 456 1233 534 quentia, quia omnis iudicialis discussio est propter com¬
383 500 1237 572 parationem, & declarationem aliquorum permixtorum:
377 537 1231 596 ergo quorum merita sunt impermixta, puta penitus ma¬
383 578 1229 639 la, vel sincere bona, illorum merita non indigent discus¬
377 615 1244 681 sione. Et super hac ratione videtur fundari quadriparti¬
384 659 1248 726 ta distinctio, quae hic ponitur in littera scilicet que in ex¬
371 696 1235 747 tremo iudicio quidam iudicantur, & damnatur, vt hi, qui
383 736 1248 796 sunt Christiani fidei professione, sed non operatione. In
389 774 1244 840 his enim habet locum discuffio cum in eis sit mixtio bo¬
380 811 1235 878 nae professionis, & malae operationis: tamen huiusmodi
383 849 1240 918 discussio, uel disceptatio terminatur ad eorum damnatio.
383 889 1244 956 nem: eo, quod mala eorum merita, non sint deleta vora
386 931 1244 1001 poenitentia, & per consequens vincant bona. Alij sunt, qui¬
387 972 1249 1037 non iudicantur, & tamen damnantur: eo, quod eorum me¬
380 1015 1249 1073 rita sint penitus mala, sicut infideles, de quorum quoli¬
390 1050 1241 1108 bet dicitur in euangelio, Qui non credit, iam iudicatur.
364 1085 1239 1142 est. Tertii sunt, qui iudicantur, & saluantur; iudican¬
393 1123 1243 1192 tur quidem, eo quod mixta habuerint merita: tamen sal¬
393 1164 1234 1231 uantur, quia bona eorum merita vincunt mala: eo, quod
396 1204 1241 1263 mala sint poenitentia deleta, & debilitata. Sed illi de quan
393 1243 1232 1303 to ordine non iudicantur, & tamen saluantur; Saluantur
390 1279 1248 1353 quidem, eo, quod eorum merita sunt bona; & non iudi¬
405 1317 1244 1384 cantur: eo, quod eorum merita sint sincere, & impermixte
402 1364 1244 1418 pona. Et isti quidem cum Christo iudicant modo, quo di¬
395 1399 1249 1463 ctum est in secunda conclusione primi articuli, eo, quod
401 1450 1249 1512 perfecte exercitati sint, non solum in praeceptorunt ob¬
396 1475 1250 1539 seruatione, sed etiam in virtutum operatione, & consi¬
396 1521 1234 1579 liorum impletione. Tales enim merito non iudicantur.
396 1552 1243 1621 sed cum rege iudicant, eo, quod iura, & consuetudines
404 1594 1241 1653 taelestis regni prae ceteris magis cognoscant,. Propter quod
399 1639 1244 1698 iudicabunt nationes, & dommabuntur populis, & regna¬
402 1679 926 1736 bit dominus eorum in perpetuum
440 1723 1240 1779 Conclusio secunda est, quod omnes homines in ex¬
395 1757 1240 1816 tremo iudicio iudicantur, quantum ad praemiorum re¬
399 1808 603 1855 tributionem.
427 1831 1250 1891 Quia in illo iudicio, quo vnusquisque purus homo de
400 1883 1255 1940 terminatur, vel ad poenam aeternam, vel ad gaudium aeter
398 1911 1254 1972 num, in illo quilibet iudicatur, quantum ad praemiorum
396 1950 1252 2009 retributionem. Sed in extremo iudicio per sententiam
393 1986 1244 2055 supremi iudicis, quilibet homo determinatur, vel ad ae¬
402 2027 1247 2089 ternam poenam, vel ad aeternum gaudium: ergo &c. Ma¬
405 2067 1240 2131 ior patet ex terminis. Sed minorem fide tenemus.
432 2100 1238 2168 Forte dicetur, quod paruuli nulla habent meritatergo
407 2142 1238 2204 non iudicabuntur, quantum ad praemiorum retributio
395 2180 1256 2248 nem, Consequentia patet, quia praemium debet correspon
408 2225 1244 2284 dere merito: vbi ergo nullum est meritum, ibi nullum de
410 2258 1244 2322 pet reddi praemium. Antecedens probatur, quia nullus
413 2300 1250 2365 potest mereri sine vsu liberi arbitrii: sed paruuli non ha¬
410 2351 870 2398 bent vsum liberi arbitrii.
426 2381 1254 2436 Respondeo, negando antecedens. Ad probationem di
410 2417 1247 2482 cendum, quod licet absque vsu liberi arbitrii homo non
410 2457 1247 2518 habeat merita acquisita per actus proprios, potest tamen
408 2497 1248 2558 habere merita bona, vel mala acquisita per actus alienos.
417 2539 1251 2595 Vnde sicut paruulus non baptixatus infectus est origina¬
408 2575 1256 2642 li peccato non per actum proprium, sed per actum primo
416 2617 1250 2675 cum parentum: sic idem paruulus habet merita mala, ra¬
407 2654 1254 2712 tione quorum iudicatur ad perpetuam poenam dani: quae qui
420 2692 1253 2760 quidem merita sibi non adsunt per actum proprium, sed
416 2728 1241 2796 per actum eorundem parentum. Et sicut paruulus bapti
418 2767 1247 2834 tatus est informatus gratia, & caritate, ac ceteris virtuti.
424 2809 1259 2869 us non per actum proprium, sed alienum, puta per actum
417 2848 1247 2907 Christi, & ecclesiae, ac parentum carnalium, vel spiritua¬
411 2885 1259 2944 lium: sic idem paruulus habet bona merita ex merito
413 2925 1250 2988 Christi, & ecclesiae, ac etiam quandoque parentum, ra¬
411 2973 1258 3027 tione quorum merit orum talis paruulus iudicatur ad vi¬
413 3018 638 3068 tam aeternam.
1390 363 1989 439 ARTICVLVS I
1318 498 2102 593 Qualiter angeli se habeant in extremo iuditie.
1613 555 1787 630 discissiue¬
1314 661 2122 746 VANTVM ad tertium articulum dico corformi¬
1302 721 2118 776 ter ad iam dictas conclusiones, quod nullus An¬
1283 760 2121 823 gelus in extremo iudicio iudicatur iudicio, disceptatio¬
1281 806 1594 857 nis, seu discussionis
1317 811 2135 891 Quia omnes Angeli, vel ita habent merita mala, quod
1280 878 2143 928 nulla habent merita bona, vel ita habent bona, quod nul
1286 910 2129 970 sa habent mala cigitur cum in eorum merito nulla peni¬
1286 943 2147 1012 tus sit mixtio, iideo in eorum iudicio nulla erit discepta¬
1283 989 2134 1048 tio. ludicantur tamen iudicio remunerationis: quia licet
1284 1031 2144 1094 etiam pronunc boni Angeli sint beati, & mali sinit damna
1284 1070 2137 1125 ti, & vtriqu habeant suum praemium essentiale, tamen &
1278 1110 2138 1171 bonis, & malis aliquid retribuetur in illo iudicio quatum
1286 1154 2134 1204 ad praemium aecidentale: quia & boni remunerantur de
1278 1186 2138 1245 ministerio hominibus impenso: quod quidem ministe¬
1289 1223 2125 1280 rium terminabitur, & finietur in praedicto iudicio; & mal
1292 1263 2132 1322 punientur pro sua nequitia, qua homtnes seduxerunt, &
1295 1307 2150 1360 id peccatum adduxerunt. Etiam boni Angelrtunc magis
1292 1343 2135 1407 gaudebunt de noua societate hominum boratorum, & econ
1290 1393 2131 1435 tra, mali aliquo modo tunc punientur de noua super eos
1289 1429 1901 1475 conculcatione multorum damnatorum.
1310 1456 2141 1517 Forte dicetur, si malorum Angelorum augeretur pena
1291 1502 2139 1558 ex damnatione hominum tunc ipsi non tentarent homi¬
1292 1540 2028 1598 nes, nec niterentur eos trahere ad infernum.
1329 1575 2138 1638 Respondeo, quod quamuis malus Angelus in tentando
1301 1623 2149 1670 nomines, & eorum damnationem procurando, studeat sua
1293 1660 2142 1712 malitiam adimplere, tamen ex hoc non reportat commo
1293 1697 2138 1754 dum, sed poenamequia in huiusmodi tentatione, uel vinci
1293 1745 2149 1790 tur ab homine, & tunc daemon confunditur, & ratione hu
1299 1783 2137 1833 iusmodi confusionis, valde torquetur, vel vincit hominem;
1296 1817 2144 1866 talis igitur homo victus, vel agit, antequam moriatur, fru
1290 1854 2146 1912 ctuosam, & ueram poenitentiam, & tunc iterum torquebi
1293 1896 2149 1954 tur daemon, ratione inuidiae, vel talis homo moritur in pec
1296 1933 2132 1993 cato, & tunc daemonis poena ex hoc augebitur, quasi per
1289 1970 2135 2024 accidens, quia quando ardens ardenti iungitur, ex hoc ai
1289 2007 2148 2063 dor vtriusque magis inualescit: Sed homo, qui damna¬
1304 2050 2141 2110 tur, adiungitur daemoni in inserno: ergo augmentabitur
1295 2092 2147 2146 poena daemonis ex damnatione hominis. Hoc tamen non
1304 2128 2146 2180 obstante, ipse non desinet vsque ad nouissimum diem a
1302 2180 2143 2220 tentatione, & seductione hominis, & hoc vel quia ex¬
1296 2207 2144 2256 coecatus malitia, non aduertit tale malum, quod ex hu¬
1295 2241 2153 2295 iusmodi tentatione sibi, modis iam dictis, est futurum, vt
1312 2291 2143 2340 le diabolo sic illuso verificetur illud psal. Draco iste,
1310 2322 2150 2382 uem formasti ad illudendum ei. vel propter nimiam in
1299 2375 2147 2417 uidiam, quam habet ad hominem, seipsum sponte expo
1297 2414 2147 2459 nit huiusmodi dispendio, vt hominem, quem mortaliter
1296 2452 2152 2498 odit, in perpetuam damnationem secum trahat. Et sic de
1296 2490 2155 2533 diabolo implebitur prouerbium, quo dicitur, quod inui¬
1296 2528 2143 2588 dus vellet sibi vnum oculum erui, vt ei,cui inuidet, ambo
1303 2568 1556 2620 oculi eruerentur,
1404 2786 2054 2865 Quomodo vespectu mundi ignis se habeat
1374 2678 2066 2779 IL: A RTICVLVS IIII
1629 2849 1806 2920 pirgature
1382 2980 2145 3031 VANTVM ad quartum articulum; duo solet inqui
1314 3028 2148 3084 Tt. Primo, cuius naturae sit ille ignis, qui in fine se¬
1302 3066 2142 3118 culi purgabit ipsum mundum. Secundo, vtrum ille ignis pre¬
1303 3113 2151 3169 cedat, velsequatur extremum iudicium. Et istae quae¬
