<?xml version="1.0" encoding="UTF-8" standalone="yes"?>
<PcGts xmlns="http://schema.primaresearch.org/PAGE/gts/pagecontent/2013-07-15" xmlns:xsi="http://www.w3.org/2001/XMLSchema-instance" xsi:schemaLocation="http://schema.primaresearch.org/PAGE/gts/pagecontent/2013-07-15 http://schema.primaresearch.org/PAGE/gts/pagecontent/2013-07-15/pagecontent.xsd">
    <Metadata>
        <Creator>prov=University of Rostock/Institute of Mathematics/CITlab|PLANET AI GmbH/Gundram Leifert/gundram.leifert@planet-ai.de:name=cod-P122zz-m2(htr_id=26330)::::v=2.6.7
prov=University of Rostock/Institute of Mathematics/CITlab|PLANET AI GmbH/Tobias Gruening/tobias.gruening@planet-ai.de:name=de.uros.citlab.module.baseline2polygon.B2PSeamMultiOriented:v=2.6.7
prov=University of Rostock/Institute of Mathematics/CITlab|PLANET AI GmbH/Tobias Gruening/tobias.gruening@planet-ai.de:name=/net_tf/LA73_249_0mod360.pb:de.uros.citlab.segmentation.CITlab_LA_ML:v=2.6.6
Transkribus</Creator>
        <Created>2020-10-05T23:25:43.913+02:00</Created>
        <LastChange>2020-10-27T22:56:42.889+01:00</LastChange>
        <TranskribusMetadata docId="505580" pageId="20955671" pageNr="821" tsid="46904823" status="IN_PROGRESS" userId="25065" imgUrl="https://files.transkribus.eu/Get?id=VTNNXKJFCZWHPPGIQLTGIODV&amp;fileType=view" xmlUrl="https://files.transkribus.eu/Get?id=NYPYBITJFACQPRXDKMLNKFIQ" imageId="16096868"/>
    </Metadata>
    <Page imageFilename="820.jpg" imageWidth="2420" imageHeight="3527">
        <ReadingOrder>
            <OrderedGroup id="ro_1603931118216" caption="Regions reading order">
                <RegionRefIndexed index="0" regionRef="r2"/>
                <RegionRefIndexed index="1" regionRef="r3"/>
            </OrderedGroup>
        </ReadingOrder>
        <TextRegion orientation="0.0" id="r2" custom="readingOrder {index:0;}">
            <Coords points="239,193 239,3160 1116,3160 1116,193"/>
            <TextLine id="r2l2" custom="readingOrder {index:0;}">
                <Coords points="255,291 1118,301 1118,249 667,261 402,228 256,258"/>
                <Baseline points="261,281 303,281 346,281 388,281 431,281 474,281 516,281 559,281 601,281 644,281 687,281 729,282 772,282 814,282 857,282 900,282 942,284 985,284 1027,285 1070,285 1113,287"/>
                <TextEquiv>
                    <Unicode>rum specierum, restat videre quomodo per eas impedi¬</Unicode>
                </TextEquiv>
            </TextLine>
            <TextLine id="r2l3" custom="readingOrder {index:1;}">
                <Coords points="259,334 297,342 320,327 372,328 386,337 413,328 433,341 476,330 551,341 551,304 488,292 460,305 448,297 426,304 403,291 382,304 369,297 317,304 288,291 259,299"/>
                <Baseline points="264,320 289,321 315,321 340,321 366,321 391,320 417,320 442,320 468,321 493,321 519,322 545,324"/>
                <TextEquiv>
                    <Unicode>tur matrimonium,</Unicode>
                </TextEquiv>
            </TextLine>
            <TextLine id="r2l4" custom="readingOrder {index:2;}">
                <Coords points="298,368 1109,375 1109,339 938,321 907,341 815,321 760,341 298,334"/>
                <Baseline points="303,360 343,360 383,360 423,360 463,360 503,360 543,359 583,359 623,359 663,359 703,359 743,359 783,359 823,359 863,360 903,360 943,362 983,362 1023,363 1063,365 1104,366"/>
                <TextEquiv>
                    <Unicode>Quantum igitur ad primam speciem est sciendum</Unicode>
                </TextEquiv>
            </TextLine>
            <TextLine id="r2l5" custom="readingOrder {index:3;}">
                <Coords points="261,416 1121,408 1121,383 1047,374 261,372"/>
                <Baseline points="266,399 308,399 351,399 393,399 436,399 478,399 521,399 563,399 606,398 648,398 691,399 733,399 776,399 818,399 861,399 903,399 946,401 988,401 1031,402 1073,402 1116,404"/>
                <TextEquiv>
                    <Unicode>quod pater spiritualis non potest contrahere matrimo¬</Unicode>
                </TextEquiv>
            </TextLine>
            <TextLine id="r2l6" custom="readingOrder {index:4;}">
                <Coords points="258,445 1106,457 1085,408 258,414"/>
                <Baseline points="263,440 304,440 346,440 388,440 430,440 472,440 514,440 555,438 597,438 639,438 681,438 723,438 765,438 807,438 848,440 890,440 932,440 974,441 1016,442 1058,443 1100,444"/>
                <TextEquiv>
                    <Unicode>nium cum filia spirituali, nec mater spiritualis cum filic</Unicode>
                </TextEquiv>
            </TextLine>
            <TextLine id="r2l7" custom="readingOrder {index:5;}">
                <Coords points="261,494 1108,496 1108,461 1028,450 262,447"/>
                <Baseline points="267,477 308,479 350,479 392,479 434,479 476,479 517,479 559,479 601,479 643,479 685,479 726,479 768,479 810,480 852,480 894,480 935,480 977,481 1019,482 1061,482 1103,483"/>
                <TextEquiv>
                    <Unicode>spirituali. dato, quod contrahant penitus est dirimen¬</Unicode>
                </TextEquiv>
            </TextLine>
            <TextLine id="r2l8" custom="readingOrder {index:6;}">
                <Coords points="261,535 713,551 875,526 930,553 1110,549 1110,498 1050,489 261,495"/>
                <Baseline points="266,518 307,518 349,519 391,519 433,521 475,521 517,521 559,521 601,521 643,521 685,521 726,521 768,521 810,521 852,521 894,521 936,522 978,522 1020,524 1062,526 1104,527"/>
                <TextEquiv>
                    <Unicode>dum. lstud patet trigesima, quaestione tertia, capitulo Pi</Unicode>
                </TextEquiv>
            </TextLine>
            <TextLine id="r2l9" custom="readingOrder {index:7;}">
                <Coords points="257,570 334,566 348,575 357,569 367,573 379,571 379,535 371,536 357,528 352,531 346,526 335,530 310,527 295,539 281,533 273,537 258,534"/>
                <Baseline points="263,558 290,557 318,557 346,558 374,561"/>
                <TextEquiv>
                    <Unicode>tacium,</Unicode>
                </TextEquiv>
            </TextLine>
            <TextLine id="r2l10" custom="readingOrder {index:8;}">
                <Coords points="299,609 1103,617 1103,573 1038,563 1010,583 804,559 700,580 300,568"/>
                <Baseline points="305,597 344,599 384,599 423,600 463,600 503,600 542,600 582,600 622,600 661,600 701,599 741,599 780,599 820,599 860,599 899,600 939,600 979,602 1018,602 1058,603 1098,605"/>
                <TextEquiv>
                    <Unicode>Hic tamen nota, quod si pater spiritualis contrahit cum</Unicode>
                </TextEquiv>
            </TextLine>
            <TextLine id="r2l11" custom="readingOrder {index:9;}">
                <Coords points="252,653 1100,662 1100,619 1034,613 253,607"/>
                <Baseline points="258,635 299,636 341,638 383,638 425,638 467,639 509,639 550,639 592,639 634,639 676,639 718,639 760,639 802,639 843,639 885,641 927,641 969,641 1011,642 1053,644 1095,644"/>
                <TextEquiv>
                    <Unicode>sorore suae filiae, vel filii spiritualis, tale matrimonium not</Unicode>
                </TextEquiv>
            </TextLine>
            <TextLine id="r2l12" custom="readingOrder {index:10;}">
                <Coords points="259,694 1106,699 1106,662 1032,648 943,671 872,647 259,656"/>
                <Baseline points="264,674 305,675 347,677 389,677 431,678 473,678 514,678 556,678 598,680 640,680 682,680 723,680 765,680 807,680 849,680 891,680 932,680 974,680 1016,681 1058,681 1100,681"/>
                <TextEquiv>
                    <Unicode>est dirimendum, vt expresse patet trigesima, quaestione</Unicode>
                </TextEquiv>
            </TextLine>
            <TextLine id="r2l13" custom="readingOrder {index:11;}">
                <Coords points="252,729 1100,741 1100,699 1020,688 592,707 252,684"/>
                <Baseline points="258,713 299,714 341,716 383,717 425,717 467,719 509,719 550,719 592,719 634,719 676,719 718,719 760,719 802,719 843,719 885,719 927,720 969,720 1011,720 1053,722 1095,722"/>
                <TextEquiv>
                    <Unicode>tertia, cap. illud etiam. Nec etiam esset matrimonium</Unicode>
                </TextEquiv>
            </TextLine>
            <TextLine id="r2l14" custom="readingOrder {index:12;}">
                <Coords points="258,761 468,785 1083,779 1103,742 258,725"/>
                <Baseline points="263,753 304,755 346,756 388,758 429,758 471,759 513,759 554,759 596,759 638,759 680,759 721,758 763,758 805,758 846,758 888,758 930,759 971,759 1013,759 1055,761 1097,762"/>
                <TextEquiv>
                    <Unicode>dirimendum, si pater spiritualis contraheret cum filia cat</Unicode>
                </TextEquiv>
            </TextLine>
            <TextLine id="r2l15" custom="readingOrder {index:13;}">
                <Coords points="247,811 1102,810 1102,779 988,764 247,776"/>
                <Baseline points="252,794 294,795 336,796 378,797 421,797 463,798 505,798 547,798 590,798 632,798 674,798 716,797 759,797 801,797 843,797 885,798 928,798 970,798 1012,800 1054,800 1097,803"/>
                <TextEquiv>
                    <Unicode>naliter genita a suo filio spirituali: quia spiritualis cogna</Unicode>
                </TextEquiv>
            </TextLine>
            <TextLine id="r2l16" custom="readingOrder {index:14;}">
                <Coords points="246,847 1097,855 1082,808 246,811"/>
                <Baseline points="251,831 293,834 335,834 377,836 419,837 461,837 503,837 545,837 587,837 629,837 671,837 713,837 755,837 797,837 839,837 881,837 923,839 965,839 1007,840 1049,840 1092,842"/>
                <TextEquiv>
                    <Unicode>tio non habet aliquos gradus, sicut ait Innocentius in glo</Unicode>
                </TextEquiv>
            </TextLine>
            <TextLine id="r2l17" custom="readingOrder {index:15;}">
                <Coords points="243,890 910,881 947,906 1102,897 1103,855 243,847"/>
                <Baseline points="249,872 291,873 333,875 376,876 418,876 461,878 503,878 545,878 588,878 630,878 673,878 715,878 757,878 800,878 842,878 885,878 927,878 969,878 1012,879 1054,880 1097,882"/>
                <TextEquiv>
                    <Unicode>sa super primo capitulo, extra de spirituali cognatione.</Unicode>
                </TextEquiv>
            </TextLine>
            <TextLine id="r2l18" custom="readingOrder {index:16;}">
                <Coords points="288,928 1097,927 1087,889 288,884"/>
                <Baseline points="293,912 335,914 377,915 419,917 461,917 503,918 545,918 587,918 629,918 671,918 713,917 755,917 797,917 839,917 881,917 923,917 965,917 1007,918 1049,918 1092,920"/>
                <TextEquiv>
                    <Unicode>Est etiam hic notandum, quod paternitas spiritualis</Unicode>
                </TextEquiv>
            </TextLine>
            <TextLine id="r2l19" custom="readingOrder {index:17;}">
                <Coords points="255,960 1093,968 1083,928 255,931"/>
                <Baseline points="260,951 301,954 342,955 384,956 425,957 467,957 508,957 549,957 591,957 632,957 674,957 715,957 756,956 798,956 839,956 881,956 922,956 963,957 1005,957 1046,959 1088,960"/>
                <TextEquiv>
                    <Unicode>adueniens alicui, postquam carnaliter cognouit vxorem</Unicode>
                </TextEquiv>
            </TextLine>
            <TextLine id="r2l20" custom="readingOrder {index:18;}">
                <Coords points="256,999 499,1023 519,1004 1084,1015 1084,973 979,961 842,982 256,960"/>
                <Baseline points="261,992 301,993 342,994 383,995 424,996 465,996 506,996 547,996 588,996 629,996 670,996 710,996 751,995 792,995 833,995 874,995 915,996 956,996 997,996 1038,998 1079,999"/>
                <TextEquiv>
                    <Unicode>suam, praestat impedimentum vxori, ne contrahat ma</Unicode>
                </TextEquiv>
            </TextLine>
            <TextLine id="r2l21" custom="readingOrder {index:19;}">
                <Coords points="259,1047 1034,1057 1090,1048 1091,1010 259,1008"/>
                <Baseline points="264,1029 305,1032 346,1034 387,1035 428,1037 469,1037 510,1037 551,1037 592,1037 633,1037 674,1036 715,1035 756,1035 797,1035 838,1034 879,1035 920,1035 961,1035 1002,1037 1043,1038 1085,1041"/>
                <TextEquiv>
                    <Unicode>trimonium cum filio spirituali ipsius mariti. Secus tamen</Unicode>
                </TextEquiv>
            </TextLine>
            <TextLine id="r2l22" custom="readingOrder {index:20;}">
                <Coords points="246,1091 1088,1091 1077,1048 246,1048"/>
                <Baseline points="251,1071 292,1072 334,1074 375,1074 417,1076 459,1076 500,1076 542,1076 583,1076 625,1076 667,1076 708,1076 750,1076 791,1076 833,1076 875,1076 916,1076 958,1076 999,1077 1041,1077 1083,1079"/>
                <TextEquiv>
                    <Unicode>esset, si huiusmodi spiritualis paternitas marito ante ad</Unicode>
                </TextEquiv>
            </TextLine>
            <TextLine id="r2l23" custom="readingOrder {index:21;}">
                <Coords points="244,1124 1095,1134 1095,1100 1027,1085 244,1089"/>
                <Baseline points="249,1112 291,1113 333,1114 375,1115 417,1115 459,1115 501,1115 543,1115 585,1115 627,1115 669,1115 711,1115 753,1115 795,1115 837,1115 879,1115 921,1115 963,1116 1005,1116 1047,1117 1089,1118"/>
                <TextEquiv>
                    <Unicode>uenisset, quam cognouit vxorem: quia ante illud tepus, </Unicode>
                </TextEquiv>
            </TextLine>
            <TextLine id="r2l24" custom="readingOrder {index:22;}">
                <Coords points="241,1162 1097,1168 1097,1135 1002,1122 241,1129"/>
                <Baseline points="246,1151 288,1152 330,1154 372,1154 415,1154 457,1155 499,1155 542,1154 584,1154 626,1154 669,1154 711,1154 753,1152 795,1152 838,1152 880,1154 922,1154 965,1155 1007,1155 1049,1158 1092,1160"/>
                <TextEquiv>
                    <Unicode>vir non fuit vna caro cum vxore: ideo exactione sua, qua</Unicode>
                </TextEquiv>
            </TextLine>
            <TextLine id="r2l25" custom="readingOrder {index:23;}">
                <Coords points="243,1202 1093,1216 1094,1177 243,1162"/>
                <Baseline points="248,1193 290,1193 332,1193 374,1194 416,1194 458,1194 500,1194 542,1194 584,1194 626,1194 668,1194 710,1194 752,1193 794,1193 836,1193 878,1194 920,1194 962,1194 1004,1196 1046,1196 1088,1197"/>
                <TextEquiv>
                    <Unicode>huiusmodi spiritualem filium de sacro fonte suscepit, ni</Unicode>
                </TextEquiv>
            </TextLine>
            <TextLine id="r2l26" custom="readingOrder {index:24;}">
                <Coords points="240,1243 1088,1259 1088,1214 976,1202 240,1202"/>
                <Baseline points="245,1232 286,1232 328,1233 370,1233 412,1234 454,1235 496,1235 537,1235 579,1235 621,1235 663,1235 705,1235 747,1235 789,1235 830,1235 872,1235 914,1235 956,1235 998,1235 1040,1236 1082,1236"/>
                <TextEquiv>
                    <Unicode>hil communicabatur vxori. Et istud patet trigesima quo</Unicode>
                </TextEquiv>
            </TextLine>
            <TextLine id="r2l27" custom="readingOrder {index:25;}">
                <Coords points="238,1282 841,1293 842,1258 238,1244"/>
                <Baseline points="243,1271 272,1271 302,1272 331,1272 361,1272 391,1274 420,1274 450,1274 480,1274 509,1274 539,1274 569,1274 598,1274 628,1275 658,1275 687,1275 717,1275 747,1275 776,1275 806,1275 836,1275"/>
                <TextEquiv>
                    <Unicode>stione quarta, capitulo, qui spiritualem.</Unicode>
                </TextEquiv>
            </TextLine>
            <TextLine id="r2l28" custom="readingOrder {index:26;}">
                <Coords points="285,1320 1093,1335 1093,1293 966,1281 285,1284"/>
                <Baseline points="290,1311 329,1311 369,1313 409,1313 449,1314 489,1314 529,1314 569,1314 609,1314 649,1314 689,1314 728,1314 768,1314 808,1314 848,1314 888,1314 928,1314 968,1314 1008,1316 1048,1316 1088,1317"/>
                <TextEquiv>
                    <Unicode>Forte dicetur, quod sicut notauit rugo trigesima, que</Unicode>
                </TextEquiv>
            </TextLine>
            <TextLine id="r2l29" custom="readingOrder {index:27;}">
                <Coords points="247,1364 1088,1365 1078,1331 897,1321 447,1343 247,1322"/>
                <Baseline points="252,1352 293,1352 335,1353 376,1353 418,1353 459,1355 501,1355 542,1355 584,1353 625,1353 667,1353 708,1353 750,1353 791,1353 833,1353 874,1353 916,1353 957,1353 999,1355 1040,1355 1082,1356"/>
                <TextEquiv>
                    <Unicode>stione prima, capitulo omnes, conferens sacramentum</Unicode>
                </TextEquiv>
            </TextLine>
            <TextLine id="r2l30" custom="readingOrder {index:28;}">
                <Coords points="237,1408 1091,1408 1083,1365 237,1363"/>
                <Baseline points="242,1394 284,1394 326,1394 368,1394 410,1394 452,1394 494,1394 537,1394 579,1394 621,1394 663,1394 705,1394 747,1394 789,1394 832,1395 874,1395 916,1395 958,1395 1000,1395 1042,1395 1085,1395"/>
                <TextEquiv>
                    <Unicode>poenitentiae, si aliud obstaculum non haberet propter sa</Unicode>
                </TextEquiv>
            </TextLine>
            <TextLine id="r2l31" custom="readingOrder {index:29;}">
                <Coords points="247,1444 1023,1453 1086,1442 1086,1408 247,1411"/>
                <Baseline points="252,1430 293,1431 334,1431 376,1433 417,1433 459,1433 500,1433 541,1434 583,1434 624,1434 666,1434 707,1434 748,1434 790,1434 831,1433 873,1433 914,1433 955,1434 997,1434 1038,1434 1080,1434"/>
                <TextEquiv>
                    <Unicode>crum ordinem, ipse posset contrahere matrimonium</Unicode>
                </TextEquiv>
            </TextLine>
            <TextLine id="r2l32" custom="readingOrder {index:30;}">
                <Coords points="249,1480 1094,1486 1094,1446 1058,1441 249,1443"/>
                <Baseline points="254,1470 295,1470 337,1472 379,1472 421,1472 462,1473 504,1473 546,1473 588,1473 629,1473 671,1473 713,1472 755,1472 796,1472 838,1472 880,1472 922,1472 963,1473 1005,1473 1047,1473 1089,1475"/>
                <TextEquiv>
                    <Unicode>cum ea, quam recipit ad huiusmodi sacramentum: sed </Unicode>
                </TextEquiv>
            </TextLine>
            <TextLine id="r2l33" custom="readingOrder {index:31;}">
                <Coords points="253,1520 1091,1516 1091,1488 1042,1478 980,1503 931,1480 253,1479"/>
                <Baseline points="258,1511 299,1511 340,1512 382,1512 423,1512 465,1512 506,1512 547,1512 589,1512 630,1512 672,1512 713,1512 754,1512 796,1512 837,1512 879,1512 920,1512 961,1512 1003,1512 1044,1512 1086,1512"/>
                <TextEquiv>
                    <Unicode>planum est, quod talis est pater spiritualis huius mulie¬</Unicode>
                </TextEquiv>
            </TextLine>
            <TextLine id="r2l34" custom="readingOrder {index:32;}">
                <Coords points="241,1564 1081,1572 1094,1516 241,1530"/>
                <Baseline points="246,1550 288,1550 330,1551 372,1551 414,1553 456,1553 498,1553 540,1553 582,1553 624,1553 667,1553 709,1553 751,1554 793,1554 835,1553 877,1553 919,1553 961,1553 1003,1553 1045,1553 1088,1554"/>
                <TextEquiv>
                    <Unicode>ris: ergo pater spiritualis ratione huiusmodi paternitatis</Unicode>
                </TextEquiv>
            </TextLine>
            <TextLine id="r2l35" custom="readingOrder {index:33;}">
                <Coords points="243,1607 1088,1608 1088,1570 1059,1565 244,1566"/>
                <Baseline points="249,1589 290,1590 332,1590 374,1590 415,1592 457,1592 499,1592 540,1592 582,1592 624,1592 666,1592 707,1592 749,1592 791,1592 832,1593 874,1593 916,1593 957,1593 999,1593 1041,1593 1083,1593"/>
                <TextEquiv>
                    <Unicode>non prohibetur, quin possit contrahere matrimonium</Unicode>
                </TextEquiv>
            </TextLine>
            <TextLine id="r2l36" custom="readingOrder {index:34;}">
                <Coords points="246,1639 1084,1645 1084,1608 1001,1602 246,1607"/>
                <Baseline points="252,1628 293,1629 334,1629 376,1631 417,1631 458,1631 500,1631 541,1632 582,1632 624,1632 665,1632 706,1632 748,1632 789,1632 830,1632 872,1632 913,1632 954,1632 996,1632 1037,1632 1079,1632"/>
                <TextEquiv>
                    <Unicode>cum sua filia spirituali: cuius oppositum asseritur in pra</Unicode>
                </TextEquiv>
            </TextLine>
            <TextLine id="r2l37" custom="readingOrder {index:35;}">
                <Coords points="244,1683 1082,1682 1082,1643 244,1639"/>
                <Baseline points="249,1670 290,1670 331,1670 373,1671 414,1671 456,1671 497,1671 538,1671 580,1671 621,1671 663,1671 704,1671 745,1671 787,1671 828,1671 870,1671 911,1671 952,1671 994,1671 1035,1671 1077,1671"/>
                <TextEquiv>
                    <Unicode>dictis Maior patet, non solum per Hugonem, sed etian</Unicode>
                </TextEquiv>
            </TextLine>
            <TextLine id="r2l38" custom="readingOrder {index:36;}">
                <Coords points="243,1728 1090,1724 1090,1691 1034,1679 910,1700 707,1672 648,1695 244,1691"/>
                <Baseline points="249,1707 290,1709 332,1709 374,1710 416,1710 458,1710 499,1710 541,1710 583,1710 625,1710 667,1710 708,1710 750,1710 792,1710 834,1710 876,1710 917,1710 959,1710 1001,1712 1043,1712 1085,1713"/>
                <TextEquiv>
                    <Unicode>per Hlostien vnde secundum istos doctores, etiam filius</Unicode>
                </TextEquiv>
            </TextLine>
            <TextLine id="r2l39" custom="readingOrder {index:37;}">
                <Coords points="238,1760 994,1772 1086,1760 1086,1724 238,1729"/>
                <Baseline points="243,1749 284,1749 326,1749 368,1749 410,1751 452,1751 494,1751 535,1751 577,1751 619,1751 661,1751 703,1751 745,1751 787,1751 828,1751 870,1751 912,1751 954,1751 996,1752 1038,1752 1080,1752"/>
                <TextEquiv>
                    <Unicode>carnalis sacerdotis potest contrahere matrimonium cum</Unicode>
                </TextEquiv>
            </TextLine>
            <TextLine id="r2l40" custom="readingOrder {index:38;}">
                <Coords points="237,1795 1091,1802 1060,1761 237,1760"/>
                <Baseline points="242,1788 284,1788 326,1790 368,1790 410,1790 452,1790 494,1791 537,1791 579,1791 621,1791 663,1791 705,1791 747,1791 789,1790 832,1790 874,1790 916,1790 958,1790 1000,1790 1042,1791 1085,1791"/>
                <TextEquiv>
                    <Unicode>ea, quam pater suus audiuit, &amp; absoluit in foro poeniten</Unicode>
                </TextEquiv>
            </TextLine>
            <TextLine id="r2l41" custom="readingOrder {index:39;}">
                <Coords points="234,1839 1054,1849 1094,1843 1094,1800 234,1806"/>
                <Baseline points="239,1829 281,1829 324,1829 366,1829 409,1829 451,1829 494,1829 536,1830 579,1830 621,1830 664,1830 706,1830 749,1830 791,1830 834,1829 876,1829 919,1829 961,1829 1004,1829 1046,1830 1089,1830"/>
                <TextEquiv>
                    <Unicode>tiae. Ratio istorum doctorum potissima est ista, quia istud</Unicode>
                </TextEquiv>
            </TextLine>
            <TextLine id="r2l42" custom="readingOrder {index:40;}">
                <Coords points="234,1881 1093,1883 1081,1841 234,1841"/>
                <Baseline points="239,1869 281,1869 323,1869 366,1869 408,1869 451,1869 493,1869 536,1869 578,1869 621,1869 663,1869 705,1869 748,1869 790,1869 833,1869 875,1869 918,1869 960,1869 1003,1869 1045,1871 1088,1871"/>
                <TextEquiv>
                    <Unicode>in iure nusquam inuenitur esse prohibitum. Minor etiam</Unicode>
                </TextEquiv>
            </TextLine>
            <TextLine id="r2l43" custom="readingOrder {index:41;}">
                <Coords points="246,1929 1089,1929 1089,1882 246,1887"/>
                <Baseline points="252,1908 293,1908 335,1908 376,1908 418,1908 459,1908 501,1908 542,1908 584,1908 625,1908 667,1908 709,1908 750,1908 792,1908 833,1908 875,1908 916,1908 958,1908 999,1908 1041,1908 1083,1908"/>
                <TextEquiv>
                    <Unicode>patet quia ex communi vsuloquendi confessor dicitur</Unicode>
                </TextEquiv>
            </TextLine>
            <TextLine id="r2l44" custom="readingOrder {index:42;}">
                <Coords points="236,1967 1066,1966 1093,1927 236,1929"/>
                <Baseline points="242,1947 284,1947 326,1947 368,1947 411,1947 453,1949 495,1949 538,1949 580,1949 622,1949 665,1949 707,1949 749,1949 791,1949 834,1949 876,1949 918,1949 961,1949 1003,1949 1045,1949 1088,1949"/>
                <TextEquiv>
                    <Unicode>pater spiritualis illorum, quos audit, &amp; absoluit in con¬</Unicode>
                </TextEquiv>
            </TextLine>
            <TextLine id="r2l45" custom="readingOrder {index:43;}">
                <Coords points="245,1999 836,2018 1085,1998 1085,1965 245,1973"/>
                <Baseline points="251,1986 292,1988 333,1988 375,1989 416,1989 458,1989 499,1989 541,1989 582,1991 624,1991 665,1991 706,1991 748,1991 789,1991 831,1991 872,1989 914,1989 955,1989 997,1989 1038,1989 1080,1989"/>
                <TextEquiv>
                    <Unicode>tessione. Patet etiam ex quibusdam antiquis versibus</Unicode>
                </TextEquiv>
            </TextLine>
            <TextLine id="r2l46" custom="readingOrder {index:44;}">
                <Coords points="234,2057 269,2044 302,2048 313,2037 382,2045 519,2041 519,2008 481,1999 451,2010 386,1996 334,2010 293,1998 234,2004"/>
                <Baseline points="239,2028 266,2027 293,2027 321,2027 348,2027 376,2028 403,2028 430,2028 458,2030 485,2031 513,2033"/>
                <TextEquiv>
                    <Unicode>quibus dicitur sic¬</Unicode>
                </TextEquiv>
            </TextLine>
            <TextLine id="r2l47" custom="readingOrder {index:45;}">
                <Coords points="325,2082 1037,2086 1037,2045 982,2034 864,2052 776,2030 741,2049 325,2042"/>
                <Baseline points="330,2067 365,2067 400,2069 435,2069 470,2069 505,2069 540,2069 575,2069 610,2069 645,2069 681,2069 716,2069 751,2069 786,2069 821,2069 856,2069 891,2070 926,2070 961,2070 996,2072 1032,2072"/>
                <TextEquiv>
                    <Unicode>Quem de fonte leuas tangendo, siue tenendo,</Unicode>
                </TextEquiv>
            </TextLine>
            <TextLine id="r2l48" custom="readingOrder {index:46;}">
                <Coords points="321,2121 992,2125 992,2096 938,2079 322,2081"/>
                <Baseline points="327,2108 360,2108 393,2109 426,2109 459,2109 492,2109 525,2109 558,2109 591,2109 624,2109 657,2109 690,2109 723,2109 756,2109 789,2110 822,2111 855,2111 888,2111 921,2113 954,2114 987,2115"/>
                <TextEquiv>
                    <Unicode>Vel confirmando, sua vel peccata fatendo,</Unicode>
                </TextEquiv>
            </TextLine>
            <TextLine id="r2l49" custom="readingOrder {index:47;}">
                <Coords points="324,2159 340,2153 367,2172 417,2158 435,2169 515,2159 528,2171 566,2158 654,2158 675,2172 752,2162 752,2127 736,2121 643,2132 611,2119 565,2134 527,2120 460,2132 444,2118 397,2131 325,2120"/>
                <Baseline points="330,2147 356,2147 382,2148 408,2148 434,2148 460,2149 486,2150 512,2150 538,2150 564,2150 590,2150 616,2150 642,2150 668,2150 694,2150 720,2150 747,2150"/>
                <TextEquiv>
                    <Unicode>Filius ille tibi spiritualis erit</Unicode>
                </TextEquiv>
            </TextLine>
            <TextLine id="r2l50" custom="readingOrder {index:48;}">
                <Coords points="269,2197 485,2217 533,2196 1090,2199 1082,2161 946,2151 896,2172 788,2147 747,2172 462,2175 269,2151"/>
                <Baseline points="275,2187 315,2187 356,2189 396,2189 437,2189 477,2189 518,2190 558,2190 599,2190 639,2190 680,2189 720,2189 761,2189 801,2189 842,2189 882,2189 923,2189 963,2189 1004,2189 1044,2190 1085,2190"/>
                <TextEquiv>
                    <Unicode>Respondeo, quod ista instantia nihil concludit contra</Unicode>
                </TextEquiv>
            </TextLine>
            <TextLine id="r2l51" custom="readingOrder {index:49;}">
                <Coords points="258,2251 1097,2240 1082,2198 486,2218 258,2191"/>
                <Baseline points="263,2228 304,2228 345,2229 387,2229 428,2229 470,2229 511,2229 553,2229 594,2229 636,2229 677,2229 718,2229 760,2229 801,2229 843,2229 884,2229 926,2229 967,2229 1009,2229 1050,2229 1092,2229"/>
                <TextEquiv>
                    <Unicode>praedicta: quia, vt patet in ingressu istius tortii articuli, </Unicode>
                </TextEquiv>
            </TextLine>
            <TextLine id="r2l52" custom="readingOrder {index:50;}">
                <Coords points="240,2287 1093,2284 1093,2240 240,2250"/>
                <Baseline points="245,2268 287,2268 329,2268 371,2268 413,2268 455,2268 497,2268 540,2268 582,2268 624,2268 666,2268 708,2268 750,2268 792,2268 835,2268 877,2268 919,2268 961,2268 1003,2268 1045,2267 1088,2267"/>
                <TextEquiv>
                    <Unicode>ego patrem spiritualem ad praesens limitaui, quantum ad</Unicode>
                </TextEquiv>
            </TextLine>
            <TextLine id="r2l53" custom="readingOrder {index:51;}">
                <Coords points="252,2314 1026,2326 1093,2316 1093,2286 252,2289"/>
                <Baseline points="257,2307 298,2307 340,2307 381,2307 423,2307 464,2307 506,2307 547,2307 589,2307 630,2307 672,2309 714,2309 755,2309 797,2309 838,2309 880,2309 921,2309 963,2309 1004,2309 1046,2307 1088,2307"/>
                <TextEquiv>
                    <Unicode>paternitatem, quae acquiritur ex his, quae fiunt circa duo</Unicode>
                </TextEquiv>
            </TextLine>
            <TextLine id="r2l54" custom="readingOrder {index:52;}">
                <Coords points="247,2362 1091,2359 1091,2315 247,2315"/>
                <Baseline points="252,2348 293,2348 335,2348 377,2348 418,2348 460,2348 502,2348 543,2348 585,2348 627,2349 669,2349 710,2349 752,2349 794,2349 835,2349 877,2348 919,2348 960,2348 1002,2348 1044,2348 1086,2348"/>
                <TextEquiv>
                    <Unicode>sacramenta tantum, scilicet, circa sacramentum baptis¬</Unicode>
                </TextEquiv>
            </TextLine>
            <TextLine id="r2l55" custom="readingOrder {index:53;}">
                <Coords points="246,2398 1094,2409 1087,2357 246,2369"/>
                <Baseline points="252,2387 293,2387 335,2388 377,2388 419,2388 461,2388 503,2388 544,2387 586,2387 628,2387 670,2387 712,2387 754,2387 796,2388 837,2388 879,2388 921,2388 963,2388 1005,2388 1047,2388 1089,2390"/>
                <TextEquiv>
                    <Unicode>mi, &amp; confirmationis : &amp; ideo de quocunque alio patre</Unicode>
                </TextEquiv>
            </TextLine>
            <TextLine id="r2l56" custom="readingOrder {index:54;}">
                <Coords points="236,2450 979,2445 979,2407 931,2398 236,2400"/>
                <Baseline points="242,2427 278,2427 315,2429 351,2429 388,2429 425,2429 461,2427 498,2427 534,2427 571,2427 608,2427 644,2427 681,2427 717,2426 754,2426 791,2426 827,2426 864,2427 900,2427 937,2427 974,2429"/>
                <TextEquiv>
                    <Unicode>spitituali arguitur, hoc non est contra praedicta.</Unicode>
                </TextEquiv>
            </TextLine>
            <TextLine id="r2l57" custom="readingOrder {index:55;}">
                <Coords points="306,2486 1094,2484 1094,2443 1028,2431 306,2438"/>
                <Baseline points="311,2469 349,2469 388,2469 427,2468 466,2468 505,2468 544,2468 583,2468 622,2466 661,2466 700,2466 738,2466 777,2465 816,2465 855,2465 894,2466 933,2466 972,2466 1011,2468 1050,2469 1089,2471"/>
                <TextEquiv>
                    <Unicode>quantum ad secundam speciem est aduertendum</Unicode>
                </TextEquiv>
            </TextLine>
            <TextLine id="r2l58" custom="readingOrder {index:56;}">
                <Coords points="240,2520 1053,2529 1100,2516 1100,2488 239,2492"/>
                <Baseline points="245,2510 287,2510 330,2509 372,2508 415,2508 457,2508 500,2507 542,2507 585,2507 627,2507 670,2507 712,2507 755,2507 797,2507 840,2507 882,2507 925,2507 967,2507 1010,2507 1052,2505 1095,2505"/>
                <TextEquiv>
                    <Unicode>quod ratione compaternitatis pater spiritualis non po¬</Unicode>
                </TextEquiv>
            </TextLine>
            <TextLine id="r2l59" custom="readingOrder {index:57;}">
                <Coords points="240,2564 1076,2569 1099,2515 240,2530"/>
                <Baseline points="245,2549 287,2549 329,2547 372,2547 414,2547 457,2547 499,2546 542,2546 584,2546 627,2546 669,2546 711,2546 754,2546 796,2546 839,2546 881,2546 924,2546 966,2546 1009,2546 1051,2546 1094,2546"/>
                <TextEquiv>
                    <Unicode>test contrahere matrimonium cum matre carnali sui spi</Unicode>
                </TextEquiv>
            </TextLine>
            <TextLine id="r2l60" custom="readingOrder {index:58;}">
                <Coords points="240,2611 1033,2605 1093,2600 1093,2559 240,2572"/>
                <Baseline points="245,2589 287,2589 329,2588 371,2588 413,2588 455,2586 497,2586 540,2586 582,2586 624,2586 666,2586 708,2586 750,2586 792,2586 835,2586 877,2586 919,2586 961,2586 1003,2585 1045,2585 1088,2585"/>
                <TextEquiv>
                    <Unicode>ritualis filii; nec mater spiritualis cum patre carnali; &amp; s</Unicode>
                </TextEquiv>
            </TextLine>
            <TextLine id="r2l61" custom="readingOrder {index:59;}">
                <Coords points="255,2645 1104,2645 1104,2597 255,2609"/>
                <Baseline points="260,2628 301,2628 343,2628 385,2628 427,2628 469,2628 511,2628 553,2627 595,2627 637,2627 679,2627 720,2627 762,2627 804,2625 846,2625 888,2625 930,2625 972,2625 1014,2625 1056,2625 1098,2625"/>
                <TextEquiv>
                    <Unicode>contraxerint, huiusmodi matrimonium est penitus diri</Unicode>
                </TextEquiv>
            </TextLine>
            <TextLine id="r2l62" custom="readingOrder {index:60;}">
                <Coords points="248,2680 996,2689 1096,2681 1096,2644 248,2649"/>
                <Baseline points="254,2667 295,2667 337,2667 379,2667 421,2667 463,2667 505,2667 546,2666 588,2666 630,2666 672,2666 714,2666 756,2666 798,2666 839,2666 881,2666 923,2666 965,2666 1007,2666 1049,2666 1091,2666"/>
                <TextEquiv>
                    <Unicode>mendum. Istud patet trigesima, quaestione prima, capitu</Unicode>
                </TextEquiv>
            </TextLine>
            <TextLine id="r2l63" custom="readingOrder {index:61;}">
                <Coords points="246,2726 1102,2725 1102,2679 1021,2674 246,2679"/>
                <Baseline points="251,2708 293,2708 335,2708 377,2708 420,2708 462,2708 504,2708 547,2708 589,2706 631,2706 674,2706 716,2706 758,2706 800,2706 843,2706 885,2706 927,2706 970,2706 1012,2705 1054,2705 1097,2705"/>
                <TextEquiv>
                    <Unicode>lo primo. Idem patet extra de cognatione spirituali, ca¬</Unicode>
                </TextEquiv>
            </TextLine>
            <TextLine id="r2l64" custom="readingOrder {index:62;}">
                <Coords points="251,2766 1105,2756 1105,2726 890,2711 251,2725"/>
                <Baseline points="257,2750 299,2749 341,2748 383,2748 425,2748 467,2748 509,2748 552,2747 594,2747 636,2747 678,2747 720,2747 762,2745 804,2745 847,2745 889,2745 931,2745 973,2745 1015,2744 1057,2744 1100,2744"/>
                <TextEquiv>
                    <Unicode>pitulo veniens. Et sicut compaternitas directe patrem</Unicode>
                </TextEquiv>
            </TextLine>
            <TextLine id="r2l65" custom="readingOrder {index:63;}">
                <Coords points="239,2804 1103,2792 1082,2756 239,2766"/>
                <Baseline points="245,2789 287,2788 330,2787 372,2787 415,2787 458,2786 500,2786 543,2786 585,2786 628,2786 671,2786 713,2786 756,2786 798,2786 841,2786 884,2786 926,2785 969,2784 1011,2784 1054,2784 1097,2783"/>
                <TextEquiv>
                    <Unicode>prohibet spiritualem, ne possit nubere matri carnali sui</Unicode>
                </TextEquiv>
            </TextLine>
            <TextLine id="r2l66" custom="readingOrder {index:64;}">
                <Coords points="247,2840 1017,2846 1099,2836 1099,2804 247,2805"/>
                <Baseline points="252,2826 294,2826 336,2826 378,2826 420,2826 462,2826 504,2826 546,2826 588,2826 630,2826 673,2826 715,2826 757,2826 799,2825 841,2825 883,2825 925,2825 967,2825 1009,2824 1051,2823 1094,2823"/>
                <TextEquiv>
                    <Unicode>filiij spiritualis; sic eadem compat ernitas indirecte prohi</Unicode>
                </TextEquiv>
            </TextLine>
            <TextLine id="r2l67" custom="readingOrder {index:65;}">
                <Coords points="246,2887 1100,2881 1086,2833 245,2840"/>
                <Baseline points="251,2865 293,2867 335,2867 377,2868 419,2868 461,2868 503,2868 546,2868 588,2867 630,2867 672,2867 714,2867 756,2865 798,2865 841,2865 883,2864 925,2864 967,2864 1009,2864 1051,2865 1094,2865"/>
                <TextEquiv>
                    <Unicode>bet vxorem patris spiritualis, ne post mortem eius ipsa</Unicode>
                </TextEquiv>
            </TextLine>
            <TextLine id="r2l68" custom="readingOrder {index:66;}">
                <Coords points="249,2924 1046,2927 1099,2919 1099,2881 249,2887"/>
                <Baseline points="254,2906 296,2906 338,2906 380,2906 422,2906 464,2906 506,2906 548,2906 590,2906 632,2906 674,2906 716,2906 758,2904 800,2904 842,2904 884,2904 926,2904 968,2904 1010,2903 1052,2903 1094,2903"/>
                <TextEquiv>
                    <Unicode>possit nubere patri carnali praedicti filij spiritualis: hoc</Unicode>
                </TextEquiv>
            </TextLine>
            <TextLine id="r2l69" custom="readingOrder {index:67;}">
                <Coords points="239,2965 1100,2969 1100,2924 239,2929"/>
                <Baseline points="245,2945 287,2945 329,2945 372,2946 414,2946 457,2946 499,2946 542,2946 584,2946 627,2946 669,2945 711,2945 754,2945 796,2945 839,2945 881,2943 924,2943 966,2943 1009,2943 1051,2943 1094,2943"/>
                <TextEquiv>
                    <Unicode>supposito, quod iam dicta compaternitas non prius ad¬</Unicode>
                </TextEquiv>
            </TextLine>
            <TextLine id="r2l70" custom="readingOrder {index:68;}">
                <Coords points="256,3001 1100,3004 1100,2964 1001,2955 256,2959"/>
                <Baseline points="261,2987 302,2987 344,2987 386,2987 427,2985 469,2985 511,2985 552,2985 594,2985 636,2985 678,2984 719,2984 761,2984 803,2984 844,2984 886,2984 928,2982 969,2982 1011,2982 1053,2982 1095,2982"/>
                <TextEquiv>
                    <Unicode>uenerit illi viro, quam per catnalem copulam fuit quo¬</Unicode>
                </TextEquiv>
            </TextLine>
            <TextLine id="r2l71" custom="readingOrder {index:69;}">
                <Coords points="254,3035 1090,3036 1063,2992 254,3001"/>
                <Baseline points="260,3026 301,3026 342,3024 383,3024 425,3024 466,3024 507,3024 548,3023 590,3023 631,3023 672,3023 713,3023 755,3023 796,3023 837,3023 878,3023 920,3023 961,3023 1002,3023 1043,3023 1085,3023"/>
                <TextEquiv>
                    <Unicode>dammodo effectus vna caro cum vxore sua: quia si priu</Unicode>
                </TextEquiv>
            </TextLine>
            <TextLine id="r2l72" custom="readingOrder {index:70;}">
                <Coords points="243,3087 1101,3072 1083,3035 243,3036"/>
                <Baseline points="249,3065 291,3065 333,3065 375,3066 418,3066 460,3065 502,3065 545,3065 587,3065 629,3064 672,3063 714,3063 756,3063 798,3062 841,3062 883,3062 925,3062 968,3062 1010,3062 1052,3062 1095,3062"/>
                <TextEquiv>
                    <Unicode>fuit compater, quam accepit vxorem, tunc vxor post mor¬</Unicode>
                </TextEquiv>
            </TextLine>
            <TextLine id="r2l73" custom="readingOrder {index:71;}">
                <Coords points="250,3120 1094,3121 1094,3071 249,3085"/>
                <Baseline points="255,3105 296,3105 338,3105 380,3104 421,3104 463,3104 505,3104 546,3104 588,3102 630,3102 672,3102 713,3102 755,3102 797,3101 838,3101 880,3101 922,3101 963,3101 1005,3101 1047,3101 1089,3101"/>
                <TextEquiv>
                    <Unicode>tem eius licite potest contrahere matrimonium cum il¬</Unicode>
                </TextEquiv>
            </TextLine>
            <TextLine id="r2l74" custom="readingOrder {index:72;}">
                <Coords points="252,3172 1098,3164 1097,3122 1017,3111 252,3119"/>
                <Baseline points="257,3150 298,3150 340,3149 382,3149 424,3147 465,3147 507,3147 549,3146 591,3146 632,3146 674,3146 716,3146 758,3144 799,3144 841,3144 883,3144 925,3143 966,3143 1008,3143 1050,3141 1092,3141"/>
                <TextEquiv>
                    <Unicode>lo, qui compater erat mariti sui. Et sicut dictum est, quo</Unicode>
                </TextEquiv>
            </TextLine>
            <TextEquiv>
                <Unicode>rum specierum, restat videre quomodo per eas impedi¬
tur matrimonium,
Quantum igitur ad primam speciem est sciendum
quod pater spiritualis non potest contrahere matrimo¬
nium cum filia spirituali, nec mater spiritualis cum filic
spirituali. dato, quod contrahant penitus est dirimen¬
dum. lstud patet trigesima, quaestione tertia, capitulo Pi
tacium,
Hic tamen nota, quod si pater spiritualis contrahit cum
sorore suae filiae, vel filii spiritualis, tale matrimonium not
est dirimendum, vt expresse patet trigesima, quaestione
tertia, cap. illud etiam. Nec etiam esset matrimonium
dirimendum, si pater spiritualis contraheret cum filia cat
naliter genita a suo filio spirituali: quia spiritualis cogna
tio non habet aliquos gradus, sicut ait Innocentius in glo
sa super primo capitulo, extra de spirituali cognatione.
Est etiam hic notandum, quod paternitas spiritualis
adueniens alicui, postquam carnaliter cognouit vxorem
suam, praestat impedimentum vxori, ne contrahat ma
trimonium cum filio spirituali ipsius mariti. Secus tamen
esset, si huiusmodi spiritualis paternitas marito ante ad
uenisset, quam cognouit vxorem: quia ante illud tepus, 
vir non fuit vna caro cum vxore: ideo exactione sua, qua
huiusmodi spiritualem filium de sacro fonte suscepit, ni
hil communicabatur vxori. Et istud patet trigesima quo
stione quarta, capitulo, qui spiritualem.
Forte dicetur, quod sicut notauit rugo trigesima, que
stione prima, capitulo omnes, conferens sacramentum
poenitentiae, si aliud obstaculum non haberet propter sa
crum ordinem, ipse posset contrahere matrimonium
cum ea, quam recipit ad huiusmodi sacramentum: sed 
planum est, quod talis est pater spiritualis huius mulie¬
ris: ergo pater spiritualis ratione huiusmodi paternitatis
non prohibetur, quin possit contrahere matrimonium
cum sua filia spirituali: cuius oppositum asseritur in pra
dictis Maior patet, non solum per Hugonem, sed etian
per Hlostien vnde secundum istos doctores, etiam filius
carnalis sacerdotis potest contrahere matrimonium cum
ea, quam pater suus audiuit, &amp; absoluit in foro poeniten
tiae. Ratio istorum doctorum potissima est ista, quia istud
in iure nusquam inuenitur esse prohibitum. Minor etiam
patet quia ex communi vsuloquendi confessor dicitur
pater spiritualis illorum, quos audit, &amp; absoluit in con¬
tessione. Patet etiam ex quibusdam antiquis versibus
quibus dicitur sic¬
Quem de fonte leuas tangendo, siue tenendo,
Vel confirmando, sua vel peccata fatendo,
Filius ille tibi spiritualis erit
Respondeo, quod ista instantia nihil concludit contra
praedicta: quia, vt patet in ingressu istius tortii articuli, 
ego patrem spiritualem ad praesens limitaui, quantum ad
paternitatem, quae acquiritur ex his, quae fiunt circa duo
sacramenta tantum, scilicet, circa sacramentum baptis¬
mi, &amp; confirmationis : &amp; ideo de quocunque alio patre
spitituali arguitur, hoc non est contra praedicta.
quantum ad secundam speciem est aduertendum
quod ratione compaternitatis pater spiritualis non po¬
test contrahere matrimonium cum matre carnali sui spi
ritualis filii; nec mater spiritualis cum patre carnali; &amp; s
contraxerint, huiusmodi matrimonium est penitus diri
mendum. Istud patet trigesima, quaestione prima, capitu
lo primo. Idem patet extra de cognatione spirituali, ca¬
pitulo veniens. Et sicut compaternitas directe patrem
prohibet spiritualem, ne possit nubere matri carnali sui
filiij spiritualis; sic eadem compat ernitas indirecte prohi
bet vxorem patris spiritualis, ne post mortem eius ipsa
possit nubere patri carnali praedicti filij spiritualis: hoc
supposito, quod iam dicta compaternitas non prius ad¬
uenerit illi viro, quam per catnalem copulam fuit quo¬
dammodo effectus vna caro cum vxore sua: quia si priu
fuit compater, quam accepit vxorem, tunc vxor post mor¬
tem eius licite potest contrahere matrimonium cum il¬
lo, qui compater erat mariti sui. Et sicut dictum est, quo</Unicode>
            </TextEquiv>
        </TextRegion>
        <TextRegion orientation="0.0" id="r3" custom="readingOrder {index:1;}">
            <Coords points="1136,201 1136,3187 2007,3187 2007,201"/>
            <TextLine id="r3l3" custom="readingOrder {index:0;}">
                <Coords points="1167,299 2013,317 2013,276 1754,252 1640,274 1395,267 1366,243 1168,264"/>
                <Baseline points="1173,290 1214,290 1256,290 1298,290 1339,290 1381,290 1423,291 1464,291 1506,291 1548,291 1590,291 1631,293 1673,293 1715,293 1756,294 1798,294 1840,296 1881,297 1923,298 1965,300 2007,302"/>
                <TextEquiv>
                    <Unicode>modo compaternitas, directe conueniens viro, se exten</Unicode>
                </TextEquiv>
            </TextLine>
            <TextLine id="r3l4" custom="readingOrder {index:1;}">
                <Coords points="1164,340 1938,356 2009,352 2010,319 1164,297"/>
                <Baseline points="1169,329 1210,329 1252,330 1294,330 1336,330 1377,330 1419,332 1461,332 1503,332 1544,332 1586,332 1628,332 1670,332 1711,332 1753,333 1795,333 1837,335 1878,336 1920,338 1962,339 2004,341"/>
                <TextEquiv>
                    <Unicode>dit ad vxorem, &amp; quomodo non: sic eodem modo a mu</Unicode>
                </TextEquiv>
            </TextLine>
            <TextLine id="r3l5" custom="readingOrder {index:2;}">
                <Coords points="1152,380 1961,400 2006,391 2007,354 1153,337"/>
                <Baseline points="1158,369 1200,369 1242,369 1284,369 1326,369 1368,369 1410,369 1453,369 1495,371 1537,371 1579,371 1621,372 1663,372 1705,373 1748,374 1790,375 1832,375 1874,377 1916,378 1958,378 2001,380"/>
                <TextEquiv>
                    <Unicode>liere extenditur ad virum, si mulier suscipit puerum de</Unicode>
                </TextEquiv>
            </TextLine>
            <TextLine id="r3l6" custom="readingOrder {index:3;}">
                <Coords points="1154,416 2005,437 2005,404 1948,391 1155,379"/>
                <Baseline points="1160,408 1202,407 1244,407 1286,407 1328,407 1370,407 1412,408 1454,408 1496,408 1538,410 1580,410 1622,411 1664,411 1706,412 1748,413 1790,414 1832,414 1874,416 1916,416 1958,417 2000,419"/>
                <TextEquiv>
                    <Unicode>b aptismo, vel baptixat in necessitate, vel tenet in con¬</Unicode>
                </TextEquiv>
            </TextLine>
            <TextLine id="r3l7" custom="readingOrder {index:4;}">
                <Coords points="1152,456 1909,486 2005,482 2006,441 1152,416"/>
                <Baseline points="1157,446 1199,447 1241,447 1283,447 1325,449 1368,449 1410,450 1452,450 1494,451 1536,452 1579,452 1621,453 1663,453 1705,453 1747,455 1790,455 1832,455 1874,456 1916,456 1958,458 2001,458"/>
                <TextEquiv>
                    <Unicode>firmatione lstud patet trigesima, quaestione quarta, ca¬</Unicode>
                </TextEquiv>
            </TextLine>
            <TextLine id="r3l8" custom="readingOrder {index:5;}">
                <Coords points="1155,510 1182,497 1209,502 1232,493 1265,508 1370,501 1376,507 1421,498 1421,472 1381,462 1324,471 1310,457 1280,466 1264,458 1246,469 1227,458 1207,466 1185,455 1156,464"/>
                <Baseline points="1161,488 1186,488 1211,488 1237,486 1262,486 1288,486 1313,486 1338,486 1364,487 1389,489 1415,492"/>
                <TextEquiv>
                    <Unicode>pitulo sciscitatur.</Unicode>
                </TextEquiv>
            </TextLine>
            <TextLine id="r3l9" custom="readingOrder {index:6;}">
                <Coords points="1197,544 2003,556 2004,509 1946,498 1198,499"/>
                <Baseline points="1203,527 1242,527 1282,528 1322,528 1362,528 1401,528 1441,528 1481,528 1521,529 1560,530 1600,530 1640,530 1680,530 1719,531 1759,531 1799,533 1839,533 1878,534 1918,536 1958,537 1998,539"/>
                <TextEquiv>
                    <Unicode>Nota etiam circa istam materiam, quod si aliquis ho</Unicode>
                </TextEquiv>
            </TextLine>
            <TextLine id="r3l10" custom="readingOrder {index:7;}">
                <Coords points="1156,577 1839,577 1924,600 2003,596 2004,555 1156,544"/>
                <Baseline points="1161,566 1202,566 1244,566 1286,567 1328,567 1370,567 1412,567 1453,567 1495,569 1537,569 1579,569 1621,570 1663,570 1705,570 1746,572 1788,572 1830,573 1872,575 1914,575 1956,576 1998,578"/>
                <TextEquiv>
                    <Unicode>mo habet prolem ab alia muliere, quam ab vxore sua;</Unicode>
                </TextEquiv>
            </TextLine>
            <TextLine id="r3l11" custom="readingOrder {index:8;}">
                <Coords points="1147,622 1944,637 2003,626 2004,597 1147,580"/>
                <Baseline points="1152,606 1194,606 1236,606 1278,606 1321,606 1363,606 1405,606 1448,606 1490,607 1532,608 1575,608 1617,609 1659,609 1701,610 1744,611 1786,612 1828,612 1871,614 1913,614 1955,615 1998,617"/>
                <TextEquiv>
                    <Unicode>tunc pater spiritualis illius prolis non impeditur, quin</Unicode>
                </TextEquiv>
            </TextLine>
            <TextLine id="r3l12" custom="readingOrder {index:9;}">
                <Coords points="1153,665 1993,665 1993,629 1894,621 1153,626"/>
                <Baseline points="1158,647 1199,647 1241,647 1282,647 1324,647 1365,647 1407,647 1448,647 1490,647 1531,647 1573,648 1614,648 1656,648 1697,648 1739,650 1780,650 1822,651 1863,651 1905,653 1946,653 1988,654"/>
                <TextEquiv>
                    <Unicode>mortuo illo homine, ipse possit contrahere matrimonium</Unicode>
                </TextEquiv>
            </TextLine>
            <TextLine id="r3l13" custom="readingOrder {index:10;}">
                <Coords points="1155,697 1911,714 1991,710 1992,666 1156,665"/>
                <Baseline points="1161,683 1202,683 1243,684 1284,684 1326,686 1367,686 1408,686 1449,686 1491,687 1532,687 1573,687 1614,687 1656,687 1697,688 1738,689 1779,689 1821,690 1862,691 1903,692 1944,693 1986,695"/>
                <TextEquiv>
                    <Unicode>cum vxore sua, ita, quod in isto casu vna mulier potess</Unicode>
                </TextEquiv>
            </TextLine>
            <TextLine id="r3l14" custom="readingOrder {index:11;}">
                <Coords points="1153,736 1991,747 1991,709 1937,703 1153,695"/>
                <Baseline points="1158,723 1199,723 1240,723 1282,723 1323,723 1365,723 1406,725 1447,725 1489,725 1530,725 1572,725 1613,725 1654,726 1696,726 1737,727 1779,728 1820,729 1861,729 1903,731 1944,732 1986,734"/>
                <TextEquiv>
                    <Unicode>habere duos compatres suceessiue. Et eo modo iudican</Unicode>
                </TextEquiv>
            </TextLine>
            <TextLine id="r3l15" custom="readingOrder {index:12;}">
                <Coords points="1153,775 1994,784 1994,755 1931,738 1153,735"/>
                <Baseline points="1158,762 1199,762 1241,764 1282,764 1324,764 1365,765 1407,765 1448,765 1490,765 1531,767 1573,767 1615,767 1656,767 1698,768 1739,768 1781,768 1822,770 1864,770 1905,771 1947,771 1989,773"/>
                <TextEquiv>
                    <Unicode>dum est ex parte viri, si vxor sua habet prolem ex alio vi</Unicode>
                </TextEquiv>
            </TextLine>
            <TextLine id="r3l16" custom="readingOrder {index:13;}">
                <Coords points="1153,816 1994,824 1994,792 1853,774 1785,793 1153,775"/>
                <Baseline points="1158,804 1199,804 1241,804 1282,804 1324,804 1365,804 1407,804 1448,806 1490,806 1531,806 1573,806 1615,807 1656,807 1698,808 1739,809 1781,809 1822,809 1864,810 1905,810 1947,810 1989,810"/>
                <TextEquiv>
                    <Unicode>ro, quia tunc mortua vxore, vir poterit contrahere cum</Unicode>
                </TextEquiv>
            </TextLine>
            <TextLine id="r3l17" custom="readingOrder {index:14;}">
                <Coords points="1146,857 1992,864 1992,819 1147,821"/>
                <Baseline points="1152,842 1193,842 1235,842 1277,843 1318,843 1360,843 1402,843 1443,843 1485,845 1527,845 1569,845 1610,845 1652,846 1694,846 1735,848 1777,848 1819,848 1860,849 1902,849 1944,849 1986,849"/>
                <TextEquiv>
                    <Unicode>matre spirituali illius prolis, quae erat commater vxoris</Unicode>
                </TextEquiv>
            </TextLine>
            <TextLine id="r3l18" custom="readingOrder {index:15;}">
                <Coords points="1150,895 1990,912 1990,869 1962,860 1150,854"/>
                <Baseline points="1155,881 1196,882 1238,882 1279,884 1321,884 1362,884 1404,884 1445,884 1487,885 1528,885 1570,884 1611,884 1653,885 1694,885 1736,885 1777,885 1819,886 1860,887 1902,888 1943,890 1985,891"/>
                <TextEquiv>
                    <Unicode>suae; &amp; sic vnus vir potest suceessiue duas commatres ha</Unicode>
                </TextEquiv>
            </TextLine>
            <TextLine id="r3l19" custom="readingOrder {index:16;}">
                <Coords points="1153,940 1992,948 1979,907 1899,896 1153,896"/>
                <Baseline points="1158,921 1199,921 1240,921 1282,921 1323,921 1365,923 1406,923 1447,923 1489,924 1530,924 1572,924 1613,926 1654,926 1696,927 1737,927 1779,929 1820,929 1861,930 1903,930 1944,930 1986,932"/>
                <TextEquiv>
                    <Unicode>bere in vxores lsta patent trigesima, quaestione quarta,</Unicode>
                </TextEquiv>
            </TextLine>
            <TextLine id="r3l20" custom="readingOrder {index:17;}">
                <Coords points="1153,975 1178,988 1215,967 1225,978 1323,987 1431,975 1516,987 1532,978 1533,952 1464,935 1391,945 1358,931 1311,945 1251,933 1237,944 1214,929 1153,940"/>
                <Baseline points="1158,962 1184,962 1210,962 1237,962 1263,962 1289,962 1316,962 1342,962 1368,962 1395,962 1421,962 1447,963 1474,963 1500,964 1527,965"/>
                <TextEquiv>
                    <Unicode>capitulo qui spiritualem.</Unicode>
                </TextEquiv>
            </TextLine>
            <TextLine id="r3l21" custom="readingOrder {index:18;}">
                <Coords points="1183,1021 1944,1027 1994,1022 1995,980 1183,979"/>
                <Baseline points="1188,1001 1228,1001 1268,1002 1308,1002 1348,1002 1388,1002 1428,1002 1468,1002 1508,1002 1548,1004 1588,1004 1628,1004 1668,1004 1708,1004 1748,1005 1788,1005 1828,1005 1868,1007 1908,1007 1948,1008 1989,1010"/>
                <TextEquiv>
                    <Unicode>Nota etiam, quod vir &amp; mulier, simul leuantes ean¬</Unicode>
                </TextEquiv>
            </TextLine>
            <TextLine id="r3l22" custom="readingOrder {index:19;}">
                <Coords points="1143,1058 1986,1054 1986,1023 1922,1013 1544,1034 1488,1010 1144,1014"/>
                <Baseline points="1149,1041 1190,1041 1232,1041 1273,1041 1315,1041 1356,1041 1398,1041 1439,1041 1481,1043 1522,1043 1564,1043 1606,1043 1647,1044 1689,1044 1730,1045 1772,1046 1813,1046 1855,1046 1896,1047 1938,1047 1980,1047"/>
                <TextEquiv>
                    <Unicode>dem prolem de baptismo, non prohibentur inter se ma</Unicode>
                </TextEquiv>
            </TextLine>
            <TextLine id="r3l23" custom="readingOrder {index:20;}">
                <Coords points="1143,1098 1997,1112 1974,1054 1144,1059"/>
                <Baseline points="1149,1080 1191,1080 1233,1080 1275,1080 1317,1080 1359,1080 1401,1080 1444,1080 1486,1080 1528,1080 1570,1080 1612,1080 1654,1082 1696,1082 1739,1082 1781,1083 1823,1083 1865,1085 1907,1085 1949,1086 1992,1086"/>
                <TextEquiv>
                    <Unicode>trimonium conti ahere: quia quamuis eadem proles sit</Unicode>
                </TextEquiv>
            </TextLine>
            <TextLine id="r3l24" custom="readingOrder {index:21;}">
                <Coords points="1149,1129 1987,1141 1987,1108 1889,1093 1149,1097"/>
                <Baseline points="1154,1119 1195,1119 1236,1119 1278,1119 1319,1121 1361,1121 1402,1121 1443,1121 1485,1121 1526,1121 1568,1121 1609,1122 1650,1122 1692,1122 1733,1122 1775,1122 1816,1124 1857,1124 1899,1124 1940,1125 1982,1125"/>
                <TextEquiv>
                    <Unicode>vtriusque filius spiritualis, tamen ex hoc mater spititua¬</Unicode>
                </TextEquiv>
            </TextLine>
            <TextLine id="r3l25" custom="readingOrder {index:22;}">
                <Coords points="1143,1173 1998,1180 1997,1144 1950,1140 1143,1127"/>
                <Baseline points="1148,1158 1190,1158 1232,1160 1274,1160 1316,1160 1359,1160 1401,1160 1443,1160 1485,1160 1527,1161 1570,1161 1612,1161 1654,1161 1696,1162 1738,1163 1781,1163 1823,1163 1865,1164 1907,1164 1949,1165 1992,1166"/>
                <TextEquiv>
                    <Unicode>lis, &amp; pater spiritualis nullam contrahunt inter se com¬</Unicode>
                </TextEquiv>
            </TextLine>
            <TextLine id="r3l26" custom="readingOrder {index:23;}">
                <Coords points="1152,1211 1985,1216 1985,1186 1879,1171 1153,1176"/>
                <Baseline points="1158,1199 1199,1199 1240,1199 1281,1199 1322,1200 1363,1200 1404,1200 1445,1200 1486,1200 1527,1201 1569,1202 1610,1202 1651,1202 1692,1202 1733,1203 1774,1203 1815,1203 1856,1204 1897,1205 1938,1205 1980,1205"/>
                <TextEquiv>
                    <Unicode>paternitatem, seu spiritualem cognationem. Et istud po</Unicode>
                </TextEquiv>
            </TextLine>
            <TextLine id="r3l27" custom="readingOrder {index:24;}">
                <Coords points="1135,1249 1988,1254 1988,1216 1135,1220"/>
                <Baseline points="1140,1238 1182,1238 1224,1238 1266,1238 1308,1238 1350,1238 1392,1238 1435,1239 1477,1239 1519,1239 1561,1239 1603,1241 1645,1241 1687,1241 1730,1241 1772,1242 1814,1242 1856,1242 1898,1242 1940,1242 1983,1242"/>
                <TextEquiv>
                    <Unicode>nit Innocentius extra de cognatione spirituali in glosa</Unicode>
                </TextEquiv>
            </TextLine>
            <TextLine id="r3l28" custom="readingOrder {index:25;}">
                <Coords points="1137,1297 1991,1298 1980,1253 1137,1249"/>
                <Baseline points="1142,1278 1184,1278 1226,1278 1268,1278 1310,1278 1353,1280 1395,1280 1437,1280 1479,1280 1521,1281 1564,1281 1606,1281 1648,1281 1690,1283 1732,1283 1775,1283 1817,1284 1859,1284 1901,1284 1943,1284 1986,1284"/>
                <TextEquiv>
                    <Unicode>super c. Martinus. Et idem ponit Hostiensis in glosa su¬</Unicode>
                </TextEquiv>
            </TextLine>
            <TextLine id="r3l29" custom="readingOrder {index:26;}">
                <Coords points="1142,1333 1170,1325 1196,1334 1216,1324 1235,1335 1261,1325 1272,1335 1351,1336 1352,1295 1290,1289 1258,1300 1242,1291 1227,1302 1213,1292 1192,1300 1143,1296"/>
                <Baseline points="1148,1314 1176,1316 1204,1317 1232,1317 1261,1316 1289,1316 1317,1318 1346,1320"/>
                <TextEquiv>
                    <Unicode>per. c. veniens</Unicode>
                </TextEquiv>
            </TextLine>
            <TextLine id="r3l30" custom="readingOrder {index:27;}">
                <Coords points="1143,1374 1986,1374 1972,1331 1144,1331"/>
                <Baseline points="1149,1356 1190,1356 1232,1358 1273,1358 1315,1358 1356,1359 1398,1359 1439,1359 1481,1359 1522,1359 1564,1359 1606,1359 1647,1359 1689,1359 1730,1359 1772,1359 1813,1359 1855,1361 1896,1361 1938,1362 1980,1364"/>
                <TextEquiv>
                    <Unicode>Quantum ad tertiam speciem, est sciendum, quod quam</Unicode>
                </TextEquiv>
            </TextLine>
            <TextLine id="r3l31" custom="readingOrder {index:28;}">
                <Coords points="1141,1408 1989,1408 1973,1373 1141,1371"/>
                <Baseline points="1146,1397 1187,1397 1229,1397 1271,1398 1313,1398 1355,1398 1397,1398 1438,1398 1480,1397 1522,1397 1564,1397 1606,1397 1648,1397 1690,1397 1731,1397 1773,1398 1815,1398 1857,1398 1899,1400 1941,1401 1983,1403"/>
                <TextEquiv>
                    <Unicode>uis circa impedimentum spiritualis fraternitatis anti¬</Unicode>
                </TextEquiv>
            </TextLine>
            <TextLine id="r3l32" custom="readingOrder {index:29;}">
                <Coords points="1140,1452 1991,1452 1983,1411 1140,1407"/>
                <Baseline points="1145,1436 1187,1436 1229,1436 1271,1436 1313,1437 1355,1437 1397,1437 1439,1437 1481,1437 1523,1437 1565,1437 1607,1437 1649,1437 1691,1437 1733,1437 1775,1439 1817,1439 1859,1439 1901,1439 1943,1440 1985,1440"/>
                <TextEquiv>
                    <Unicode>quitus fuerint diuersae opiniones, iura tamen moderna</Unicode>
                </TextEquiv>
            </TextLine>
            <TextLine id="r3l33" custom="readingOrder {index:30;}">
                <Coords points="1132,1487 1988,1493 1988,1462 1876,1446 1132,1445"/>
                <Baseline points="1137,1478 1179,1476 1221,1476 1263,1476 1306,1476 1348,1476 1390,1475 1433,1475 1475,1475 1517,1475 1560,1476 1602,1476 1644,1476 1686,1476 1729,1476 1771,1478 1813,1478 1856,1479 1898,1479 1940,1480 1983,1481"/>
                <TextEquiv>
                    <Unicode>hoc clare determinauerunt, quod omnes liberi duorum</Unicode>
                </TextEquiv>
            </TextLine>
            <TextLine id="r3l34" custom="readingOrder {index:31;}">
                <Coords points="1138,1530 1988,1530 1977,1492 1138,1494"/>
                <Baseline points="1143,1514 1185,1515 1227,1515 1269,1515 1311,1515 1353,1515 1395,1515 1437,1515 1479,1515 1521,1515 1563,1515 1605,1515 1647,1515 1689,1515 1731,1517 1773,1517 1815,1517 1857,1518 1899,1518 1941,1520 1983,1520"/>
                <TextEquiv>
                    <Unicode>compatrum legitime possunt contrahere, excepta sola </Unicode>
                </TextEquiv>
            </TextLine>
            <TextLine id="r3l35" custom="readingOrder {index:32;}">
                <Coords points="1143,1568 1989,1576 1989,1529 1143,1531"/>
                <Baseline points="1149,1553 1190,1554 1232,1554 1274,1554 1315,1556 1357,1556 1399,1556 1440,1556 1482,1556 1524,1556 1566,1556 1607,1556 1649,1556 1691,1556 1732,1556 1774,1556 1816,1556 1857,1557 1899,1557 1941,1558 1983,1559"/>
                <TextEquiv>
                    <Unicode>prole spirituali: quae, si est masculus, numquam potest</Unicode>
                </TextEquiv>
            </TextLine>
            <TextLine id="r3l36" custom="readingOrder {index:33;}">
                <Coords points="1131,1606 1987,1610 1987,1579 1949,1569 1131,1567"/>
                <Baseline points="1136,1593 1178,1594 1220,1595 1262,1595 1305,1595 1347,1595 1389,1595 1432,1595 1474,1595 1516,1595 1559,1595 1601,1595 1643,1595 1685,1595 1728,1595 1770,1595 1812,1596 1855,1596 1897,1598 1939,1598 1982,1599"/>
                <TextEquiv>
                    <Unicode>legitime copulari alicui carnali filiae sui patris spiritua¬</Unicode>
                </TextEquiv>
            </TextLine>
            <TextLine id="r3l37" custom="readingOrder {index:34;}">
                <Coords points="1134,1648 1988,1656 1988,1609 1940,1606 1134,1605"/>
                <Baseline points="1140,1634 1182,1634 1224,1634 1266,1634 1308,1634 1350,1634 1392,1634 1435,1634 1477,1634 1519,1634 1561,1634 1603,1634 1645,1634 1687,1634 1730,1634 1772,1635 1814,1635 1856,1636 1898,1637 1940,1638 1983,1640"/>
                <TextEquiv>
                    <Unicode>lis; nec alicui eiusdem patris filio, si fuerit femella. lsta</Unicode>
                </TextEquiv>
            </TextLine>
            <TextLine id="r3l38" custom="readingOrder {index:35;}">
                <Coords points="1146,1677 1983,1696 1972,1649 1146,1649"/>
                <Baseline points="1151,1673 1192,1673 1233,1673 1274,1673 1316,1673 1357,1674 1398,1674 1440,1673 1481,1673 1522,1673 1564,1673 1605,1673 1646,1673 1687,1673 1729,1673 1770,1674 1811,1674 1853,1674 1894,1676 1935,1676 1977,1677"/>
                <TextEquiv>
                    <Unicode>atent extra de cognatione spirituali, capitulo primo. </Unicode>
                </TextEquiv>
            </TextLine>
            <TextLine id="r3l39" custom="readingOrder {index:36;}">
                <Coords points="1134,1731 1990,1736 1990,1700 1923,1685 1134,1687"/>
                <Baseline points="1139,1713 1181,1713 1223,1713 1265,1713 1308,1713 1350,1713 1392,1713 1435,1713 1477,1713 1519,1713 1562,1713 1604,1713 1646,1715 1688,1715 1731,1715 1773,1715 1815,1716 1858,1716 1900,1718 1942,1718 1985,1719"/>
                <TextEquiv>
                    <Unicode>Patent etiam trigesima, quaestione tertia, capitulo, Non</Unicode>
                </TextEquiv>
            </TextLine>
            <TextLine id="r3l40" custom="readingOrder {index:37;}">
                <Coords points="1133,1778 1239,1760 1326,1776 1620,1767 1620,1729 1563,1722 1530,1737 1443,1723 1134,1731"/>
                <Baseline points="1139,1752 1164,1752 1189,1752 1214,1752 1239,1752 1264,1752 1289,1752 1314,1752 1339,1752 1364,1752 1389,1752 1414,1751 1439,1752 1464,1752 1489,1752 1514,1752 1539,1754 1564,1755 1589,1756 1614,1758"/>
                <TextEquiv>
                    <Unicode>oportet, capitulo super quibus</Unicode>
                </TextEquiv>
            </TextLine>
            <TextLine id="r3l41" custom="readingOrder {index:38;}">
                <Coords points="1168,1811 1906,1817 1982,1808 1983,1774 1168,1766"/>
                <Baseline points="1173,1791 1213,1791 1253,1793 1293,1793 1333,1793 1374,1793 1414,1793 1454,1793 1494,1793 1534,1793 1575,1793 1615,1793 1655,1793 1695,1793 1735,1793 1776,1793 1816,1794 1856,1794 1896,1794 1936,1796 1977,1796"/>
                <TextEquiv>
                    <Unicode>Nota etiam, quod cum sacerdos baptixans, sit patet</Unicode>
                </TextEquiv>
            </TextLine>
            <TextLine id="r3l42" custom="readingOrder {index:39;}">
                <Coords points="1146,1851 1985,1854 1968,1805 1666,1802 1644,1824 1586,1801 1146,1801"/>
                <Baseline points="1151,1830 1192,1831 1233,1832 1275,1832 1316,1832 1358,1833 1399,1833 1441,1833 1482,1833 1524,1833 1565,1832 1606,1832 1648,1832 1689,1832 1731,1832 1772,1832 1814,1832 1855,1832 1897,1833 1938,1833 1980,1835"/>
                <TextEquiv>
                    <Unicode>piritualis ipsius baptixati: ideo, si sacerdos habet fi-</Unicode>
                </TextEquiv>
            </TextLine>
            <TextLine id="r3l43" custom="readingOrder {index:40;}">
                <Coords points="1134,1883 1985,1884 1985,1853 1877,1841 1134,1842"/>
                <Baseline points="1140,1871 1182,1871 1224,1872 1266,1872 1308,1872 1350,1872 1392,1872 1434,1872 1476,1872 1518,1872 1560,1872 1602,1871 1644,1871 1686,1871 1728,1871 1770,1871 1812,1871 1854,1872 1896,1872 1938,1872 1980,1874"/>
                <TextEquiv>
                    <Unicode>lium carnalem, ille ron potest legitime contrahere ma</Unicode>
                </TextEquiv>
            </TextLine>
            <TextLine id="r3l44" custom="readingOrder {index:41;}">
                <Coords points="1140,1927 1988,1929 1988,1885 1141,1884"/>
                <Baseline points="1146,1910 1187,1910 1229,1911 1271,1911 1313,1911 1355,1911 1397,1911 1438,1911 1480,1911 1522,1911 1564,1911 1606,1911 1648,1911 1690,1910 1731,1911 1773,1911 1815,1911 1857,1911 1899,1913 1941,1914 1983,1914"/>
                <TextEquiv>
                    <Unicode>trimonium cum aliqua filia ab eodem sacerdote bapti</Unicode>
                </TextEquiv>
            </TextLine>
            <TextLine id="r3l45" custom="readingOrder {index:42;}">
                <Coords points="1140,1961 1979,1964 1979,1926 1922,1919 1140,1928"/>
                <Baseline points="1146,1947 1187,1949 1228,1950 1270,1951 1311,1952 1353,1952 1394,1952 1435,1952 1477,1952 1518,1952 1560,1952 1601,1950 1642,1950 1684,1950 1725,1950 1767,1950 1808,1950 1849,1950 1891,1952 1932,1952 1974,1953"/>
                <TextEquiv>
                    <Unicode>cata, eo, quod omnium eorum, quos huiusmodi sacet</Unicode>
                </TextEquiv>
            </TextLine>
            <TextLine id="r3l46" custom="readingOrder {index:43;}">
                <Coords points="1131,2005 1989,2004 1989,1966 1921,1959 1132,1966"/>
                <Baseline points="1137,1988 1179,1989 1221,1989 1263,1991 1306,1991 1348,1991 1390,1991 1433,1992 1475,1992 1517,1992 1560,1991 1602,1991 1644,1991 1686,1991 1729,1991 1771,1991 1813,1991 1856,1991 1898,1991 1940,1991 1983,1991"/>
                <TextEquiv>
                    <Unicode>dos Daptixauit, praedictus carnalis filius sit frater spiri¬</Unicode>
                </TextEquiv>
            </TextLine>
            <TextLine id="r3l47" custom="readingOrder {index:44;}">
                <Coords points="1137,2046 1994,2038 1994,2010 1907,2000 1137,2008"/>
                <Baseline points="1142,2028 1184,2028 1226,2030 1269,2030 1311,2030 1353,2030 1396,2030 1438,2030 1480,2031 1523,2031 1565,2031 1607,2031 1650,2031 1692,2030 1734,2030 1777,2030 1819,2030 1861,2030 1904,2030 1946,2030 1989,2030"/>
                <TextEquiv>
                    <Unicode>tualis. Istud habetur extra de cognatione spirituali, ca¬</Unicode>
                </TextEquiv>
            </TextLine>
            <TextLine id="r3l48" custom="readingOrder {index:45;}">
                <Coords points="1137,2084 1876,2073 1904,2093 1985,2080 1985,2042 1137,2046"/>
                <Baseline points="1142,2067 1183,2069 1225,2069 1267,2070 1309,2070 1351,2070 1393,2070 1435,2070 1477,2070 1519,2070 1561,2070 1602,2069 1644,2069 1686,2069 1728,2069 1770,2069 1812,2069 1854,2069 1896,2070 1938,2070 1980,2072"/>
                <TextEquiv>
                    <Unicode>pitulo vltimo Et idem est iudicandum de filio carnali</Unicode>
                </TextEquiv>
            </TextLine>
            <TextLine id="r3l49" custom="readingOrder {index:46;}">
                <Coords points="1133,2125 1992,2121 1992,2089 1876,2073 1133,2083"/>
                <Baseline points="1139,2108 1181,2108 1223,2109 1266,2109 1308,2109 1350,2109 1393,2109 1435,2109 1477,2109 1520,2109 1562,2109 1604,2109 1647,2109 1689,2109 1731,2109 1774,2109 1816,2109 1858,2109 1901,2109 1943,2109 1986,2109"/>
                <TextEquiv>
                    <Unicode>laici, qui in necessitate baptixaret: ipse enim esset verus</Unicode>
                </TextEquiv>
            </TextLine>
            <TextLine id="r3l50" custom="readingOrder {index:47;}">
                <Coords points="1145,2154 1982,2164 1964,2119 1145,2123"/>
                <Baseline points="1151,2147 1192,2147 1233,2148 1274,2148 1316,2150 1357,2150 1398,2150 1440,2150 1481,2150 1522,2150 1564,2150 1605,2148 1646,2148 1687,2148 1729,2148 1770,2148 1811,2148 1853,2148 1894,2148 1935,2148 1977,2148"/>
                <TextEquiv>
                    <Unicode>ater spiritualis illius filiae, quam baptixaret: &amp; ideo fi-</Unicode>
                </TextEquiv>
            </TextLine>
            <TextLine id="r3l51" custom="readingOrder {index:48;}">
                <Coords points="1131,2199 1935,2211 1985,2195 1986,2163 1131,2163"/>
                <Baseline points="1137,2186 1179,2187 1221,2187 1263,2187 1305,2187 1347,2187 1389,2187 1432,2188 1474,2189 1516,2189 1558,2189 1600,2189 1642,2189 1684,2189 1727,2189 1769,2189 1811,2189 1853,2189 1895,2189 1937,2187 1980,2187"/>
                <TextEquiv>
                    <Unicode>lius suus non posset ducere illam filiam in vxorem: quia</Unicode>
                </TextEquiv>
            </TextLine>
            <TextLine id="r3l52" custom="readingOrder {index:49;}">
                <Coords points="1134,2239 1982,2235 1969,2195 1134,2197"/>
                <Baseline points="1139,2226 1180,2226 1222,2227 1264,2228 1306,2228 1348,2228 1390,2229 1431,2229 1473,2229 1515,2229 1557,2228 1599,2228 1641,2228 1683,2228 1724,2228 1766,2228 1808,2228 1850,2226 1892,2226 1934,2226 1976,2226"/>
                <TextEquiv>
                    <Unicode>ipse esset frater suus spiritualis: nec pater posset eande</Unicode>
                </TextEquiv>
            </TextLine>
            <TextLine id="r3l53" custom="readingOrder {index:50;}">
                <Coords points="1130,2280 1985,2275 1974,2236 1130,2239"/>
                <Baseline points="1136,2267 1178,2267 1220,2267 1262,2267 1304,2267 1346,2267 1388,2267 1431,2267 1473,2267 1515,2267 1557,2267 1599,2267 1641,2267 1683,2267 1726,2267 1768,2267 1810,2267 1852,2266 1894,2265 1936,2265 1979,2264"/>
                <TextEquiv>
                    <Unicode>filiam accipere in vxorem, quia ipse esset pater eius spi¬</Unicode>
                </TextEquiv>
            </TextLine>
            <TextLine id="r3l54" custom="readingOrder {index:51;}">
                <Coords points="1130,2316 1892,2324 1987,2318 1987,2275 1130,2285"/>
                <Baseline points="1136,2306 1178,2306 1220,2306 1262,2306 1305,2306 1347,2306 1389,2306 1432,2306 1474,2306 1516,2306 1559,2306 1601,2306 1643,2306 1685,2306 1728,2306 1770,2306 1812,2306 1855,2306 1897,2306 1939,2306 1982,2306"/>
                <TextEquiv>
                    <Unicode>ritualis: nec idem pater posset accipere matrem illius fi</Unicode>
                </TextEquiv>
            </TextLine>
            <TextLine id="r3l55" custom="readingOrder {index:52;}">
                <Coords points="1133,2362 1987,2354 1987,2317 1909,2313 1133,2317"/>
                <Baseline points="1139,2346 1181,2346 1223,2346 1265,2346 1307,2346 1349,2346 1391,2346 1434,2346 1476,2346 1518,2346 1560,2346 1602,2346 1644,2346 1686,2346 1729,2345 1771,2345 1813,2345 1855,2345 1897,2343 1939,2343 1982,2343"/>
                <TextEquiv>
                    <Unicode>liae, eo quod vera compaternitas esset inter huiusmodi</Unicode>
                </TextEquiv>
            </TextLine>
            <TextLine id="r3l56" custom="readingOrder {index:53;}">
                <Coords points="1142,2399 1924,2392 1952,2413 1994,2407 1994,2357 1142,2367"/>
                <Baseline points="1148,2387 1190,2387 1232,2387 1274,2387 1316,2387 1358,2387 1400,2387 1442,2387 1484,2387 1526,2386 1568,2385 1610,2385 1652,2385 1694,2384 1736,2384 1778,2384 1820,2384 1862,2384 1904,2384 1946,2384 1989,2385"/>
                <TextEquiv>
                    <Unicode>personas. Haec omnia possunt haberi ex dictis Hosties¬</Unicode>
                </TextEquiv>
            </TextLine>
            <TextLine id="r3l57" custom="readingOrder {index:54;}">
                <Coords points="1134,2441 1556,2447 1625,2432 1686,2447 1746,2438 1746,2407 1642,2393 1134,2408"/>
                <Baseline points="1139,2426 1169,2426 1199,2426 1229,2426 1259,2426 1289,2426 1319,2426 1349,2426 1379,2426 1409,2426 1439,2424 1469,2424 1499,2424 1529,2424 1559,2424 1589,2424 1619,2424 1649,2424 1679,2424 1709,2424 1740,2424"/>
                <TextEquiv>
                    <Unicode>in glo, super capitulo proxime allegato.</Unicode>
                </TextEquiv>
            </TextLine>
            <TextLine id="r3l58" custom="readingOrder {index:55;}">
                <Coords points="1179,2485 1987,2486 1987,2416 1849,2446 1179,2441"/>
                <Baseline points="1184,2465 1223,2465 1263,2465 1303,2465 1343,2465 1383,2465 1423,2465 1463,2465 1503,2465 1543,2465 1583,2465 1622,2465 1662,2465 1702,2465 1742,2465 1782,2465 1822,2464 1862,2463 1902,2463 1942,2462 1982,2462"/>
                <TextEquiv>
                    <Unicode>Nota etiam, quod ista prohibitio non extendit se vs¬</Unicode>
                </TextEquiv>
            </TextLine>
            <TextLine id="r3l59" custom="readingOrder {index:56;}">
                <Coords points="1153,2524 1898,2525 1992,2513 1992,2483 1153,2485"/>
                <Baseline points="1158,2504 1199,2504 1240,2504 1282,2504 1323,2504 1365,2504 1406,2504 1447,2504 1489,2504 1530,2504 1572,2504 1613,2504 1654,2504 1696,2502 1737,2502 1779,2502 1820,2502 1861,2502 1903,2502 1944,2502 1986,2502"/>
                <TextEquiv>
                    <Unicode>ue ad nepotes: quia quamuis filius tuus spiritualis non </Unicode>
                </TextEquiv>
            </TextLine>
            <TextLine id="r3l60" custom="readingOrder {index:57;}">
                <Coords points="1143,2563 1905,2566 1997,2557 1997,2513 1143,2528"/>
                <Baseline points="1148,2544 1190,2544 1232,2544 1274,2544 1316,2544 1358,2544 1400,2544 1443,2544 1485,2543 1527,2543 1569,2543 1611,2543 1653,2543 1695,2543 1738,2543 1780,2543 1822,2543 1864,2543 1906,2543 1948,2544 1991,2544"/>
                <TextEquiv>
                    <Unicode>possit accipere filiam tuam carnalem, tamen bene potest</Unicode>
                </TextEquiv>
            </TextLine>
            <TextLine id="r3l61" custom="readingOrder {index:58;}">
                <Coords points="1136,2596 1953,2601 1984,2555 1136,2563"/>
                <Baseline points="1142,2585 1183,2583 1225,2583 1267,2583 1309,2583 1351,2583 1393,2583 1434,2583 1476,2583 1518,2583 1560,2583 1602,2583 1644,2583 1686,2583 1727,2582 1769,2582 1811,2582 1853,2582 1895,2582 1937,2582 1979,2582"/>
                <TextEquiv>
                    <Unicode>accipere neptim tuam, puta, filiam filiae tuae, &amp; etiam fi-</Unicode>
                </TextEquiv>
            </TextLine>
            <TextLine id="r3l62" custom="readingOrder {index:59;}">
                <Coords points="1143,2633 1984,2636 1984,2600 1918,2592 1143,2595"/>
                <Baseline points="1148,2624 1189,2624 1231,2622 1272,2622 1314,2622 1355,2622 1397,2622 1438,2621 1480,2621 1521,2621 1563,2622 1605,2622 1646,2622 1688,2622 1729,2622 1771,2622 1812,2622 1854,2622 1895,2622 1937,2621 1979,2621"/>
                <TextEquiv>
                    <Unicode>ius tuus carnalis potest accipere filiam fuii tui spiritua¬</Unicode>
                </TextEquiv>
            </TextLine>
            <TextLine id="r3l63" custom="readingOrder {index:60;}">
                <Coords points="1144,2672 1997,2685 1990,2631 1144,2632"/>
                <Baseline points="1149,2663 1191,2663 1233,2663 1275,2663 1317,2663 1359,2663 1401,2663 1444,2663 1486,2661 1528,2661 1570,2661 1612,2661 1654,2661 1696,2661 1739,2661 1781,2661 1823,2661 1865,2663 1907,2663 1949,2664 1992,2666"/>
                <TextEquiv>
                    <Unicode>is lsta patent ex dictis lnnocenti extra de coguatione</Unicode>
                </TextEquiv>
            </TextLine>
            <TextLine id="r3l64" custom="readingOrder {index:61;}">
                <Coords points="1152,2729 1781,2720 1811,2714 1811,2672 1152,2676"/>
                <Baseline points="1157,2705 1189,2705 1221,2704 1254,2703 1286,2703 1319,2703 1351,2703 1383,2702 1416,2702 1448,2702 1481,2702 1513,2702 1545,2702 1578,2702 1610,2702 1643,2702 1675,2702 1707,2702 1740,2702 1772,2702 1805,2702"/>
                <TextEquiv>
                    <Unicode>pirituali; in glosa super primo c.illius tituli,</Unicode>
                </TextEquiv>
            </TextLine>
            <TextLine id="line_1603835772927_1417" custom="readingOrder {index:62;}">
                <Coords points="1276,2756 1286,2754 1537,2752 1646,2752 1844,2757 1869,2765 1868,2816 1596,2834 1355,2835 1338,2835 1260,2824 1260,2765"/>
                <Baseline points="1266,2805 1294,2805 1322,2805 1350,2805 1377,2802 1403,2801 1430,2799 1457,2799 1484,2799 1510,2799 1537,2799 1564,2799 1591,2799 1617,2801 1644,2801 1671,2802 1698,2804 1725,2805 1764,2798 1797,2799 1830,2798 1863,2801"/>
                <TextEquiv>
                    <Unicode>AR TICVLVS IIII.</Unicode>
                </TextEquiv>
            </TextLine>
            <TextLine id="r3l68" custom="readingOrder {index:63;}">
                <Coords points="1389,2920 1421,2928 1455,2914 1481,2926 1499,2916 1517,2928 1545,2918 1578,2930 1605,2913 1652,2922 1692,2908 1730,2914 1730,2865 1683,2870 1632,2838 1570,2861 1521,2860 1491,2843 1389,2846"/>
                <Baseline points="1394,2900 1419,2898 1444,2898 1470,2897 1495,2897 1521,2896 1546,2895 1572,2895 1597,2896 1623,2897 1648,2897 1674,2898 1699,2899 1725,2901"/>
                <TextEquiv>
                    <Unicode>De legali cognatione.</Unicode>
                </TextEquiv>
            </TextLine>
            <TextLine id="r3l69" custom="readingOrder {index:64;}">
                <Coords points="1191,3001 1995,2984 1995,2952 1943,2942 1436,2960 1191,2924"/>
                <Baseline points="1196,2979 1235,2979 1275,2978 1314,2976 1354,2976 1394,2976 1433,2976 1473,2976 1513,2976 1552,2976 1592,2976 1632,2976 1671,2978 1711,2978 1751,2978 1790,2978 1830,2978 1870,2978 1909,2978 1949,2976 1989,2976"/>
                <TextEquiv>
                    <Unicode>VANTVM ad quartum articulum est aduerten</Unicode>
                </TextEquiv>
            </TextLine>
            <TextLine id="r3l70" custom="readingOrder {index:65;}">
                <Coords points="1189,3030 1802,3039 1957,3029 1979,2985 1189,3001"/>
                <Baseline points="1194,3021 1235,3020 1276,3018 1317,3017 1358,3015 1399,3015 1440,3015 1481,3014 1522,3014 1563,3014 1604,3014 1645,3015 1686,3015 1727,3015 1768,3015 1809,3015 1850,3015 1891,3015 1932,3015 1973,3014"/>
                <TextEquiv>
                    <Unicode>edum, quod secundum theologos, ac etiam lurisi</Unicode>
                </TextEquiv>
            </TextLine>
            <TextLine id="r3l71" custom="readingOrder {index:66;}">
                <Coords points="1146,3076 1973,3069 1973,3022 1146,3033"/>
                <Baseline points="1151,3059 1191,3059 1232,3057 1273,3056 1314,3056 1355,3056 1396,3054 1436,3054 1477,3054 1518,3054 1559,3054 1600,3054 1641,3054 1682,3054 1722,3054 1763,3054 1804,3054 1845,3054 1886,3054 1927,3054 1968,3054"/>
                <TextEquiv>
                    <Unicode>peritos, cognatio legalis est quaedam humana proximi</Unicode>
                </TextEquiv>
            </TextLine>
            <TextLine id="r3l72" custom="readingOrder {index:67;}">
                <Coords points="1144,3119 1933,3109 1975,3102 1975,3069 1144,3077"/>
                <Baseline points="1149,3099 1190,3098 1231,3096 1272,3096 1313,3096 1354,3095 1395,3095 1436,3095 1477,3095 1518,3095 1559,3095 1600,3095 1641,3095 1682,3095 1723,3095 1764,3095 1805,3095 1846,3095 1887,3094 1928,3093 1970,3092"/>
                <TextEquiv>
                    <Unicode>tas ex adoptione proueniens sed adoptio est extranea</Unicode>
                </TextEquiv>
            </TextLine>
            <TextLine id="r3l73" custom="readingOrder {index:68;}">
                <Coords points="1146,3163 1772,3166 1984,3147 1984,3103 1146,3120"/>
                <Baseline points="1151,3138 1192,3138 1233,3138 1275,3138 1316,3138 1358,3137 1399,3137 1440,3137 1482,3137 1523,3137 1565,3137 1606,3137 1647,3137 1689,3135 1730,3135 1772,3135 1813,3134 1854,3134 1896,3132 1937,3132 1979,3131"/>
                <TextEquiv>
                    <Unicode>persone in filium, vel nepotem, &amp; deinceps legitima as¬</Unicode>
                </TextEquiv>
            </TextLine>
            <TextEquiv>
                <Unicode>modo compaternitas, directe conueniens viro, se exten
dit ad vxorem, &amp; quomodo non: sic eodem modo a mu
liere extenditur ad virum, si mulier suscipit puerum de
b aptismo, vel baptixat in necessitate, vel tenet in con¬
firmatione lstud patet trigesima, quaestione quarta, ca¬
pitulo sciscitatur.
Nota etiam circa istam materiam, quod si aliquis ho
mo habet prolem ab alia muliere, quam ab vxore sua;
tunc pater spiritualis illius prolis non impeditur, quin
mortuo illo homine, ipse possit contrahere matrimonium
cum vxore sua, ita, quod in isto casu vna mulier potess
habere duos compatres suceessiue. Et eo modo iudican
dum est ex parte viri, si vxor sua habet prolem ex alio vi
ro, quia tunc mortua vxore, vir poterit contrahere cum
matre spirituali illius prolis, quae erat commater vxoris
suae; &amp; sic vnus vir potest suceessiue duas commatres ha
bere in vxores lsta patent trigesima, quaestione quarta,
capitulo qui spiritualem.
Nota etiam, quod vir &amp; mulier, simul leuantes ean¬
dem prolem de baptismo, non prohibentur inter se ma
trimonium conti ahere: quia quamuis eadem proles sit
vtriusque filius spiritualis, tamen ex hoc mater spititua¬
lis, &amp; pater spiritualis nullam contrahunt inter se com¬
paternitatem, seu spiritualem cognationem. Et istud po
nit Innocentius extra de cognatione spirituali in glosa
super c. Martinus. Et idem ponit Hostiensis in glosa su¬
per. c. veniens
Quantum ad tertiam speciem, est sciendum, quod quam
uis circa impedimentum spiritualis fraternitatis anti¬
quitus fuerint diuersae opiniones, iura tamen moderna
hoc clare determinauerunt, quod omnes liberi duorum
compatrum legitime possunt contrahere, excepta sola 
prole spirituali: quae, si est masculus, numquam potest
legitime copulari alicui carnali filiae sui patris spiritua¬
lis; nec alicui eiusdem patris filio, si fuerit femella. lsta
atent extra de cognatione spirituali, capitulo primo. 
Patent etiam trigesima, quaestione tertia, capitulo, Non
oportet, capitulo super quibus
Nota etiam, quod cum sacerdos baptixans, sit patet
piritualis ipsius baptixati: ideo, si sacerdos habet fi-
lium carnalem, ille ron potest legitime contrahere ma
trimonium cum aliqua filia ab eodem sacerdote bapti
cata, eo, quod omnium eorum, quos huiusmodi sacet
dos Daptixauit, praedictus carnalis filius sit frater spiri¬
tualis. Istud habetur extra de cognatione spirituali, ca¬
pitulo vltimo Et idem est iudicandum de filio carnali
laici, qui in necessitate baptixaret: ipse enim esset verus
ater spiritualis illius filiae, quam baptixaret: &amp; ideo fi-
lius suus non posset ducere illam filiam in vxorem: quia
ipse esset frater suus spiritualis: nec pater posset eande
filiam accipere in vxorem, quia ipse esset pater eius spi¬
ritualis: nec idem pater posset accipere matrem illius fi
liae, eo quod vera compaternitas esset inter huiusmodi
personas. Haec omnia possunt haberi ex dictis Hosties¬
in glo, super capitulo proxime allegato.
Nota etiam, quod ista prohibitio non extendit se vs¬
ue ad nepotes: quia quamuis filius tuus spiritualis non 
possit accipere filiam tuam carnalem, tamen bene potest
accipere neptim tuam, puta, filiam filiae tuae, &amp; etiam fi-
ius tuus carnalis potest accipere filiam fuii tui spiritua¬
is lsta patent ex dictis lnnocenti extra de coguatione
pirituali; in glosa super primo c.illius tituli,
AR TICVLVS IIII.
De legali cognatione.
VANTVM ad quartum articulum est aduerten
edum, quod secundum theologos, ac etiam lurisi
peritos, cognatio legalis est quaedam humana proximi
tas ex adoptione proueniens sed adoptio est extranea
persone in filium, vel nepotem, &amp; deinceps legitima as¬</Unicode>
            </TextEquiv>
        </TextRegion>
    </Page>
</PcGts>
