2179 3503
144 301 801 355 DISTINCTIO. XXV
120 385 815 470 Resolita huius distinctionis diuisio, in qua de
186 447 740 520 ordinum collatione & receptione
345 501 578 557 determmatir.
324 616 878 697 SOLET etiam quaeri. Postquam
341 682 872 732 Magister determinauit de ordinum
339 719 875 779 differentia, & distinctione; nunc in
335 762 877 819 ista. 25. dist tractat de ordinum col¬
336 802 881 852 latione, & receptione. Et diuiditur
335 843 876 898 in duas partes: nam primo tractat
334 884 881 927 de conferentis potestate. Secundo
331 922 882 977 de recipientis habilitate, ibi. Sacri
48 962 874 1013 inquit. Prima in duas: quia primo, ostendit quomodo
42 1000 866 1059 ad ordinum collationem se habeant haeretici. Secundo
43 1042 869 1093 quomodo ad idem se habeant illi, qui emptione, vel vo
41 1084 875 1126 ditione efficiuntur Simoniaci, ibi, De Simoniacis vero.
48 1124 875 1172 Prima in tres: quia primo mouet hanc quaestionem, vtrum
42 1158 867 1203 haeretici possint tradere ordinis sacramentum. Secun
38 1201 875 1253 do ad vtramque potestatem quaestionis ex multis aucto
35 1236 878 1291 ribus ducit argumentum. Tertio respondet ad quaestio¬
39 1287 875 1323 nem iuxta variarum opinionum varium documentum
35 1318 879 1375 Secunda ibi, videtur enim quidam tertia, ibi, Haec auten
27 1356 870 1410 ita Secunda istarum diuiditur in duas partes: quia pri¬
42 1399 879 1445 mo, arguit ad partem negatiuam, secundo ad partem
39 1435 881 1487 affirmatiuam, ibi, E contra autem alij. Tertia pars, in qua
30 1474 878 1515 respondet ad quaestionem, diuiditur in a partes, secun¬
30 1515 875 1560 dum quod Magister adducit. 2. opiniones. Secunda ibi¬
33 1554 870 1596 Alii vero. Tertia ibi, Quidam vero. Quarta, ibi Nonnul¬
24 1591 881 1633 livero. Sequitur illa pars, De Simoniacis vero. Et diui¬
24 1633 875 1685 ditur in duas partes: nam primo peccati Simoniae innun
25 1671 875 1726 grauitatem. Secundo, iuxta triplicem Simoniae speciem,
30 1715 870 1760 ostendit inflictam a lure multiplicem poenalitatem, ibi
17 1745 868 1792 Simoniace. Prima in tres: nam primo ostendit Simonia
24 1792 872 1833 tae prauitatis deformitatem. Secundo innuit rationi
14 1832 881 1883 scientiae, & ignorantiae in Simonia esse magnam varieta
19 1880 880 1925 tem. Et tertio cuiusdam instantiae tollit difficultatem. Se
36 1906 875 1962 unda ibi, Differunt tamen. Tertia ibi, Si vero. Circa
50 1949 448 2011 am distinctionem quaero.
329 2023 588 2096 Questio 1.
100 2129 776 2187 An ordinator pecuniam exigens ab or¬
271 2169 656 2245 dinatis sit Simoniacus.
48 2527 887 2591 TRVM ordinator, exigens pecuniam ab ordina¬
72 2585 887 2636 tis, sit Simoniacus. videtur, quod non, quia seminam¬
33 2618 878 2670 spiritualia de lure debentur temporalia: sed Episco¬
30 2657 887 2703 is, tradens ordines, seminat spiritualia: ergo &c. Maior
24 2698 882 2752 itet per Apostolum 1. Cor. 9. Minor etiam patet, quia
27 2735 635 2797 tramentum ordinis est res spiritualis
37 2756 884 2830 Contra, quicunque ex pacto dat rem spiritualem pro
24 2811 885 2875 remporali, ille est Simoniacus: talis ordinator ex pa¬
17 2865 884 2907 o dat rem spiritualem pro re temporali. Maior patet
30 2902 885 2954 diffinitione Simoniae, quae infra ponetur. Patet etiam
27 2932 887 2985 mor: quia manifesta pecuniae exactio videtur aequipos
9 2969 894 3026 ere pacto. Hic primo videndum est de ordinatoris pote
21 3008 893 3070 ite. Secundo de aliquorum ordinantium inhabilitate.
18 3062 892 3116 ertio de ordinandorum qualitate. Et quarto gratia
17 3093 841 3157 erti videnda sunt aliqua de Simoniaca prauitate,
1117 298 1571 351 RESOLVTIO
919 384 1764 462 Quamuis de itre communi solus Episcopus sacramentum ordinis
954 447 1764 492 conferre valeat, nullus tamen simple¬ praeiboter Episcopum
960 484 1763 537 potest consecrare. Vnde licet Epilcopus haereticus, vel subiectu;
960 526 1773 568 paenae canonicae, aut ecclestasticae cenlurae inbabilis reddatur ad
953 568 1765 622 conferendum licite sacramentum ordinis, absolute tamen con¬
951 597 1629 663 fert seruata forma, & int entione catholicae ecclestae.
1096 710 1642 795 ARTICVLVSI.
1129 817 1538 894 De ovdinatoris potestate.
941 944 1760 1026 VANTVM ad primum pono duas conclusio¬
1025 1002 1101 1054 nes.
966 1021 1768 1096 Prima est, quod solus Episcopus de iure communi po
918 1069 1670 1136 test ordinare, seu ordinis sacramentum conferre.
1007 1114 1767 1172 Quia non requirit minorem potestatem duces di¬
921 1156 1770 1211 sponere, & ordinare, quam milites ascribere: Sed in col¬
928 1210 1764 1253 latione sactamenti confirmationis ascribuntur milites
927 1239 1764 1281 ecclesiae militantis, & in collatione sacramenti ordinis
928 1277 1764 1322 disponuntur duces ipsorum fidelium : Cum igitur solus
921 1318 1763 1369 Episcopus de iure communi possit conserre sacramentum
921 1369 1769 1409 confirmationis, vt patet ex dictis in dist. 5. ergo sola po¬
926 1401 1766 1454 testas Episcopalis de iure communi sufficit ad conferen
929 1434 1337 1489 dum sacramentum ordinis;
935 1457 1760 1524 2 Praeterea, consecratio vasorum ad diuinum culti
923 1517 1767 1567 spectantium non requirit maiorem potestatem, quam
923 1553 1763 1602 consecratio ministrorum talibus consecratis vasis vten¬
924 1593 1763 1643 tium: sed vasa, puta calices de iure com muni non possunt
928 1643 1763 1684 consecrari, nisi ab Episcopo: ergo nec clerici, & sacerdo¬
926 1669 1758 1721 tes huiusmodi vasis vtentes, possunt ordinari, nisi ab Epi
927 1711 1758 1760 scopo. Et ista videtur esse intentio lsi. in li, ethi vbi ait
927 1754 1766 1804 Episcopus summus sacerdos, & Pontifex maximus no¬
932 1802 1754 1850 minatur: ipse enim efficit sacerdotes, & leuitas, & om
933 1828 1449 1888 nes ordines ecclesiasticos disponit
966 1852 1763 1920 Forte dicetur, quod quando aliqua vocabula sunt sv¬
929 1912 1774 1963 nonvma, tunc significatum vnius non est maioris pote¬
926 1949 1772 2000 statis, quam significatum alterius: sed hoc nomen Episco¬
939 1987 1769 2036 pus, & hoc nomen praesbvter, sunt vocabula svnonvma
930 2030 1772 2078 Maior patet: quia svnonvma sunt, quorum nomina sunt
935 2067 1771 2116 plura, res antem una. Patet etiam minor in multis locis
926 2107 1770 2149 epistolarum Apostoli, vbi ipse Apostolus pro eodem vi
924 2143 1773 2191 detur accipete nomen Episcopi, & nomen praesbvteri¬
936 2183 1770 2234 Vnde in principio epistolae ad Philip ait, Paulus, & Ti-
936 2222 1777 2280 mothaeus serui lesu Christi, omnibus sanctis in Christo
938 2256 1772 2310 esu, qui sunt Philippis cum Episcopis, & diaconibus, gra¬
929 2308 1765 2355 tia vobis, & pax &c. vbi expresse patet, quod per Episco
941 2348 1772 2393 pos intelligit praesbyteros: quia vnius ciuitatis non sunt
946 2382 1768 2431 lures Episcopi, nisi per Episcopos intelligamus praesbs
932 2430 1769 2474 teros. Sed Philippis, ad quam ibi scribit Apostolus, fuit
933 2456 1776 2511 vna ciuitas. Et idem patet Act. 20. vbi Apostolus alloquens
942 2500 1774 2553 praes byteros ciuitatis Ephesinae, ait, Attendite vobis, &
934 2545 1774 2592 vniuerso gregi, in quo vos spiritus sanctus posuit Episco¬
940 2584 1771 2629 pos regere ecclesiam dei. Etiam econuerso, nomine
941 2619 1777 2671 praesbvteri Apostolus exprimit Episcopumi. ad Thi. A¬
939 2661 1772 2705 dicens. Noli negligere gratiam, quae data est tibi per im¬
938 2696 1772 2750 positionem manuum praesbvteri, idest. Episcopi, per
932 2735 1442 2785 quem Timotheus fuit ordinatus.
980 2772 1762 2830 Propter has, & consimiles auctoritates, quaedam opi
933 2809 1774 2863 nio ponit, quod ista duo nomina, scilicet praesbvter, &
948 2854 1778 2907 episcopus, olim fuerunt svnonvma. Sed istud non va¬
933 2897 1780 2945 let: quia ab exordio sanctae Matris ecclesiae semper sue¬
949 2926 1783 2982 unt aliqui gradus inter praesbyteros, quia Christus in¬
936 2977 1771 3023 stituit Petrum principem ceterorum, & ideo appellaut
940 3019 1781 3057 eum Cephas, quod interpretatur caput. Ftiam 12. Apo
948 3044 1781 3105 tolos in altiori gradum videtur constituisse, quam 72. di¬
936 3082 1790 3148 scipulos, & ideo Apostoli, tenuerunt stati Episcoporum,
