2419 3525
315 265 1115 338 Praeterea dato, quod duo infideles coniuges ad fi
272 324 1112 370 dem Christi simul conuertantur, ad hoc, quod verum si
264 369 1117 415 eorum matrimonium, non oportet, quod de nouo con¬
270 411 1125 458 trahant: ergo supponitur prius contractum, & per conse
270 443 1124 499 quens, antequam essent conuersi, verum habuerunt ma
270 483 455 533 trimonium.
303 512 1113 563 Ad primum igitur dicendum, quod sacramentum ec
271 562 1109 611 clesiae, cum sit signum quoddam, dupliciter potest acci¬
271 603 1113 652 pi. Vno modo, secundum suam significationem comple
270 641 1101 690 tam, & actualem. Alio modo, secundum suam significa
258 684 1112 735 tionem aptitudinalem. Primo modo, licet maior sit ali¬
266 717 1115 763 quo modo vera, tamen secundo modo non est vera: quia
260 763 1109 807 sacramentum ecclesiae, quod est matrimonium, quantum
260 803 1106 845 ad suam aptitudinem significationalem potest conuenire
258 837 1110 882 ei, qui non est baptixatus. Ad probationem dicendum,
264 879 1106 929 quod licet ex baptismi carentia bene arguatur, quod sa
258 922 1109 967 cramentum ecclesiae non conueniat non baptixato, se¬
257 963 1114 1005 cundum actualem, & perfectam significationem, ex hoc
256 1000 1109 1043 tamen non habetur, quin possit ei conuenire secundum
253 1036 1107 1084 aptitudinalem suam significationem: quod patet, quia si
252 1072 1097 1128 duo coniuges infideles ad fidem Christi conuersi, bapti
255 1119 1107 1164 entur, tunc sine aliquo nouo matrimoniali contractu
260 1149 1106 1203 idem matrimonium, quod habebant ante baptismum
252 1195 1105 1243 significabit actualiter post baptismum illud, quod signif
258 1233 1115 1279 cat matrimonium fidelium, scilicet coniunctionem Chri
255 1272 509 1320 sti cum ecclesia
297 1310 1091 1353 Ad secundum dicendum, quod minor non est vera¬
257 1347 1100 1399 Ad probationem dicendum, quod vt patet ex dictis su¬
256 1394 1106 1444 perius, verum matrimonium non solum significat conium
258 1429 1106 1480 ctionem Christi cum ecclesia, & dato, quod eam signifi¬
256 1465 1100 1515 cet:tamen non semper significat eam actualiter, sed ap
259 1511 1110 1561 titudinaliter: si enim huiusmodi actualis significatio, secu
245 1547 1109 1593 dum quod actualiter signum concernit signatum in actu
258 1589 1098 1641 perfecto positum, esset de ratione matrimonii, tunc pri
255 1620 1112 1672 mi parentes, & ceteri antiqui testamenti patres non ha
245 1668 1106 1723 buissent verum matrimonium, quod nullo modo est
264 1706 429 1764 dicendum
303 1742 1115 1791 Ad tertium est dicendum, quamuis ratio probet ma¬
252 1780 1115 1829 trimonium infidelium non esse ratum: tamen ex hoc non
253 1820 1109 1873 sequitur, quod eorum matrimonium non sit verum, &le
264 1869 1108 1918 gitimum: Quia ficut habetur. 18 qi capit item illud ma
254 1904 1115 1952 trimonium, quandoque est ratum, sed non legitimum, si
257 1945 1109 1990 cut matrimonium inter personas fideles, & legitimas,
254 1981 1091 2027 absque debita sollemnitate clandestine contractum.
258 2024 1109 2069 Quandoque legitimum, sed non ratum, ut matrimonium
251 2059 1103 2110 inter personas legitimas, sed infideles contractum. Istuo
256 2103 1100 2153 enim matrimonium non est ratum: eo, quod dissolu
264 2142 1115 2184 b ile efficiatur per conuersionem vnius coniugis ad fidem
263 2183 1109 2223 Christianam: vinculum enim Christianae fidei est ma¬
258 2221 1108 2269 ius vinculum vinculo praecedentis matrimonii: lgitur in
264 2261 1118 2310 casu, in quo praecedens matrimonium derogat huic di¬
271 2295 1109 2352 gnissimo vinculo subsequenti, tunc vinculum praecedet
260 2337 1112 2383 tis matrimonii ipso iure meretur dissolui. Et istud euidem¬
261 2379 1115 2426 ter habetur ex dictis Innocentii tertii, extra de diuortiis
270 2418 495 2470 cap. quanto te¬
270 2457 1124 2505 Ad quartum dicendum, quod consequens non est fal
270 2495 1110 2544 sum. Ad auctoritatem Apostoli, qua falsitas consequen
269 2543 1130 2588 tis probatur dicendum, quod sicut ibidem dicitur in glo.
268 2573 1115 2623 Apostolus non accipit ibi fidem, prouirtute, sed pro cont
271 2615 1127 2666 scientia, & ideo est sensus, quod omne factum contra fa
273 2654 1123 2700 cientis conscientiam peccatum est, quia qui facit contra
273 2690 858 2745 conscientiam, aedificat ad gchennam.
313 2728 1093 2775 Ad glosam dicendum, quod non est intelligendum
269 2770 1128 2815 eausam, sed per quandam concomitantiam, quia vita in
280 2807 1128 2861 fidelium nuquam est sine peccato, & hoc vel originali tam
282 2848 1114 2898 tum, sicut in paruulis ipsorum infidelium, vel originali
277 2889 1127 2932 & actuali simul, sicut in adultis, quia sine gratia, & carita
276 2928 1123 2979 te, quae veram fidem praesupponunt, non delentur pec¬
272 2969 1120 3015 cata: Vel potest dici, quod illud dictum debet intellig
285 3004 1133 3053 cum reduplicatione, vt sit sensus, Omnis vita infidelium,
277 3046 1120 3095 id est, omne illud, cuius infideles sunt causa, secundun
287 3083 1118 3142 quod infideles sunt, hoc est peccatum, & hoc est necess¬
273 3130 1114 3181 rtum, quia hoc procedit ab infidelitate: illud autem ne
1146 280 2009 354 cessario est peceatum, quod sic procedit ab infideli, quod
1155 325 1535 375 infidelitas eius est causa¬
1195 353 1995 423 Conclusio 2. est, quod fidelis cum infideli non potest contra
1159 401 1999 453 here verum matrimonium, & hoc maxime propter sta¬
1150 449 2000 494 tutum ecclesiae, quo huiusmodi sacramentum prohibe¬
1158 489 1987 533 tur contrahendum, & dirimitur contractum, vt patet
1158 526 1993 571 22. qci vbi dicitur, Non nisi eiusdem religionis, & fidei
1158 569 1990 610 maneant copulata coniugia. Et idem patet. 7. quae.. in
1157 606 1990 653 pluribus capitulis illius quaestionis. Hinc etm ait Ambro
1162 651 1994 694 n libro de patriarchis, Caue, Christiane, gentili, vel lu¬
1152 682 1525 731 daeo filiam tuam dare
1230 711 1995 775 Praeterea, haec videtur esse intentio Apost. 2. ad Con
1146 761 1991 808 rinth vbi ait, Nolite iugum ducere cum infidelibus quae
1152 810 2003 861 enim participatio lucis ad tenebras aut quae pars fidelis
1153 836 1343 886 cum infideli
1167 872 1991 928 3 Praeterea, exemplum istius habetur in veteri testa¬
1152 920 1990 984 mento 1. Esdre. vbi Hesdras dissoluit coniugia contracta
1165 957 1711 1014 iudaeis cum mulieribus alienigenis
1146 991 2000 1042 Et in Deuto. vbi dominus precipit filiis lsrael, ne matri¬
1153 1038 2003 1085 monium contrahant cum Cananaeis dicens, Non inibis
1148 1078 1995 1134 cum eis foedus, nec misereberis eorum, neque sociabis
1159 1115 2003 1163 cum eis coniugia, filiam tuam non dabis filio eius, nec fi
1152 1155 1988 1195 liam eius accipies filio tuo, quia seducet filium tuum, no
1152 1194 1994 1246 sequatur me, & ut magis seruiat diis alienis. Et hic tangi
1152 1242 2003 1285 tur ratio, super qua fundatur praedictum statutum ec¬
1152 1276 2006 1325 clesiae, praecipiens, ne fidelis matrimonium contrahat
1153 1308 1348 1363 cum infideli¬
1186 1352 1989 1402 Sed contra istud forte dicetur, quod ista conclusio re
1158 1399 1993 1441 pugnat primae. Quia si ifidelitas ipedit matrimonium, tuc
1149 1432 2003 1478 maior infidelitas magis habet impedire. Sed ab obus con
1154 1467 1994 1511 iugibus existentibus infidelibus, maior videtur esse infi¬
1153 1508 1994 1549 delitas, quam si vnus est fidelis, & alter infidelis: ergo si
1161 1553 1994 1591 vnius infidelitas non patitur verum matrimonium, sicut
1152 1588 2005 1628 ista conclusio pretendit, multo magis amborum infide¬
1150 1626 2004 1671 litas non admittet verum matrimonium, cuius oppositum
1146 1665 1629 1718 habetur ex prima conclusione.
1174 1712 1988 1757 2 Preterea, ecclesia non debet statuere oppositum
1152 1743 2002 1785 illius, quod Apostolus videtur consulere. Sed Aposto¬
1157 1782 1997 1830 lus videtur consulere matrimonium habendum inter fi
1156 1821 2004 1870 delem, & infidelem. 1. ad Corint. 5. dicens, Sanctifica¬
1158 1868 2006 1922 tur vit infidelis per mulierem fidelem, & econuerso:
1155 1906 1289 1961 ergo &c.
1168 1953 2012 1992 4 Praeterea exemplum istius habetur in multis locis
1151 1980 1998 2029 veteris testamenti: Nam Toseph contraxit cum mulie
1149 2021 1993 2073 re Aegvptiaca, ut patet i Sen. Movses cum Aethiopissa
1158 2069 2004 2104 vt patet in Numeri. Hester, quae fuit fidelis iudaea, contra
1160 2100 2003 2149 xit cum rege Assuero, qui fuit Qentilis, ut patet Hester
1152 2139 1990 2186 secundo cap. Et Salamon cum filia Pharaonis, & cum a
1158 2177 2009 2227 liis multis mulieribus Oentilibus, vt patet. 3. Reg: & secu
1162 2218 1360 2271 do Paralipo.
1201 2235 1979 2301 Ad primum dicendum, quod hic nulla est contractio
1166 2298 2008 2346 Ad probationem dicendum, quod infidelitas praecise
1164 2338 2002 2381 non impedit matrimonium, sed pro tanto impedit, pro
1164 2375 2002 2426 quanto derogat alterius coniugis fidelitati: Hoc autem
1161 2413 2015 2459 non contingit ambobus coniugibus existentibus infide
1159 2452 1540 2502 libus, sed altero tantum.
1206 2495 2010 2545 Ad secundum dicendum, quod Apostolus non loqui
1162 2541 2012 2584 tur ibi de fideli muliere, quae erat fidelis priusquam con
1167 2572 2011 2620 traheret, sed loquitur de ea, quae infidelis existens cum
1169 2609 2012 2665 viro infideli contraxit, & postea conuersa est ad fidem:
1167 2654 2012 2695 igitur ex iam dicta auctoritate nihil arguitur contra prae
1167 2690 2011 2735 sens propositum. Etiam ecclesia posset rationabiliter ali
1176 2734 2008 2783 quid statuere pro nuc, quod obuiaret consilio dato ab Apo
1169 2769 2020 2821 stolo pro tunc, supposito, quod obseruatio illius consilii
1170 2820 2021 2860 pro tunc fuerit expediens, & pro nuc non esset expediens
1202 2850 2018 2898 Ad tertium dicedum, quod antiqui patres, qui fuerunt
1170 2885 2026 2934 ante legem Movsis, potuerunt contrahere matrimonium
1174 2928 2022 2966 cum infidelibus, eo, quod pro tunc huiusmodi contra¬
1170 2964 2012 3011 ctus nulla lege fuit prohibitus. Sed tepore legis prohiti
1179 3004 2012 3051 fuerunt, ne contraherent cum Cananaeis mulieribs ipsis ma
1170 3052 2026 3093 nentibus in ritu Chananaeorum, bitamen mulier muta¬
1180 3083 2025 3134 bat ritum suum, & transferebat se ad ritum hebraeorum, tumo
1168 3124 2019 3186 licebat contrahere cum ea: Sicut apparuit de haab, quae ca¬
