2374 3542
377 310 1235 365 alicui mulicri: Vnicuique ergo monasterio mulierum
388 357 1232 403 debet aliquis vir praeesse, quantum ad claues ecclesiae
384 400 1225 449 propter huiusmodi clauium dignitatem, dato, quod admini
383 438 1240 487 stratio temporalium aliquo modo Abbatissae, vel prioris
381 474 1239 522 se permittatur. Et hoc a principio pro tanto videtur fuis¬
390 517 1236 559 se permissum, ne si viri haberent huiusmodi tempora¬
382 553 1235 600 lium immediatam administrationem, ex quotidiana
388 594 1238 644 frequentia virorum cum claustralibus mulieribus, scandal
381 631 1132 683 lum hominum, & animarum periculum oriretur.
413 666 1229 722 Conclusio secunda est, quod loquendo de clauibus eccle
384 708 1228 758 siae secundo modo, tunc clanes possunt competere ei;
386 759 1229 801 qui non est sacerdos. Quia sicut in foro conscientiae iu¬
391 800 1232 842 dex est mediator inter Deum, & hominem, sic in foro
393 831 1223 878 exterioris sententiae iudex est mediator inter hominem
381 876 1232 918 & hominem: sed licet per modum iudicis mediare inter
390 909 1235 955 Deum, & hominem soli sacerdoti conueniat, tamen media¬
393 950 1225 991 re per modum iudicis inter hominem, & hominem, et non
375 991 1232 1037 sacerdoti conuenienter potest conuenire: ergo licet po
387 1031 1232 1078 testas iudicandi, & auctoritas discernendi in foro conscien
381 1067 1234 1120 tiae, quae dicuntur claues ordinis eo, quod tantummodo
384 1116 1216 1155 mediante sacerdotali ordine conferantur, solis conue
383 1149 1229 1197 niant sacerdoribus, tamen potestas iudicandi, & auctori
384 1200 1233 1236 tas discernendi in foro exterioris sententiae, quae dicun¬
380 1224 1229 1274 tur claues iurisdictionis, eo, quod conferantur ab eo, qui
385 1268 1223 1317 potest huiusmodi iurisdictionem conferre, poterunt con
375 1303 1226 1364 uenite etiam his, qui non sunt sacerdotes, dum modo, ip
374 1354 1133 1393 sis huiusmodi iurisdictio in subditos conferatur.
384 1380 1227 1433 Forte dicetur, quod ista distinctio, qua claues de foro conscien
388 1427 1226 1473 tiae dicuntur claues ordinis, & claues de foro exterio¬
381 1467 1223 1517 ris sententiae dicuntur claues iurisdictionis, non sit pro¬
392 1511 1226 1552 pria distinctio, nec per consequens bona: Quia illa di¬
383 1541 1228 1588 stinctio non est bona, cuius membra coincidunt, sed sic
386 1584 1221 1631 est in proposito; ergo &c. Maior patet. Probo minorem,
387 1631 1219 1672 quia absolutio de peccatis confessis spectat ad forum
376 1660 1214 1709 conscientiae, sed talis absolutio necessario praesupponii
378 1698 1219 1744 iurisdictionem, sicut patet in praecedenti quaestione,
378 1740 1220 1777 vbi dictum est, quod etiam religiosi priuilegiati, & si nonha¬
384 1776 1211 1822 beant iurisdictionem ordinariam: habent tamen iurisd
377 1817 1217 1860 ctionem delegatam, ad hoc quod possint absoluere ho¬
388 1859 1217 1903 mines, qui ipsis confitentur; ergo clauis de foro conscien
378 1895 1223 1944 tiae non solum est clauis ordinis, sed etiam est clauis iu¬
387 1935 1214 1984 risdictionis, & per consequens male distinguitur contra
381 1972 703 2024 clauem iurisdictionis.
414 2010 1213 2062 Respondeo, quod minor non est vera. Ad probatio.
379 2061 1211 2102 nem dicendum, quod concessa maiori, & minori, adhus
385 2089 758 2144 non habetur intentum
424 2130 1213 2179 Ad cuius intellectum est aduertendum, quod clauis
377 2171 1214 2218 de foro conscientiae potest dupliciter considerari. Vno
372 2213 1200 2258 modo, secundum se, Alio modo, secundum suum vsum
374 2252 1215 2301 & exsecutionem. Modo licet, quantum ad secundum, sci
368 2289 1216 2337 licet quantum ad exsecutionem istius clauis requiratur
373 2328 1214 2375 iurisdictio, tamen non requiritur quantum ad primum
378 2366 1210 2421 quia a multis habentur istae claues, quibus tamen defi-
375 2412 1211 2454 cit huiusmodi iurisdictio. Nam istae claues conferuntur
381 2452 1208 2497 ei, cui confertur ordo sacerdotalis, dato, quod respectu
375 2491 1217 2538 nullorum subditorum sibi conferatur iurisdictio. Et per
370 2524 1207 2570 hoc claues de foro conscientiae proprie differunt a cla¬
379 2572 1217 2610 uibus exterioris iudicii, quia istae praecise conferuntur
381 2606 1206 2653 collatione iurisdictionis in subditos. Et ideo merito, &
393 2639 1209 2693 proprie primae claues dicuntur claues ordinis: quia num
374 2685 1207 2735 quam possunt conferri sine ordine, quauis bene confe
376 2730 1214 2772 rantur sine iurisdictione, & econuerso aliae proprie di¬
372 2763 1203 2810 cuntur claues iurisdictionis: quia numquam possunt con
372 2803 1210 2849 ferri sine iurisdictione, quamuis bene possint conferri
369 2839 551 2885 sine ordine¬
492 2868 1096 2952 ARTICVLO in.
396 2959 1203 3036 Vtrum quilibet sacerdos habeat huiusmodi claues
408 3073 1209 3122 VA NTVM ad secundum articulum pono duas con
495 3115 1208 3163 clusiones, quae quasi corollarie sequuntur ex iam
363 3149 1207 3217 dictis. Prima est, qloquendo de clauibs respicientibus
1273 308 2126 373 forum interioris conscientiae, tunc quilibet sacerdos ha
1275 358 1575 408 bet claues ecclesiae.
1318 397 2120 440 Quia, sicut iam dictum est, huiusmodi claues semper
1281 440 2119 492 conferuntur cum ordine sacerdotali: sed quilibet sacer¬
1279 478 2121 524 dos habet huiusmodi ordinem: ergo quilibet sacerdos
1276 516 1565 567 habet tales claues.
1284 548 2138 601 2 Praeterea, vt communiter dicitur, claues huiu mo
1271 592 2130 639 di dat Deus, quando in ordinatione episcopus dicit, ac
1270 634 2116 679 cipite spiritum sanctum, quorum remiseritis peccata, re
1284 676 2126 723 mittuntur eis: sed hoc dicit episcopus omnibus sacerdo
1276 715 1741 768 tibus, qui ordinantur; ergo &
1296 721 2129 795 1 Sed forte contra istud dicetur, quod multi ordinantur
1281 791 2118 837 in sacerdotes, qui sunt peccatores, ergo multi ordinantur
1279 833 2114 872 in sacerdotes, qui non recipiunt predictas claues. Anti
1280 871 2118 917 cedens patet. Probatio consequentiae: quia qui non reci
1291 909 2125 955 iunt spiritum sanctum, non recipiunt claues, sed nullus
1275 953 2117 1002 peccator recipit spiritum sanctum. Maior patet: quia si
1285 992 2120 1040 tut iam dictum est, in receptione clauium dicit episco
1287 1030 2127 1081 pus, accipite spiritum sanctum. ergo, qui non recipit spiri
1275 1068 2127 1112 tum sanctum, non videtur recipere claues. Patet et mi
1269 1107 2128 1155 nor, quia spiritus sanctus disciplinae effugiet fictum, vt di
1271 1145 1440 1197 cit sapiens
1338 1190 2114 1234 Praeterea, rex sapiens thesaurum suum, uel claues
1275 1229 2111 1267 thesauri sui non conmittit his, quos reputat suos mortales
1266 1267 2123 1310 inimicos: sed claues istae sunt claues diuini thesauri, pu
1269 1305 2120 1349 ta gratiae, & gloriae, & mortalem peccatorem Deus repu
1279 1344 1707 1396 tat inimicum suum: ergo &c
1347 1379 2121 1427 Praeterea, exclusus a regno non habet claues re¬
1269 1424 2125 1477 gni, sed quilibet sacerdos existens in mortali peccato est
1272 1460 2117 1506 exclusus a regno caelorum, ergo nullus talis sacerdos ha
1276 1506 1670 1558 bet claues regni celorum.
1275 1544 2108 1592 4 Praeterea, qui non pot aperire, seu absoluere, non
1262 1584 2104 1635 videtur habere claues; sed quandoque sacerdos est susper
1270 1620 2103 1672 sus, excommunicatus, haereticus, scismaticus, vel degra¬
1267 1665 2108 1711 datus, & nullus istorum potest regnum celorum aperire,
1276 1704 2116 1756 vel a peccatis absoluere: ergo nullus istorum habet claues.
1287 1747 2108 1788 3 Praeterea, frustra, & inutilis est potentia, quae num
1263 1777 2121 1831 quam existit in actum: sed potestas clauium in sacerdo¬
1257 1822 2109 1869 te nullam habente iurisdictionem, numquam exit in actum;
1266 1862 2106 1907 ergo vel in talibus sacerdotibus non sunt claues, & tuo
1266 1897 2102 1948 habetur intentum, vel si sunt, frustra, & inutiliter sunt,
1267 1942 2115 1987 quod nullo modo est ponendum, cum Deus, & natura
1264 1976 1569 2034 nihil faciant frustra
1296 2018 2098 2063 Ad primam, nego consequentiam. Ad probationem
1260 2040 2105 2106 dicendum, quod ibi fit mentio de receptione spiritus
1263 2092 2111 2144 sancti, non pro tanto, quod sine receptione spiritus san¬
1264 2137 2102 2180 cti nullo modo recipiantur claues, sed pro tanto quia,
1269 2180 2101 2228 qui idonee, & congrue, & ad salutem animae suae recipit
1267 2213 2099 2264 claues, ille vtique recipit gratiam spiritus sancti: sicut
1266 2251 2095 2294 enim ficte recipiens sacramentum baptismi reci pit cha
1263 2292 2103 2339 racterem baptismalem, qui est gratia gratis data, licet
1258 2330 2103 2375 non recipiat spiritum sanctum, seu gratiam gratum fa¬
1264 2367 2111 2415 cientem; sic ille, qui cum peccato mortali recipit ordinem
1260 2410 2097 2458 sacerdotalem, etiam recipit claues ecclesiae, quamuis non
1251 2456 2104 2496 recipiat spiritum sanctum, seu donum gratum facientis
1269 2490 2098 2535 ratiae: quia sicut praedictus character pro tanto, quia si¬
1258 2534 2102 2580 bi non repugnat simul esse cum mortali peccato; ideo po
1250 2570 2090 2620 test recipi ab eo, qui est in peccato, & retineri, non ob¬
1263 2607 2042 2655 stante, quod maneat peccatum, sic in proposito &c.
1300 2645 2101 2694 Forte dices, quod non est simile, quia clauis datur ad
1252 2684 2090 2732 expellendum peccatum, seu ad absoluendum de pecca
1261 2727 2091 2771 to, ergo licet character non habeat repugnantiam ad pec
1264 2768 2088 2813 tatum, tamen clauis videtur here repugnantiam ad peccatum.
1293 2803 2092 2846 Respondeo, quod clauis ista non datur ad expellen¬
1252 2848 2106 2887 dum peccatum proprii subiecti, sic enim datur gratia
1257 2887 2094 2937 gratumfaciens, illi enim formaliter repugnat esse in eo
1252 2927 2083 2966 dem subiecto cum mortali peccato, sed clauis datur com
1249 2965 2088 3018 tra peccatum subditi confitentis, vel proponentis confi
1253 3001 1796 3045 teri ei, qui habet claues absoluendi¬
1291 3039 2090 3085 Ad secudum dicendum, quod maior non est vera, supposi
1250 3086 2085 3136 to, quod thesaurus sit illius conditionis, quod quauis dispensa
1263 3122 2084 3170 tor sit inimicus regis:tamen ipse non pot huiusmodi the
1260 3154 2082 3225 saurum distribuere inimigis ipsius regis, sed tantum modo
