2392 3543
408 263 1259 330 tam comestionem quia iste cibus conuertit manducante
405 322 1266 363 in seipsum, vt apparet ex his, quae dixi di 12 q4. art. 2. Et
408 360 1261 404 istud satis insinuat dominus lesus Christus di. Qui man
412 399 1249 450 ducat meam carnem, & bibit meum sancuinem, in mi
407 444 1257 486 nanet, & ego in eo. Ad hoc autem, vt ista manducatio
417 479 1254 526 ordinate fiat, deseruiunt quattuor alii ordines, qui dici
405 518 1248 566 tur ordines minores. Huuamur enim ad huiusmodi sa
409 562 1244 601 cramenti dignam perceptionem, vno modo, per remo
413 600 1248 646 tionem prohibentis; alio modo, per collationem dispo
408 640 1262 691 nentis Primum fit dupliciter vno modo, repeslendo ho
417 675 1259 724 stes visibiles, & ad hoc deseruit hostiarius, qui custodiens
406 720 1263 767 portam ecclesiae sollerter antiquitus obseruabat, ne ali¬
411 763 1247 798 quis infidelis intraret ecclesiam, quando missa cele bra
409 791 1251 841 batur, ne per eorum tumultum, & irrisionem im pediremn
407 838 1259 878 tur fideles, qui recipere debebant sacram communio¬
402 870 1257 919 nem Alio modo, expellendo hostes inuisibiles, scilicet de
406 921 1259 958 mones; & ad hoc deseruit exorcista, cuius officium est fa
408 953 1259 996 cere coniurationes, vt demones ab hominibus exeant,
411 988 1258 1039 quos quandoque vexare consuescunt. Si iuuamur per
408 1032 1250 1079 collationem disponentis, hoc fit dupliciter: quia ve
404 1065 1245 1113 huiusmodi disposito valet ad intellectus informationem
410 1106 1249 1152 & ad hoc deseruit lector, cuius est legere prophetias; ve
405 1146 1256 1191 ad affectus inflammationem, & ad hoc deseruit acoly¬
408 1189 1252 1233 thus, cuius officium est accendere candelas tepore, quo
402 1223 1112 1271 legitur euangelium, & eleuatur satramentum.
458 1255 1259 1313 Sed contra praedicta potest argui sic. Si 7. sunt ordines
414 1299 1247 1348 ecclesiastici, cum quilibet ordinum sit sactamentum, se
407 1339 1262 1394 quitur, quod in ecclesia Dei non sint tantum 7. sacra¬
411 1381 1259 1428 menta, sicut dictum est a principio istius li sed erunt 15.
411 1417 1256 1463 sacramenta, puta 7. sacramenta ordinis, & sex alia sacra¬
404 1462 509 1506 menta
475 1493 1259 1547 Praeterea, si dicitur, quod isti. 7. ordines sint vnum
405 1535 1255 1578 sacramentum tantum, tunc huic dicto obuiat quaedam
411 1576 1262 1623 opinio, quae ponit, quod quamuis isti 7. ordines sint vnum
409 1616 1263 1661 sacramentum vnitate generis; tamen non sunt vnum sa
408 1654 1260 1699 eramentum vnitate speciei. 1. quia prima diuisio sacra¬
402 1697 1250 1749 menti, quae d iuiditur in 7. sacramenta, non est in specie
408 1733 1262 1780 specialissimas: & ideo quamuis ordo sit vnum membrum
412 1773 1262 1821 illius primariae diuisionis, qua sacrame ntum diuiditur in
401 1813 1250 1863 7. sacramenta:tamen sacramentum ordinis potest vlte¬
399 1860 1249 1906 rius diuidi in quaedam contenta sub ipso Secundum isti
393 1891 1252 1949 igitur opinionem videtur esse dicendum, quod 7. ordi¬
395 1930 1257 1973 nes sint 7. sacramenta specie differentia. Et licet istud
401 1969 1256 2021 ipsi non probent aliquibus rationibus: tamen pro ista
398 2007 792 2067 parte possum arguere sic
423 2043 1257 2090 2 Non est possibile multiplicari inferius, nisi multi¬
408 2086 1248 2141 plicetur superius, quod essentialiter praedicatur de tal
408 2138 1255 2176 inferiori: sed sactamentum praedicatur de ecclesiastico
403 2169 1247 2218 ordine essentialiter, tamquam superius de inferiori: er
398 2203 1243 2255 go multiplicato ordine penes numerum septenarium
408 2252 1256 2293 uxta eundem numerum multiplicabitur ordinis sacra¬
399 2286 548 2331 mentum.
427 2320 1261 2375 3 Praeterea, quando diuiditur ordo, qui est sacramen
402 2364 1251 2406 tum, in 7. ordines, aut illa diuisio est in partes integra¬
404 2403 1258 2452 les, aut in partes subiectiuas. Non potest dari primum:
407 2452 1259 2493 quia totum diuisum non praedicatur de aliqua sua par¬
408 2481 1250 2525 te integrali, maxime quando partes sunt dissimiles, &
405 2523 1247 2559 eterogeneae: ergo dabitur secundum, & per consequen¬
402 2559 1250 2604 habetur intentum quia partes subiectiuae non solun
401 2596 1259 2643 recipiunt in plurali praedicationem generis propinqui,
414 2637 1259 2677 verum etiam generis remoti: homo enim, & asinus non
399 2674 1249 2719 solum sunt plura animalia, sed etiam sunt plura corpo¬
396 2718 1253 2763 ra. Sic illa, in quae diuiditur ordo, non solum sunt 7. ordi¬
403 2759 1260 2802 nes, verum etiam sunt7 sacramenta, cum sacramentum
401 2791 816 2837 sit genus eorum remotum
480 2829 1259 2881 Praeterea, his 7. ordinibus respondent 7. distincti cha
393 2872 1255 2915 racteres: ergo hi. 7. ordines sunt7 distincta sacramenta.
393 2912 1262 2952 Antecedens communiter conceditur, & patebit in se¬
401 2954 1258 2996 quenti arti Sed consequentia videtur esse nota secundum
393 2996 1259 3036 istos: quia non videtur, quod ratione vnius sactamenti
399 3029 1193 3071 imprimantur diuersi characteres specie differentes.
477 3066 1248 3117 Praeterea, contra conclusionem in se est quaedam
403 3107 1259 3166 opinio, quae ponit, quod episcopatus, & psalmistatus, sint
1308 257 2150 322 duo ordines ecclesiastici, & sic erunt o. ordines, & non
1305 317 2147 362 solum7. sicut dicit praedicta conclusio: Quod enim
1295 358 2140 411 epist opatus sit ordo, habetur in decre: distinct. 21. cap
1309 396 2135 452 cleros. Etiam hoc ponit lsid. 2 etvm. Quod auten
1304 438 2143 486 psalmistatus sit ordo, probatur per hoc: quia non ess
1308 469 2142 518 minoris dignitatis canere psalmos, qui sunt nobilissima
1310 515 2150 562 prophetiae, quam legere ceteras prophetias : Sed lecto¬
1299 558 2141 603 ratus est ordo conueniens ei, qui legit alias prophetias
1306 607 2141 646 ergo & psalmistatus. Et confirmatur: quia psalmista com
1318 634 2149 675 utatur inter ordinatos ordine ecclesi astico distinct. 2i.
1307 672 1478 722 cap. cleros.
1317 703 2148 765 4 Praeterea, signatio, qua per episcopum datur pri¬
1300 746 2150 794 ma tonsura, videtur esse ordo: ergo non solum sunt 7. on
1298 790 2141 839 dines consequentia patet: probatur antecedens: quia nu
1304 830 2150 875 lus debet gaudere priuilegio clericali, inisi sit ordinatus,
1310 864 2147 916 vel hab eat aliquem ordinem: sed quilibet habens coro¬
1298 911 1988 955 nam ab episcopo gaudet priuilegio clericali.
1319 949 2165 998 7 Praeterea, arguunt quidam alij, quod veri ordines.
1302 992 2150 1043 ecclesiastici sint pauciores, quam 7. quia non legitur, quod
1293 1024 2141 1065 in primitiua ecclesia fuerint plures ordines, quam tres
1304 1067 2140 1118 scilicet episcopatus, praesbvteratus, & diaconatus: ergo s
1311 1107 2138 1156 plures essent ordines, tunc ordo ecclesiasticus tempori
1314 1142 1847 1195 us Apostolorum fuisset diminutus
1310 1173 2141 1232 3 Praeterea, b. Dyoni in de ecclesi. Hierarc. distin¬
1298 1226 2147 1273 guit solum tres ordines ecclesiasticos, secundum tres
1300 1268 2157 1312 actus hierarchicos, qui sunt, purgare, illuminare, & per-
1303 1301 2150 1351 ficere, ad quos perficiendos ordines in ecclesia Dei po¬
1306 1342 1403 1388 nuntur
1341 1373 2141 1427 Ad primum dicendum, quod licet sint 7. ordines: ta
1308 1413 2152 1467 men sacramentum ordinis est tantum vnum. Et quando
1295 1455 2163 1505 dicit illa opinio, qued sacramentum non diuiditur in 7.
1299 1502 2151 1551 sacramenta, tamuuam in species specialissimas, nego.
1309 1541 2148 1590 quia isti 7. ordines, ratione vnius finis, ad quem ordinan
1293 1580 2152 1620 tur, suur vnum sacramentum Finis autem iste est, vt pa¬
1300 1617 2147 1661 tet ex praedictis, vnire fideles Christo, mediante eucha¬
1296 1654 1844 1702 ristia, quae est sacramentum vnionis.
1336 1691 2145 1744 Ad secundum dicendum, quod maior non est vera
1309 1728 2158 1779 isi fiat vniformis comparatio superioris ad inferius, &
1298 1776 2152 1821 inferioris ad illa, secundum quae dicitur multiplicari, pu
1299 1818 2154 1860 ta, quod sicut ipsum superius est quoddam totum vni¬
1294 1859 2145 1900 uersale, cuius pars subiectiua est ipsum inferius; sic illud
1296 1891 2156 1935 idem inferius sit quoddam totum vniuersale respectu
1299 1932 2156 1980 ipsorum multiplicatorum, & illa multiplicata sint suae
1304 1974 2155 2019 partes subiectiuae: Sic autem non est in proposito: nam
1297 2008 2143 2054 licet sacramentum sit quoddam totum vniuersale, respo
1290 2049 2156 2098 ctu huius sacramenti, quod dicitur ordortamen sactamen
1299 2096 2149 2141 tum ordinis non est totum vniuersale respectu supradi¬
1300 2128 2147 2175 ctorum 7. ordinum: sed potius est quoddam totum pote
1293 2173 1913 2219 statiuum, respectu huiusmodi ordinum
1338 2205 2156 2255 Ad tertium dicendum, quod nec sic, nec sic, sed est di
1300 2243 2144 2292 uisio totius potestatiui in suas partes potestatiuas, qua
1297 2295 2149 2341 aliquo modo conuenit cum vtraque, licet proprie lo¬
1303 2325 2149 2376 quendo differat ab vtraque. Conuenit enim diuisio
1303 2370 2147 2414 totius potestatiui cum diuisione totius integralis: quia
1297 2408 2146 2452 sicut totum integrale resultat ex vnione partium, in quas
1293 2447 2138 2494 diuiditur, sic totum potestatiuum resultat ex suis parti
1302 2486 2142 2529 bus differt tamen: quia totum potestatiuum praedicatur
1299 2525 2144 2575 de qualibet sua parte: sed non totum integrale. Conue¬
1303 2565 2138 2610 nit etiam cum diuisione totius vniuersalis: quia sicut il
1295 2603 2149 2650 dictum est, totum potestatiuum praedicatur de his, in quae
1305 2644 2146 2690 liuiditur, quod proprie conuenit toti vniuersali. Sed in
1296 2682 2142 2739 hoc differt, quia totum vniuersale aequaliter praedicatur
1297 2718 2143 2768 de omnibus suis partibus: sed totum potestatiuum de vno
1303 2762 2145 2808 praedicatur perfecte; de aliis autem participatiue. Vnde
1292 2798 2149 2847 regalis potestas est quoddam totum potestatiuum claudens
1300 2841 2144 2885 in se potestate regis, & potestate omnium regalium offi
1302 2880 2142 2928 cialium: omnes enim officiales regales dicuntur posse re¬
1300 2917 2141 2973 gia potestate: & tamen regia potestas complete, & perfecte
1286 2965 2135 3013 solum praedicatur de potestate regis: quia in solo rege in¬
1296 2992 2141 3048 uenitur secundum suam rationem completam. De potesta¬
1293 3035 2141 3085 te autem Praepo siti, vel Paliui, vel cuiuscunque alterius re
1299 3076 2146 3121 galis officialis praedicatur potestas regia solum partici¬
1305 3117 2143 3167 patiue, & hoc secundum magis, & minus, secundum
