2338 3564
188 290 1052 349 formaliter opponitur huic vitio, quod est impoenitentia.
244 334 1061 393 Ad primum dicedum, quod homo poenitens diuidit, seu di¬
204 367 1056 433 stinguitur in hominem interrore, & homine exteriorem.
210 412 1046 472 Et isti sic ordinati sunt, quod quantum homo exterior pr po
201 458 1053 504 nitentiam debilitatur: tantum homo interior perfici¬
210 506 1052 547 tur, & roboratur. Est ergo minor istius rationis negan¬
203 539 1048 587 da, loquendo de interiori homine, & per consequens in
210 581 1049 630 proposito illa minor est falsa: quia interior homo est sub
196 613 1058 676 iectum poenitentiae, & per consequens de illo loquimur,
210 665 1055 716 quando dicimus hominem perfici virtute poenitentiae.
240 692 1049 756 Ad secundum dicendum, quod poenitentia non no¬
204 739 1044 789 cet quatum ad esse interioris hominis, quia disponit, ac
195 775 1055 823 maximam perfectionem eius: ergo interioris hominis
215 809 1053 879 potest opus bonum reddere: & hoc sequitur ex opposi¬
213 858 1037 910 to minoris, assumpta eadem maiori istius argumenti.
250 890 1050 941 Ad tertium dicendum, quod poenitentia. ludae non
207 916 1059 981 fuit vera, & ordinata poenitentia, quod patet ex despera
210 974 1055 1023 tione adiuncta. Poenitentia enim, de qua ad praesens lo
209 1009 1040 1062 quimur, quae est habitus gratuitus a Deo supernaturali
208 1046 1049 1101 ter infusus, immunis est a desperatione, nec vmquam se
203 1090 1052 1140 questratur a spe veniae: Tenet enim ista poenitentia me¬
204 1126 1055 1174 dium inter desperationem, & temerariam praesumpto¬
207 1166 1049 1227 nem: ergo in nullo est contra praedictam minorem illud
213 1206 633 1266 quod introducitur de luda
258 1219 1055 1301 Ad quartum dicendum, quod iste habitus poeniten¬
207 1285 1055 1335 tiae actiuae totaliter est a Deo: & ideo Deus huiusmodi
201 1322 1042 1372 habitum operatur in nobis sine nobis Etiam dispositio
204 1362 1050 1426 nes praeuiae sunt effectiuae ab ipso Deo, quamuis in hu¬
206 1405 1055 1457 iusmodi dispositoibus homo aliquo modo dicatur co¬
204 1443 1057 1493 operari Deo: sicut enim homo tractus ab aliquo consen
201 1488 1046 1532 tiens, & non resistens trahenti, dicitur ei cooperari qui¬
212 1529 1051 1577 ex suo consensu tractu trabentis fortificatur, sic homo
206 1557 1059 1611 consentiens diuinis motibus, quibus nos trabit pater
207 1599 1058 1649 coelestis, iuxta illud, quod ait filius. Nemo potest venire
216 1637 1050 1695 ad me, nisi pater, qui misit me, traxerit illum, vt sic, po
209 1689 1045 1742 ta, quantum in se est, obicem deponendo, dicitur Dec
212 1720 883 1772 cooperari, & sic non iustificat nos sine nobis
212 1766 1046 1811 Ad quintum dicendum, quod vera, & salutifera poen
207 1797 1047 1848 tentia est virtus moralis, non naturaliter acquisita: sec
212 1841 1052 1886 supernaturaliter infusa Ad probationem dicedum, quod
209 1872 1046 1935 poenitentia mediat inter furorem ducentem ad despe¬
210 1914 1045 1973 rationem, qualem furorem passus est Chavm, cum di¬
216 1959 1046 2015 xit Maior est iniquitas mea, quam vt veniam mere ar, q&
198 2001 1043 2042 inter finalem impoenitentiam, quae semper habet anne
204 2032 1055 2084 xam temerariam praesumptionem. Exemplum de Pha¬
209 2084 1061 2128 raone, de quo dicitur. Induratum est cor Pharaonis.
209 2117 1056 2169 Nec obstat, quod omne peccatum est execrabile poeni¬
216 2152 1055 2209 tenti: quia propter connexionem virtutum quilibet vn
207 2204 1047 2253 tuosus debet abominari omne vitium cuicunque virtu
221 2249 1049 2291 ti contrarium.
221 2281 1048 2332 Ad confirmationem dicendum, quod antecedens no
221 2310 1046 2367 est verum vsquequaque: quia poenitentia habet quen
221 2365 1058 2410 dam modum vindicatiuae iustitiae: propter quod reduci¬
212 2400 1058 2444 tur ad virtutem iustitiae: secundum quod quaelibet vir¬
212 2439 1042 2480 tus moralis reducitur ad aliquam de quattuor cardina
212 2479 1051 2520 libus virtutibus Ad probationem dicendum, quod lices
218 2511 1058 2557 inter dominum, & seruum non sit simpliciter iustum, vt
218 2554 1044 2603 dicitur 3. Ethicorum: tamen inter eos non negatur o
218 2590 1052 2641 mne iustum: quia vt patet ibidem, inter dominum, &
213 2635 1052 2677 seruum est dominatiuum iustum, & hoc ratione inaequa
222 2671 1058 2721 litatis, quae est inter dominum, & seruum, hanc tamen
221 2705 1055 2762 maequalitatem feruidus amor, si fuerit inter dominum,
212 2743 1052 2805 & seruum, minuit, & quandoque ad placidam aequalita¬
218 2784 1056 2843 tem reducit sic in proposito licet omnis salutifere poe¬
221 2833 1052 2877 nitens sit seruus Dei, & Deus dominus suus, & ratione
221 2859 1052 2923 criminis laesae maiestatis, quo dominum suum offendit
215 2911 1045 2957 mortem meruerit, & per consequens non possit satisfa¬
220 2952 1049 3000 cere de condigno: tamen quia huiusmodi vera poeniter
212 2991 1060 3040 tia numquam est sine Dei caritate annexa: ideo ratione
218 3033 1051 3081 istius virtutis amicitiae, quae semper oritur cum vera poe¬
218 3065 1058 3115 nitentia, iste seruus potest domino suo satisfacere, luxta
222 3097 1047 3158 illud, quod ait philosophus e ethicorum. Virtus ami¬
224 3148 1048 3204 citiae non requirit aequale, sed sufficit, quod est possibile
1097 296 1986 359 ft, est hi notandum, quod licet quilibet pradus diui i
1095 345 1973 398 nae caritatis, & amicitiae ad hoc sufficiat, vt iste seruus.
1095 381 1966 440 peenitens, suceessiue dommo suo valeat satis facere: ta¬
1098 423 1973 482 men tanto feruore caritatis iste poenitens posset func¬
1102 458 1962 517 dominum suum diligere, quod dominus non solum rea
1098 497 1965 557 laxaret offensam: verumetiam omnem satis factionem,,
1096 539 1965 596 & vlteriorem emendam libere condonaret, sicut appa¬
1095 580 1973 635 ruit in Maria Magdalena, de qua ipse dominus ait, Re¬
1101 616 1958 675 mittuntur ei peccata multa, quoniam dilexit multum.
1134 659 1982 712 Est etiam hic aduertendum, quod licet ista poeniten¬
1099 699 1982 759 tialis iustitia aliqualem habeat similitudinem cum iusti N
1107 736 1973 797 tia vindicatiua, de qua scripserunt philosophi: tamenin.
1098 772 1427 830 duobus, differt ab ea
1112 785 1968 868 Primo quia iustitia vindicatiua tacta per philosophos,
1097 859 1964 910 & poena inflicta mediante huiusmodi iustitia, non sunt
1089 893 1955 938 in eodem: quia iustitia talis est in iudice, poena autem
1095 937 1949 994 est in ipso reo, qui iuste corrigitur, & forifacto: & ideo iu
1099 972 1965 1031 stitia vindicatiua vocatur indicialis iustitia: quia iusta.
1096 1013 1958 1063 vindicta a iudice debet procedere, vt non liceat cuili¬
1095 1054 1956 1105 bet pro sua sponte seipsum de illata sibi iniuria vindica¬
1099 1094 1948 1143 re: sed in poenitentiali iustitra in eodem sunt iustitia, &
1099 1130 1956 1180 poena: quia habens a Deo hanc iustitiam sibi ipsi infert
1114 1169 1962 1227 oenam: ergo haec merito vocatur iustitia poenitentialis:
1112 1214 1955 1262 uia ille, in quo est haec iustitia, tenet poenam, & inde
1091 1243 1759 1302 poenitens dicitur quasi poenam tenens
1133 1261 1946 1341 Secundo d ifferunt quia sustinens poenam illatam a
1091 1324 1946 1369 iustitia iudiciali, quandoque inuitus sustinet eam, salua
1100 1367 1952 1420 tamen iustitia: sed sustinens poenam a poenitenti ali iusti
1100 1407 1953 1460 tia illatam semper voluntarie sustinet. Si enim inuo¬
1107 1442 1949 1500 untarie sustineret eam, tunc non esset salua poeniten¬
1095 1481 1928 1532 tialis iustitia, nec per consequens esset vera poenitentia
1113 1533 1934 1579 Sed licet ista reputem bene dicta:tamen, sic dicendo.
1106 1561 1935 1613 habeo contra me multas antiquorum opiniones. Et
1100 1605 1929 1664 primo quorundam, qui dicunt poenitentiam non essi
1101 1643 1370 1702 virtutem.
1113 1680 1938 1736 1 Quia quod est sacramentum, non est virtus: poeni¬
1098 1724 1951 1775 tentia est sacramentum. Maior patet, quia virtutes reali
1098 1771 1946 1812 ter distinguuntur a sacramentis Minor etiam patet: quia
1100 1805 1720 1852 poenitentia est vnum de 7. sacramentis.
1124 1842 1943 1895 2 Praeter ea, illud, quod est passio, non est virtus: poe¬
1095 1886 1955 1934 nitentia est passio: ergo &c Maior patet: quia omnis vir
1110 1918 1953 1967 tus est habitus: passio vero non est habitus: nam passio
1101 1966 1961 2010 est in tertia specie qualitatis: habitus autem est in prima
1107 1998 1952 2060 specie qualitatis, Probatur minor: quia poenitentia di¬
1111 2049 1724 2086 citur quafi poenae tenentia.
1109 2052 1959 2124 3 Pr terea, obiectum omnis virtutis est bonum: er-
1101 2125 1955 2167 go poenitentia non est virtus Consequentia patet: quia
1111 2153 1948 2204 obiectum poenitentiae non est, bonum, cum obiectum
1106 2193 1952 2241 uum sit ipsum peccatum, de cuius commissione dolet
1106 2233 1942 2287 ipse poenitens Antecedens probatur: quia sicut se ha¬
1110 2280 1944 2327 bet scientia ad verum, sic virtus ad bonum: sed oblectum
1101 2309 1946 2365 cuiuslibet scientiae est verum: ergo obiectum cuiuslibet
1103 2350 1385 2410 virtutis est bonum
1110 2401 1936 2444 4 Preterea, si poenitentia esset virtus, tunc in quo¬
1103 2432 1946 2479 cunque esset aliqua virtus, in illo esset poenitentia. Con¬
1109 2479 1945 2524 sequentia patet: quia omnes virtutes sunt connexe, vt
1110 2511 1941 2560 uperius est probatu lib 3. dist 30 Falsitas autem conse¬
1105 2555 1943 2600 quentis patet ex duobus Primo, quia in statupatriae ma
1108 2590 1940 2638 nent virtutes: & tamen non manet poenitentia, cum ibi
1108 2634 1940 2689 nulla possit esse poena Secundo, quia in statu innocen¬
1107 2668 1938 2720 tiae fuerunt virtutes: & tamen non fuit poenitentia, quia
1116 2713 1945 2754 poenitentia presupponit culpam, de cuius commusio¬
1101 2752 1928 2798 ne dolere debet ipse poenitens: sed quandiu fuit hom¬
1101 2792 1941 2841 innocens, tadiu nullam commiserat culpam: ergo non
1103 2823 1363 2881 potuit poenitere
1118 2834 1942 2918 Praeter ea, poenitentia non fuit, nec est in Christo:
1105 2908 1943 2958 ergo poenitentia non est virtus. Antecedens patet, &
1107 2946 1936 2991 ab omnibus est concessum Probatur consequentia: quia
1111 2992 1940 3042 mnis virtus fuit in Christo. nulla enim humana per¬
1092 3018 1384 3077 fectio defecit in eo
1134 3040 1954 3117 Sed ista non concludunt. quia actus meritorius, & lau¬
1101 3100 1953 3155 dabilis, est actus virtutis, sed actus verae poenitentiae est n
1101 3143 1934 3206 actus meritorius, &laudabilis; ergo poenitentia est virtus,
