2424 3563
210 291 1079 368 nedicere: ergo &c. Maior patet. Probo minorem: quia, qui
216 361 1073 405 maledictus est, ille non potest benedicere: sed talis sacet
218 392 656 444 dos est maledictus: ergo &c
222 435 1079 475 In contrarium videtur esse Au. qui ait. Intra ecclesiam
235 476 1081 518 catholicam in ministerio corporis, & sanguinis domini
234 511 1075 552 nihil a bono maius, nihila malo minus perficitur sacer¬
237 549 1075 601 dote: quia non in merito consecrantis, sed in verbo crea¬
238 587 1077 645 toris perficitur, & in virtute spiritus sancti. In ista quaestio
230 629 1081 676 ne quattuor sunt videnda. Primo quid intelligatur no¬
237 673 1089 714 mine corporis, quando substantia panis dicitur conuerti
228 709 1092 761 in eorpus Christi. Secundo de princ. quesito. Tertio vtrum
227 749 1077 792 ordo sacerdotalis sit de necessitate consecrationis. Et quai
234 794 1082 841 to, vtrum intentio consecrandi necessario requiratur ad
222 823 911 876 hoc vt sacerdos conficiat istud sacramentum.
417 940 888 1023 RESOLVTI O
225 1025 1084 1102 Quilib et sacerdos siue bonus, siue malus, dummodo intendat fa¬
261 1084 1085 1140 cere, quod intendit Ecclesia, proftrens debitam formam super
277 1128 1086 1174 debitam materiam Eucharistiae cum int entione conficiendi idi
270 1167 1086 1218 quod christus quo ad hoc fieri instituit, ille vere conficit sa¬
270 1211 1092 1257 cramentum corporis, & languinis domini nostri Tesa christi,
270 1258 1092 1312 non obstante malitia quacisque, vel spirituali ligamine ipsius.
385 1337 950 1394 ARTICVLVS 1.
228 1414 1093 1496 Quid intelligatior nomine corporis, quando substantia
354 1491 975 1550 panis dicitur conuerti in corpus christi.
323 1561 1084 1624 VANTVM ad primum est aduertendum, quod cor¬
239 1611 1084 1665 A pus potest tripliciter accipi. Vno modo, prout ess
250 1653 1097 1696 de praedicamento quantitatis, & sic praecise dicit trinam
250 1690 1085 1740 dimensionem. Alio modo, prout est directe in praedica¬
253 1737 1088 1781 mento substantiae, & praedicatur essentialiter de homine
244 1767 1091 1820 & de aliis rebus corporeis directe in predicamento sub¬
241 1810 1082 1857 stantiae existentibus, & sic dicit rem compositam ex ma¬
248 1851 1085 1896 teria, & forma substantiali. Tertio modo, prout in rebus
249 1884 1097 1929 animatis dicit alteram partem distinctam contra animam,
240 1927 1094 1973 secundum quod ait philosophus 2. de anima. Anima est
252 1970 1087 2013 actus corporis organici physici potentia vitam habentis
256 2006 1097 2057 & sic dicit ipsam materiam, non quomodocumque, sed
246 2047 1087 2093 modificatam quantitate, puta materiam extensam: Et isto
253 2081 1091 2131 modo non est directe in praedicamento, sed per reductio
247 2132 1097 2171 nem: quia pars essentialis reducitur ad praedicamentum
243 2163 1083 2216 sui totius, nec praedicatur essentialiter de homine:
247 2203 1096 2252 quia pars non praedicatur essentialiter de suo toto: Et
264 2249 1098 2290 quia his tribus modis reperitur corpus in humanitate
249 2280 1094 2329 Christi: ideo quantum ad istum articulum iuxta hanc tri
252 2324 1096 2367 membrem corporis dist. pono triplicem conclusionem.
289 2358 1104 2401 Prima conclusio est, quod cum dicitur substantia pa¬
257 2399 1096 2445 nis conuerti in corpus Christi, tunc nomine corporis non
261 2450 1103 2490 intelligitur corpus primo modo dictum. Quia si conuer¬
257 2477 1097 2527 teretur in tale corpus) quod est de praedicamento quan¬
253 2517 1100 2566 titatis, tunc substantia corporis Christi esset in sacramen
253 2556 1090 2608 to mediante quantitate, & per consequene extense, &quam
263 2596 1109 2642 titatiue, sed consequens est falsum: ergo & antecedens. Falsi
263 2642 1095 2688 tas consequentis patet ex dictis in ro dist. q. 2 articulo. I
261 2680 1097 2721 Consequentia etiam patet: quia sicut nunc ponimus, quod
263 2715 1112 2760 licet quantitas Christi sit in sacramento: tamen non est
264 2748 1104 2802 ibi quantitatiue, eo quod concomitanter est ibi me¬
270 2798 1106 2840 diante substantia, quae de se est indiuisibilis: sic econuer¬
259 2827 1116 2882 so, si, principaliter esset ibi quantitas, & substantia con¬
268 2875 1105 2918 comitanter mediante quantitate, tunc substantia ca¬
274 2919 1111 2964 peret ibi modum quantitatis, & esset ibi diuisibiliter, eo
263 2947 792 3008 quod quantitas de se sit diuisibilis.
312 2984 1115 3041 Contra istam conclusionem potest argui sic. Quando
273 3033 1106 3075 aliqua sic se habent, quod sunt idem, & indistincta rea¬
276 3070 1106 3121 liter, quicquid realiter conuenit vni, & alteri: sed cor¬
271 3106 1115 3164 pus de praedicamento quantitatis existens in Christo est
264 3141 1116 3205 realitcr idem cum substantia corporis Christi: ergo si sub
1127 302 1982 363 stantia panis conuertitur in substantiam corporis Christi,
1128 363 1989 408 vt dictum est, sequitur, quod conuertatur in quantita¬
1125 405 1989 448 tem corporis Christi, quod est directe contra hanc con¬
1121 435 1983 483 clusionem. Maior patet. Sed minorem probant quidam
1128 475 1301 533 Anglici sic¬
1200 513 1990 565 Omnem rem priorem alia Deus potest facere, & con
1129 551 1990 601 eruare, & posteriorem destruere non mutando localiter
1123 592 1970 635 rem priorem: sed si quantitas differret realiter a substan¬
1123 631 1979 680 stia, tunc quantitas esset posterior ipsa substantia: ergo
1125 670 1970 721 virtute diuina, destructa quantitate, potest manere sub¬
1128 711 1977 750 stantia, nulla mutatione locali sacta circa ipsam, & tunc
1122 750 1976 805 locum occupauit sicut prius, & per consequens erit con¬
1124 790 1961 831 tinua, & quanta sine quantitate ab ea realiter distincta.
1136 830 1979 880 2 Praeterea, contingit intelligere substantiam lapidis
1128 867 1984 920 manere in eodem loco, circumscripta per intellectum a
1128 915 1969 958 tali substantia omni re, quae est posterior ipsa: sed substan
1129 944 1985 994 tia lapidis non potest intelligi manere in eodem loco, cir¬
1121 993 1986 1037 cumscripta omni quantitate per intellectum: ergo quan
1122 1030 1985 1072 titas lapidis non est posterior substantia lapidis, & per
1131 1063 1975 1107 consequens non differt ab ea: quia si differret, tunc esset
1136 1103 1316 1153 posterior ea
1133 1150 1972 1195 3 Praeterea, si quantitas differt a substantia, tunc Deus
1142 1187 1972 1231 otest facere, quod substantia corporalis coexistat quan¬
1134 1216 1980 1262 citati : & tamen non informetur per eam: ergo talis sub¬
1122 1257 1973 1310 stantia esset quanta seipsa sine aliqua quantitate per in¬
1121 1299 1974 1342 formationem addita. Consequentia patet: quia tota illa
1121 1337 1970 1380 substantia corresponderet toti quantitati, cui dicitur coc
1127 1378 1980 1422 xistere, & pars parti, quod fieri non posset, nisi huiusmodi
1137 1420 1986 1467 ubstantia esset quanta, & hoc seipsa: quia supponitur, quod
1134 1453 1754 1502 non informetur quantitate, cui coexistit.
1147 1493 1979 1543 4 Praeterea, Magister sententiarum dicit, quod color,
1131 1535 1988 1583 sapor, &c. huiusmodi in sacro altaris sint sine subiecto: sed
1133 1574 1975 1614 si esset ibi quantitas, que esset res media disferens a sub¬
1128 1614 1973 1657 stantia, & qualitate, tunc huiusmodi accidentia non essent
1133 1654 1982 1708 sine subiecto: quia fundarentur in huiusmodi quantitate
1134 1691 1269 1742 ergo &c.
1210 1730 1988 1782 Ptaeterea, si quantitas differt a substantia, tunc eius
1129 1764 1979 1819 subiectum adaequatum, vel est materia, vel forma, vel
1132 1811 1985 1852 compositum ex materia, & forma. Non materia: quia
1138 1852 1972 1897 tunc aliquod accidens praecederet substantialem forma
1137 1889 1981 1932 in materia. Nec forma: quia tunc si materia esset separata
1137 1928 1988 1978 a forma, ipsa non esset quanta. Nec compositum: quia tuc
1135 1970 1977 2018 subiectum quantitatis esset compositus quantitate, quod
1139 2006 1989 2055 est falsum: quia nullum accidens absolutum est simpli¬
1134 2043 1397 2097 cius suo subiecto.
1156 2083 1983 2132 4 Praeterea, si quantitas non esset idem, quod substan
1137 2126 1991 2170 tia, non esset susceptiua contrariorum: consequens est
1137 2164 1987 2214 falsum: quia proprium est substantiae secundum sui mu¬
1149 2213 1990 2258 ationem esse susceptiuam contrariorum, vt videtur in
1146 2239 1376 2301 praedicamentis.
1161 2275 1987 2330 7 Praeterea, si differunt substantia, & quantitas, tune
1143 2319 1983 2370 quando de denso fit rarum, aut est ibi noua quantitas, aut
1145 2369 1987 2409 non: si sic: aut est tota noua, & tunc tota prima quanti¬
1141 2400 1992 2450 tas corrumpitur, quod videtur esse falsum: aut pars est
1134 2437 1986 2483 noua, & tunc petitur de subiecto illius nouae quantitatis:
1165 2481 1992 2525 uia vel est tota substantia, aut pars substantiae, quorum
1158 2518 1991 2561 trumque est inconueniens: quia quocumque istorum
1149 2556 1995 2601 dato, sequitur, quod duae quantitates sint simul in eodem
1141 2593 1987 2642 subiecto: quod via naturae est impossibile. Si vero in illa
1152 2635 1991 2676 ubstantia nulla noua quantitas est acquisita, & tamen
1152 2674 1990 2718 est rarefacta, hoc non potest esse, nisi quia eadem quanti
1159 2712 1986 2755 as coexistit nunc maiori loco, quam prius, & hoc aeque
1149 2755 1991 2809 bene potest dici de substantia: ergo frustra poneretur quam
1152 2787 1519 2840 titas differre a substantia
1164 2824 1988 2879 3 Praeterea, illud, de quo vere praedicantur proprieta¬
1152 2869 1992 2914 tes quantitatis, hoc vere est quantitas: sed de substantia
1153 2915 1992 2960 vere praedicantur proprietates quantitatis, puta longum,
1146 2947 1978 2997 latum, finitum, infinitum, habere n ositionem, &c. talia.
1172 2986 1996 3033 p Praeterea, cuicumque conuenit diffinitio, & diffini¬
1155 3027 1998 3077 tum: sed substantiae corporeae conuenit diffinitio quan¬
1170 3066 1991 3111 itatis continuae: quia partes eius copulantur ad eundem
1157 3103 2000 3153 terminum communem, alias essent ab inuicem disiun¬
1164 3148 1359 3206 ctae : ergo &c.
