2362 3515
405 203 1249 277 per se ordinatur contra spiritualem infirmitatem, ho¬
412 266 1250 312 tamen non obstante, ordinatur contra infirmitate cor¬
402 304 1240 354 poralem ex consequenti, quia quandoque infirmitas con
402 347 1246 396 poralis causatur ex infirmitate spirituali, sicut patet in
411 383 1241 428 glo. 10. 5. vbi Saluator ait ad illum, quem curauerat, va
405 429 1251 478 de, & amplius noli peccare, ne deterius tibi contingat:
400 463 1245 510 Propter quod Innors extra de poe. & re. cum infirmitas
408 502 1241 552 praecipit medicis corporum, vt cum eos ad infirmos vo
397 540 1241 588 cari contigerit, ipsos ante omnia moneant, & inducant
396 588 1256 632 vt medicos aduocent animarum, vt postquam fuerit
401 619 1241 663 infirmo de spirituali salute prouisum, ad corporalis me
394 658 1241 706 dicinae remedium salubrius procedatur, cum causa ces
399 700 1244 753 sante, cesset effectus. Et idem districte praecipitur ipsi
396 737 1046 778 medicis in constitutionibus Clementinis.
428 778 1246 830 Ad solutionem igitur argumenti dicendum, quod
410 813 1256 862 maior est intelligenda de tali medicina corporali, cuius
408 854 1238 905 principalis effectus est sanitas corporis, & non ex conse
417 899 842 946 quenti, sicut est in proposito.
427 935 1244 982 Conclusio secunda est, quod extrema vnctio est vni
405 973 1250 1015 sacramentum, quia si esset plura sacramenta, tunc non
412 1012 1242 1055 essent tantum 7. sacramenta. consequentia patet, quis
421 1054 1241 1095 praeter extremam vnctionem sunt alia sex sacramenta
411 1093 1244 1145 vt superius est declaratum, falsitas etiam consequentis
406 1131 1246 1178 patet ex communi doctrina, quae habetur in sancta
406 1162 607 1218 Dei Ecclesia.
410 1205 1254 1259 2 Praeterea, fi non esset vnum sacramentum, hoc ma
404 1247 1250 1291 xime videretur pro tanto, quia quando istud sacramen¬
404 1287 1240 1329 tum infirmo administratur, tunc fiunt plures vnctiones
405 1326 1250 1371 sed hoc non obstat, quia sicut baptismus est vnum sacra¬
409 1368 1250 1413 mentum, non obstante, quod cum aliquis baptixatur,
411 1405 1249 1452 plures fiant immersiones: Sic istud est vnum sactamen¬
400 1444 1240 1494 tum, non obstante, quod cum infirmus inungitur, plu¬
402 1480 723 1535 res fiant inunctiones.
423 1512 1250 1577 Forte contra istud dicetur, quod vnitas cuiuslibet rei
401 1563 1239 1608 consistit in vnitate formae, sed forma verborum in isto si
406 1604 1250 1645 cramento saepius iteratur, puta, in qualibet vnctione, qua
406 1642 1234 1683 vngitur infirmus, in oculis, in naribus, in labiis, in auri
405 1678 1243 1731 bus, in manibus, in pedibus, & in renibus, ergo non vide
397 1716 836 1769 tur esse vnum sacramentum.
434 1758 1236 1812 Dicendum, quod cum sacramentum sit sacrae rei signum
402 1791 1246 1840 vnitas sacramenti consistit in vnitate signi. Et quia plu¬
391 1835 1238 1884 ra, & diuersa possunt coniungi in ratione vnius signi
404 1878 1234 1922 prout alias declaraui: ideo non obstante praedicta diue
400 1918 1102 1969 sitate vnctio extre ma est vnum sacramentum.
438 1951 1238 2002 Ad formam etiam argumenti dicendum, quod lices
394 1997 1241 2034 maior sit vera, loquendo de rebus, non tamen de signis;
444 2030 1241 2077 Vel dicendum, quod licet maior sit vera, loquendo de
397 2070 1244 2117 forma totius, non tamen de forma partis: licet enim hoc
396 2110 1234 2156 indiuiduum humanum sit vnus homo vnitate forma
399 2153 1232 2194 totius: magnam tamen habet diuersitatem in partibus
399 2187 1234 2240 sicut apparet in carne, & sanguine, ossibus, & neruis: sic
395 2223 1235 2271 licet in proposito sint diuersae vnctiones, & diuersae ora¬
403 2264 1235 2321 tiones, ista tamen omnia habent vnam formam totius;
410 2304 1235 2353 prout vniuntur in ordine ad vnum finem. De ista etiam
401 2349 1244 2395 vnione sacramenti dictum est superius dist. 8. in solutio¬
397 2385 788 2441 ne argumenti principalis.
557 2460 1124 2547 ARTICVLV S II
576 2568 1050 2632 De causis extremae vnctionis.
414 2653 1226 2709 VANTVM ad secundum articulum 4. sunt vi
498 2698 1239 2753 denda secundum quadruplex genus causae, & pri
400 2746 1226 2794 mo de genere causae efficientis, seu instituentis istius sa¬
394 2775 539 2821 cramenti.
436 2814 1232 2866 Et quantum ad hoc dico, quod Dominus lesus Chri¬
396 2851 1232 2909 stus per se ipsum instituit istud sacramentum: quia, vt alias
390 2896 1235 2942 declaraui, ipse instituit omnia sacramenta nouae legis: er.
407 2933 1239 2989 go instituit istud sactamentum. consequentia patet, quia
396 2981 1241 3030 istud est vnum de sacramentis nouae legis. Antecedens
390 3021 1230 3072 etiam quo ad praesens probo sic. lllorum institutio, qua
397 3057 1236 3115 principaliter respiciunt aliquam lege, principaliter spe¬
1291 219 2150 275 ctat ad legislatorem illius legis, sed 7. sacramenta, de
1299 265 2148 313 quibus tractatur in isto. 4 lib principaliter respiciunt le¬
1299 306 2147 355 pem nouam, seu Euangelicam, cuius legislator est Domi¬
1303 344 2138 394 nus lesus Christus : ergo &c. Et confirmatur, quia a quo
1293 382 2144 423 sacramenta habent virtutem, & efficaciam, ab illo sunt
1293 421 2135 464 instituta: sed omnia sacramenta a Christo habent virtu¬
1293 464 2149 513 tem, & efficaciam, & a nulla creatura citra Christum, vt
1290 500 2096 541 notum esse debet apud quemlibet fidelem, ergo &c.
1327 539 2129 585 Sed contra istud est quaedam opin. quae ponit quod
1300 577 2126 623 Christus per seipsum non instituit istud sacramentum
1295 618 2129 659 sed ipsis Apostolis commisit instituendum. Et isti videt
1294 659 2139 708 tur habere Magistrum hic in littera pro se, vbi expresse
1294 699 2137 749 dicit, quod istud sacramentum ab Apostolis fuit insti¬
1294 742 1391 784 tutum
1306 756 2129 821 2 Praeterea, in fuan fit mentio de illis sacramentis
1300 816 2145 866 quae Christus instituit per seipsum, sed de isto sacramen
1290 852 1918 901 to nusquam fit mentio in Fuang. ergo &c
1314 888 2140 943 3 Praeterea, omne sacramentum, quod Christus insti
1288 934 2137 976 tuit, illius executionem commisit suis discipulis, vt appa
1302 973 2135 1027 tet de baptismo, Fucharistia, & poenitentia: sed nusquam
1298 1012 2139 1057 legitur istius sacramenti execunionem commisisse disci¬
1299 1053 1506 1104 pulis, ergo &c
1315 1087 2127 1140 Sed istud non valet, quia quod quis per alterum facit
1299 1128 2137 1179 per se ipsum fecisse videtur, vt patet in multis locis lu¬
1289 1176 2138 1222 tis canonici, & ciuilis: ergo dicere, quod Christus per se¬
1299 1207 2132 1261 ipsum non instituerit istud sacramentum: & tamen ipsu
1293 1252 2133 1300 instituerit per Apostolos, est contradictoria implicare
1310 1289 2135 1334 2 Praeterea, quando Apostoli promulgauerunt istud
1293 1324 2131 1372 sacramentum, vel hoc fecerunt tamquam auctoritate Chri¬
1293 1366 2139 1407 sti institutum, vel auctoritate propria ipsorum Aposto¬
1296 1405 2144 1452 lorum. Si primo modo, tunc habemus intentum: quia il
1300 1447 2135 1497 se per se, & proprie alicuius rei institutor, cuius auctori¬
1292 1485 2130 1529 tate hoc denunciatur, est tenendus. Si secundo modo
1296 1526 2139 1566 tunc auctoritate Ecclesiae posset istud sacramentum re¬
1299 1566 2145 1613 uocari, & annullari, quod nullus sanae mentis diceret,
1297 1606 2134 1655 consequentiam probo, quia auctoritas Apostolorum ess
1299 1643 2138 1692 auctoritas Ecclesiae : sed quod auctoritate Ecelesiae po¬
1294 1685 2078 1732 test institui, hoc auctoritate Ecclesiae potest destitui¬
1378 1719 2144 1766 Praeterea, cum isti dicunt, qued Christus commisit
1299 1757 2144 1805 Apostolis istud sacramentum instituendum, vel ipsi in¬
1294 1801 2140 1845 telligunt istam commissionem fuisse determinatam, &
1292 1842 2145 1893 non mutabilem, vel contingentem sic, scilicet quod in
1303 1878 2145 1925 corum potestate esset istud instituere, & non instituere¬
1294 1921 2144 1960 Si primo modo, tunc ipsa commissio fuit institutio, &
1299 1958 2141 2000 per consequens Christus immediate ipsum instituit. Si
1299 2001 2139 2048 enim Imperator decreuisset immutabiliter aliquid esse
1290 2037 2131 2083 faciendum, & hoc suo haliuo indicaret exequendum, &
1293 2076 2131 2118 denunciandum, quamuis baliuo deberet attribui illius
1287 2116 2132 2160 facti executio: tamen eius institutio esset ab Imperato¬
1290 2157 2132 2201 re: sic in proposito &c. Si secundo modo, tunc Ecclesia
1297 2199 2123 2241 posset mutare istud sacramentum, quia quod quantu
1296 2236 2132 2279 ad suum esse, & non esse est positum in arbitrio princi¬
1294 2273 2129 2327 pum Ecclesiae, hoc auctoritate Ecclesiae potest destitui,
1297 2315 2051 2368 & abrogari, hoc autem est inconueniens, ergo &c
1299 2355 2126 2408 Ad primum cum dicitur Magister esse pro ista opinio
1272 2397 2124 2446 ne, nego : cum enim dicit Magister istud sacramentum
1285 2432 2125 2482 esse ab Apostolis institutum, intelligendum est instru¬
1282 2476 2133 2519 mentaliter, & executiue. & non principaliter, & auctori
1289 2514 2132 2559 tatiue, quia sic istud sacramentum vna cum ceteris sacra¬
1282 2557 2127 2601 mentis nouae legis immediate fuit a Christo institutum
1321 2592 2123 2635 Ad secundum dicendum, quod non est bona conse¬
1293 2631 2120 2676 uentia, qua infertur aliquid non esse a Christo, quia non
1281 2674 2125 2717 est scriptum in Euangelio, sicut declarat Inno in lib, de
1287 2710 2129 2752 celebratione missarum. Et hoc etiam patet loan. vlt. vbi
1284 2746 2124 2790 dicitur: Sunt autem, & alia multa, quae fecit lesus, quae si
1282 2785 2138 2834 scribantur per singula, nec ipsum arbitror mundum posse
1288 2829 1845 2877 capere eos, qui scribendi sunt, libros
1318 2869 2129 2909 Et eodem modo dicendum est ad 2. Posset etiam di¬
1282 2892 2117 2948 ci, quod minor istius rationis, ac etiam praecedentis ra¬
1290 2943 2122 2992 tionis non est vera: quia Mar. 8. scribitur, quod Apostoli
1284 2983 2130 3038 oleo vnxerunt infirmos, & sanabantur. Sed non est du¬
1290 3026 2123 3082 bium, quod hoc fecerunt Apostoli ex Christi iussione.
1289 3064 2117 3119 Vnde sicut bapticauerunt, Christo iubente: sic etiam
