2189 3534
137 298 747 387 ARTI CGVLVS: IIII
98 388 833 477 Vtrum in omni opere Dersit misericordida
331 454 615 529 & iustitia.
116 523 874 605 VANTVM ad quartum articulum, pono duas con
69 562 280 632 cusiones
66 599 863 660 Prima est, quod iustitia, & misericordia, simul concur¬
79 652 865 702 frutifi dmni opere Dei, loquendo de ompere rentribu¬
73 689 859 751 inis (Vnde talia opera, sub nomine viarum, exprimen¬
70 729 865 782 apheta, ait, vnitirrsae viae demini misericordia, & veri¬
77 768 863 815 Quod verbum tractas Cassindorus, dicit has duas vij
74 809 870 857 ibs, scilicet, misericordiam, & iustitiam in omni opere
71 852 569 901 ninii fimul conuenire.
78 886 874 937 Praeterea, quod iustitia seruetur in omni opere diui
79 927 867 982 etributionis, patet per Aug. super illo verbo Psal¬
59 961 858 1022 ne ex tu domine, & omnes viaetuae veritas. Quod au
50 1003 865 1046 in e isdem operibus omnibus reluceat misericordia
50 1044 861 1103 riquia si in aliquibus operibus diuinae retributioni
49 1084 860 1139 gnet misericordia, hoc maxime videretur in iudicro
48 1118 874 1179 aroborum.: Sed hoc non: quia nobiliffimus modus iudi
47 1156 877 1208 hdi debet Deo attribui: talis autem modus non potest
45 1196 867 1261 Labsque misericordia: quia misericordia superexaltat
42 1236 866 1295 urdicium, vt dicitur in epist. lacobit.
43 1274 871 1337 Praetetea, ista est intentio beati Augustim in lib de
41 1315 871 1376 ordia euangeliorum, vbi ait, Deus, qui res humanas
41 1356 877 1416 itat, suste, & misericorditer curat, vt nec misericordia iu
40 1395 881 1442 Aram, nec iustitia excludat misericordiam.
37 1436 878 1485 Forre dicetur, qud nec iustitia, nec misericordia, sed po
35 1474 870 1523 nen iustitia ibi videtur apparere, vbi pro temporali culpa
35 1514 869 1567 tifigitur aeterna poena: Sed cuilibet in inferno damnato
34 1552 858 1620 culpa temporali, & transitoria, infligitur poena aeter
32 1597 204 1656 sergo &c.
32 1611 877 1683 ui2 Praeterea, misericordia, & iustitia respectu eiusdem
30 1673 881 1723 ectus implicant contradictoria; ergo non possunt si¬
30 1715 873 1759 II concurrere respectu eiusdem effectus Consequentia
28 1753 867 1800 actet Probatur antecedens, quia iustitia retribuit secun¬
55 1778 873 1837 um merita: sed misericorida tribuit prater merita, &
57 1815 877 1876 per consequens, non secundum merita, quae videntur es¬
25 1873 499 1926 se contradictoria.
22 1898 882 1961 praeterea, in iustificatione impij nulla videtur esse
48 1934 886 1992 iustitia, sed pura misericordia quia, sicut ait Apostolus, non
46 1971 879 2034 ? operibus iustitiae, quae fecimus nos, sed secundum suam mi
19 2022 867 2084 sericordiam saluos nos fecit. Et idem Apostolus ait. Si
18 2064 868 2120 ?atia ex operibus, iam gratia non esset gratia. In obdura
40 2087 880 2152 tione vero impii nulla videtur esse misericordia: Sed iu¬
16 2144 881 2206 stificatio, & obduratio reducuntur ad opera retributionis;
40 2193 883 2280 Praeterea, vbi tanta insligitur poena, quanta praeces¬
12 2256 885 2321 reculpa, ibi nulla videtur esse misericordia. Sed in operi
16 2296 883 2355 ns retributionis, secundum mensuram culpe, infligitur
13 2341 881 2395 ena, iuxta illud Deutero, secundum mensutam peccati
19 2373 879 2427 nt plagarum modus. Et in Apoc. dicitur, Quantum se
31 2411 889 2465 lonificauit, & in deliciis fuit, tantum date ei tormentum,
8 2448 184 2520 Pluctum
22 2487 884 2554 Praeterea, poena, quae non est correctoria, illa non est
13 2528 884 2586 iona, nec per consequens iusta: Sed peena damnatorum
23 2557 883 2625 non est correctoria. Maior probatur auctoritate Augusti
7 2611 891 2662 ni qui ait, Siue plectendo, siue ignoscendo, hoc solum be
7 2645 882 2707 ene agitur, vt vita hominum corrigatur. Minor etiam pa¬
19 2674 887 2745 ter: quia nullus damnatorum ex poena sibi illata, corrigi¬
4 2724 896 2794 tur, nec emendatur.
34 2760 897 2818 6 Praeterea, ibi non apparet iustitia, vbi pro inaequali
16 2808 880 2857 uipa infligitur aequalis poena; Sed sic fit in inferno: ergo
10 2839 877 2908 Se Maior patet: quia cuipa, & poena dobent essc commen
0 2880 882 2938 surata, vt patet ex auctoritatibus praeallegatis ex Apoc. 8
1 2918 893 2978 Deut ero. Mi nor probatur: quia infinitum non est maius
7 2956 886 3018 nfinito: Sed cuiusl ibet in inferno damnati poena est inf
1 2994 895 3058 hita, quia est per petuo duratura. Quod autem culpae dam
11 3038 893 3103 torum sint inaequales, patet: quia sicut in hoc mundo
-2 3072 911 3154 inaequales fuerunt, sit iminfemo inaequales erunt.
892 228 1758 307 2 Praeterea, vbomuius datim supilieium, quam fuerit
911 294 1763 347 peccatum; ibi nec misericors, neciustum videtur esseriudi
906 333 1754 377 cium, sed maius supplicium datur ipsis damnatis, quam
905 371 1778 425 fuerit eorum perratum, quia uper illo verbo Psal ex vsu.
908 415 1753 460 ris; & iniquitate redimet animas corum, & honorabile no¬
913 448 1754 498 men eorum coram illo, dicit glosa, beccata dicuntur vsu
906 486 1764 537 rae: quia prlus mali inuenitur m supplicus, quam commis
898 526 1764 576 sum est in culpis &c.
909 569 1756 614 S Praeterea, lacob: 2. dicitur, fudicium sine miferitorai
904 610 1751 655 dia fiet ei, qui non fecit misericordiam Sod damnati non
900 645 1752 697 fecerunt misericordiam. Hoc enimrimproberabit eis, du¬
914 682 1752 737 minus in extremo iudicio, vt patet Matth. 25: ergo in illo
915 721 1758 768 iudicio, quo ipsi iudicabuntur a Deo, non erit aliqua me¬
904 763 1781 814 sericordia, quauis hmoi iudicium sit opus retributionis:S
904 802 1741 855 Ad primum potest dici, quod minormon est vera, qui¬
910 840 1753 888 quantitas culpae communiter penfatur secundum digni:
904 880 1746 926 tatem personae per culpam offensae Cum igitur quilibet
908 920 1757 967 damnatorum per culpam suam offenderit personam infi
911 962 1750 1011 nitam, scilicet ipsum Deum, cuius conte mosit mandatum;
914 1001 1750 1047 ideo talis eulpa aliquo modo est infinita. Etiam ratione
910 1036 1759 1087 subiecti quodammodo estinfinita, saltem per accidens, eos
904 1074 1758 1127 quod subiectum, in quo est, sit obstinatum, & incorrigibi
906 1116 1744 1167 le: propter quod huiusmodi culpa est perpetua, & per con
910 1153 1759 1210 sequens sibi debetur poena perpetua. Est igitur in ista pus
914 1195 1746 1246 nitione iustitia, & misericordia. lustitia quidem in hoc, quod
915 1235 1743 1281 culpa damnati punitur poena infinita extensiue, & perpe
910 1278 1753 1322 tua duratione, eo, quod subiectum istius culpae sit perpe¬
909 1309 1750 1360 tuo incorfigibile est etiam ibi magna misericordid, eo, quod
915 1352 1758 1396 non punitur pena infinita intensiuc, quamuis illam me¬
913 1389 1752 1442 ruerit, eo quod contra personam infinitae dignitatis pec¬
908 1433 1757 1482 cauerit: quia etiam, secundum humanas leges, qui contra di¬
916 1469 1751 1520 gniorem personam peccauit, salua iustitia, puniri potest in
913 1507 1762 1556 tensiori, & acerbiori poena. Propter hoc enim ait Aristo.
918 1537 1787 1594 5. ethic. Si principatum habens percussit; non oportet reo qu
913 1587 1752 1636 percuti; & si principem percussit, non solum percuti, sed
918 1627 1769 1676 puniri:igitur infinitae acerbitatis pena posset puniri, salua:
911 1670 1758 1716 iustitia, ille, qui in mortali offensa Dei, ab hac vita dece¬
915 1702 1750 1749 dit: igitur valde misericorditer secum agitur, quando fini
910 1742 1766 1794 tae acerbitatis poena punitur.
922 1772 1756 1829 Ad secundum, nego antecedens. Ad probationem dicen
910 1817 1749 1864 dum, quod licet iustitia tribuat secundum merita, & misericoi
910 1856 1755 1906 dia sine meritis; tamen in eodem opere Dei vindicatiuo
910 1898 1760 1945 apparet iustitia, inquantum punit, & apparet misericor¬
923 1932 1766 1989 dia, inquantum non tantum punit, quantum punitus pro¬
926 1974 1749 2023 meruit. Et in eodem opere praemiatiuo apparet iustitia
914 2013 1763 2066 inquantum Deus tantum de bono tribuit, quantum ho¬
926 2052 1763 2103 mo meruit; & apparet misericordia, inquantum abundan
916 2096 1441 2141 tius tribuit, quam meruit.
925 2134 1759 2180 Ad tertium, nego maiorem, quia quamuis in iustifica¬
928 2177 1756 2220 tioner impu non apparet iustitia, quantum estex iustificati
922 2212 1767 2257 operatione, est tamen ibi iustitia, quantum est ex iustificam
927 2251 1759 2297 tis promissione, quia quamuis operatio impij sit inualida
924 2297 1761 2336 ad promerendum iustificationem, vt bene probant auctori
915 2326 1774 2372 tates Apostoli ad probationem adductae: tamen quia Deus.
935 2367 1767 2411 promisit iustificationem impii pro omni repore, quo im¬
931 2411 1792 2458 pius fecerit, quod in se est, vt apparet in Exech. ideo quam s
926 2450 1761 2491 uis in iustificatione impii non si t iustitia ex iustificati con
918 2482 1775 2528 misso: tamen ibi seruatur iustitia ex iustificantis promisso
923 2525 1774 2569 lllud autem, quod additur de obduratione, non est ad pro
937 2558 1753 2613 positum, quia obduratio non est Dei operatio; sed ost at
928 2607 1765 2647 operatione cessatio; nam secundum Augustinum, sic Deus
922 2638 1765 2686 obdurat imprum, quod nihil malitiae sibi influit, sed influe
928 2680 1775 2731 tiam gratiae suae subtrahit, & impetus mouentes ad peeni
927 2721 1565 2762 tentiam in huiusmodi poccatore non facit.
972 2755 1777 2801 Ad quartum dicendum, quod minor non accipitur de
931 2798 1780 2845 bite sub maiori: ista enim deberet esse minor: sed in ope¬
923 2834 1772 2891 ribus retributionis tanta infligitur poena, quanta praecessit
935 2876 1769 2917 culpa, & ista minor est salsa, inquantum tantitas dicit ae¬
930 2912 1771 2961 qualitatem quantitatis, licet sit vera, inquantum tantitas
925 2952 1779 2999 dicit aequalitatem proportionis. Et sub isto sensu maionr
934 2998 1768 3041 est falsa: quia misericordia potest vere concurrere seruata
935 3035 1780 3081 proportionis aequalitate. Potest enim quis misericordi¬
916 3072 1784 3122 ter vindicare, minus scilicet affligando, quam reus
