2202 3543
123 279 917 335 Ad primum igitur dicendum quod consequentia non
92 324 916 380 tenet. Ad probationem dicendum, quod minor est fal¬
84 364 922 416 sa, quia praedicto casu posito, tunc homo non ex suis pu¬
87 405 907 454 ris naturalibus videret nude diuinam essentiam: sed ex
87 447 907 493 quodam speciali modo diuinae influentiae, quo Deus spi
78 489 910 535 cialiter ad huiusmodi visionem moueret humanum in¬
82 521 236 570 tellectum.
111 565 920 617 Ad secundum patet per iam dicta, quia non ex puris
72 603 920 652 naturalibus consequeretur homo huiusmodi visionem,
68 642 917 692 ficut argumentum istud presupponit sed potius hoc con¬
77 682 908 729 tingeret per specialem dei infiuentiam, & singularem
71 718 369 770 motionem: ideo &c
111 760 911 810 Ad tertium dicendum, quod concessa maiori, & mino
78 801 908 855 ri, non sequitur illa conclusio, quae infertur: quia dato, quod
69 842 901 890 potentia esset nuda quo ad informationem luminis glo
72 882 906 924 riae, tamen non esset nuda quo ad supernaturalem mo¬
66 923 910 970 tionem, & eleuationem, quae fieret per admirabilem, &
69 961 911 1005 specialem dei influentiam, ratione cuius, huiusmodi vi¬
66 1001 902 1045 sio non minus esset delectabilis, si deus vellet illo mo¬
69 1036 905 1094 do hominem beatificare, quam sit modo mediante lu¬
63 1073 390 1130 mine gloriae, ideo &c.
104 1119 910 1163 Ad quartum, nego primam propositionem, quia cau
59 1148 908 1205 falitas, qua habitus est causa delectationis, reducitur ad
60 1197 896 1248 genus cause efficientis, & per consequens, deus huiusmo
57 1240 895 1283 di causalitate per seipsum potest perfecte supplere, cum
54 1278 905 1325 deus omne illud possit immediate per seipsum efficere,
55 1324 897 1365 quod potest mediante quocumque secundo, seu creato
54 1354 176 1405 agente.
102 1384 902 1439 Ad quintum, nego consequentiam. Ad probationem
50 1438 905 1478 dicendum, quod huiusmodi mutatio fieret ex parte po¬
57 1473 896 1524 sentiae intellectiuae: tamen non esset necesse, quod fieret
54 1515 894 1563 per infusionem habitus, sed per supernaturalem motio¬
42 1554 628 1601 nem & per dei specialem influentiam
106 1586 902 1640 vnde patet, quod in ista prob atione committitur fal¬
45 1629 902 1676 lacia consequentis, quia multis aliis modis potest Deus
42 1671 895 1718 intellectum humanum immutare, quam per infusionem
54 1719 899 1757 uminis glorie: Sicut enim deus absque sui mutatione
42 1750 892 1802 de nouo dictus est creator: ex eo, quod de nouo produm¬
38 1785 892 1831 xit creaturam in esse, sic dato, quod nullum habitum in
44 1832 896 1879 funderet humano intellectui, tamen de nouo posset es¬
58 1869 903 1919 se praesens in ratione obiecti: ex eo, quod absque sui mu
47 1916 890 1959 ratione moueret huiusmodi intellectum ad suae essentiae
51 1950 239 2001 intuitionem.
84 1995 886 2037 Ad sextum dicendum ad raiorem, quod visio illa ha
44 2024 901 2077 bet contingentem & non necessariam habitudinem ad
42 2069 894 2109 Tumen gloriae, reducendo huiusmodi habitudinem in ab
35 2106 409 2158 Tolutam dei potentiam.
89 2139 893 2193 Sicut enim generatio equi non habet necessariam ha
27 2174 896 2241 Ditudinem ad motum coeli, prout huiusmodi generatio
30 2224 893 2275 educitur ad potentiam Dei, quia posset Deus facere, quod
24 2264 890 2309 aequus generaret equum, etiam cessante motu coeli, ha¬
24 2303 877 2353 et tamen huiusmo di generatio necessariam habitudi
27 2343 893 2398 mattad motum celi, prout hmoni habitudoreducitur ad poten
24 2385 881 2433 ian equi, quia equus, quantum de se est, numquam ge¬
24 2423 879 2467 meratet equum, nisi supposito motu coeli: Sic visio diui¬
17 2461 875 2509 nae essentiae non habet necessariam habitudinem ad lu
9 2500 890 2548 amen gloriae, ipsam reducendo ad potentiam dei, quae mul
6 2541 881 2581 is aliis modis potest huiusmodi visionem causare, qua
30 2580 885 2621 mediante lumine gloriae, dato bene, quod huiusmodi
27 2621 887 2661 nabitudo sit necessaria, pensatis praecise viribus humani
17 2658 881 2702 mtellectus cum exclusione specialis Dei influentiae. Fi
9 2698 875 2757 per hoc patet, quod similitudo de aedificatione & musi
12 2736 882 2788 ea non est ad propositum, quia non solum in ordine ad
15 2778 881 2825 potentiam dei aedificatio non habet necessariam habitu
6 2818 878 2866 dinem ad musicam, sed etiam non habet huius modi ha
18 2852 872 2906 bitudinem in ordine ad potentiam ipsius aedificatoris.
57 2901 869 2952 Ad septimum dicendum, quod loquendo de poten
9 2932 867 2981 tia dei, tunc antecedens non est verum, quia lumen na
9 2979 879 3022 tur aliter requisitum in cognitione naturali intellectus
9 3016 875 3062 postibilis, est ipse intellectus agens, Vt patet.:: de anima
21 3048 861 3116 ed omnem causalitatem intellectus agentis, quam ha
15 3087 867 3156 er super intellectum possibilem, deus pot est supplero
6 3128 876 3203 sine intellectu agente, cum talis causalitas reducitur ad
965 275 1809 351 genus causae efficientis: ideo &c.Etiam potest negati con
966 339 1808 392 sequentia, quia nulla res naturalis natur aliter intellig
976 378 1804 426 bilis est per se lux, quae naturaliter possit illabi humant
962 414 1804 456 menti: Sed essentia diuina est lux vera, illuminans om
962 454 1802 502 nem hominem venientem in hunc mundum. 1oan Deis
965 501 1799 545 enim lux est, & non sunt in eo vllae tenebre, vt ait beaus
967 533 1801 576 loannes prima sua epistola De qua luce ait Augusti. in
970 575 1803 620 quodam libello, qui incipit, Cognoscam te conditoi me
963 615 1802 667 us, Olumen verum, lumen sanctum, lumen admirabile,
960 649 1802 706 lumen delectabile, lumen superlaudabile, quod illum nat
970 693 1799 733 pculos angelorum. Etiam ista lux per intimum illapsum
959 737 1796 786 coniungitur humanae mentiideo dato, quod nulla res
968 773 1798 822 naturalis possit sui cognitionem causare in humano in¬
957 808 1807 851 tellectu, nisi mediante lumine naturali, ab huiusmodi rea
954 849 1806 903 liter differente, tamen essentia diuina potest per seipsam
956 889 1802 941 causare sui cognitionem in humano intellectu absque
959 927 1804 973 requisitione cuiuscumque luminis a se, realiter diffe¬
956 966 1058 1015 rentis.
991 988 1805 1050 Conclusio secuda est, quid quilibet Christianus tenetur
966 1045 1816 1100 ponere, & fateri, quod intellectus creatus nude, & beati
954 1086 1805 1138 fice videns diuinam essentiam, de facto sit informatus lu
960 1124 1799 1170 mine ploriae, quamuis de possibili virtute diuina possit
964 1165 1800 1214 oppositum fitri modo, quo dictum est in conclusione
966 1202 1127 1251 praecedenti
972 1222 1790 1294 Quia quilibet Christianus tenetur hoc confiteri, quod
953 1278 1790 1332 determinatum est per concilium sanctae matris ecclesiae.
948 1319 1791 1368 Sed intellectum uisione diuinae essentiae beatum esse in
958 1358 1799 1413 formatum lumine gloriae, est determinatum in concilio
963 1395 1798 1452 viennensi, & habetur in constitutionibus Clementinis,
959 1438 1164 1492 ergo &cetera.
973 1456 1787 1529 Ad hanc autem determinationem sancti patres illius
951 1516 1797 1569 concilij potetant moueri ex illo verbo, psalmi, Signatum
950 1553 1790 1598 est super nos lumen vultus tui domine, dedisti laetitiam
951 1599 1790 1650 in corde meo. Et etiam ex illo, Apud te est fons vitae, &.
954 1637 1789 1676 lumine tuo videbimus lume, Quasi dicat propheta ipss
960 1675 1781 1726 leo, In lumine tuo i in lumine gloriaes, quod cum sit lu¬
952 1714 1790 1756 men creatum, est tuum effectiue, videbimus lumen, quod
951 1755 1778 1795 tu es deus ipse, lumen scilicet increatum tuae diuinae es
955 1791 1781 1845 entiae. Vnde etiam beatus Augustinus quoddam praelu
950 1832 1807 1883 dium istius luminis gloriae in seipso persentiens post ver
941 1871 1807 1921 ba praedicta de lumine diuinae essentiae, sic ait, Ecce iam
947 1914 1781 1952 video lumen caeli, intus lucet in oculis mentis meae ra
939 1948 1789 1995 dius desuper a facie luminis tui, & laetificat omnia ossa
944 1992 1780 2039 mea, o si perficeretur in me, auge quaeso luminis auctori
940 2025 1790 2077 auge quaeso, quod intus lucet in me, dilatetur obsecro,
951 2070 1155 2124 lilatetur a te¬
1110 2138 1671 2227 ARTICVLVS f.
987 2231 1742 2321 Vtrum beati nude videant diuinam essentiam
954 2353 1780 2432 VANTVM ad secundum articulum quid sit dicen
1005 2423 1775 2473 e dum, patet ex his, quae dixi libro 3. distin. 14. arti
939 2457 1780 2510 . lllis igitur dictis ad praesens suppositis, est aduertendum;
946 2497 1779 2544 quod duae sunt opiniones, quae quamuis nobiscum conce
936 2538 1778 2590 dant, quod quilibet beatus nude videat essentiam diui
936 2577 1778 2634 nam: tamen modus, quo huiusmodi veritatem declarant,
936 2622 1277 2668 non videtur esse verus.
971 2640 1788 2706 Nam vna istarum opinionum ponit, quod quamuis
936 2692 1778 2741 diuina essentia non videatur per medium, se habens por
937 2731 1770 2784 modum obiecti cogniti, quod ipsi appellant medium quod
939 2773 1778 2820 taemen videtur per medium, quod est ratio cognoscendi;
936 2819 1767 2864 quod ipsi appellant medium quo, & hoc medium non
940 2854 1765 2906 est aliud, quam species, seu similitudo ipsius obiecti, is
924 2888 1775 2945 formans ipsum intellectum, & repraesentans ipsum obie
926 2928 1775 2976 ctum Quod autem essentia diuina aliter non possit com
931 2972 1769 3020 gnosci, nisi mediante huiusmodi specle, ipsi probat. sic
996 3006 1775 3059 Omnis cognitio fit per assimilationem, Sed intelle
925 3046 1772 3091 ctus creatus non potest alsimilari diuinae essentie, nisi
924 3085 1773 3146 mediante specie intelligibili ipsum informante, ergo
911 3128 1052 3185 &cetera.
