2380 3530
422 286 1274 343 tunc habetur propositum. Si secudo modo, tunc vel illuc
444 331 1284 379 est in Deo, & sic Deus esset vere compositus, & non esset
442 374 1286 424 purus actus, cuius oppositum patet 12. metaph vel illud
441 414 1280 463 aliud esset extra Deum, & sic Deus depederet ab aliquo
450 454 1280 502 extra se existente, & per consequens, ipse non esset prim¬
442 488 1290 532 ceps independes, a quo totum vniuersum noscitur depen
438 530 1279 576 dere: cuius oppositum similiter patet eodem 12: metaph¬
444 566 1280 607 Probatur etiam maior, quia cum habitus non requiritur
442 604 1279 660 ad substantiam actus, vt tactum est lib. 3. dist. 25. arnc. 3.
445 646 1268 689 sequitur, quod solum requiratur ad determinandum po
450 684 1267 725 tentiam modo praedicto. Contrarium patet in multis lo
444 722 1286 764 cis sacrae scripturae, in quibus fit mentio de iustitia, & mi-
441 760 1286 810 sericordia Dei Hic primo videndum est de iustitia Dei
441 798 1275 845 secundum se. Secundo de eius misericordia. Tertio de di
435 837 1280 901 stinctione vnius ab altera. Et quarto, vtrum in oini Dei
453 883 929 930 opere sit misericordia, & iustitia,
622 952 1091 1030 RESOLVTI O.
436 1033 1289 1084 Ted alis quidem iustitia Deo minixie congruit, diffributiita vero,
465 1082 1275 1127 Perinde vt misericordia, est sibi maxime propria: commut atiua al
474 1116 1290 1157 tem, & si non vsqeadeo proprie quoquo pacto tamen sibi aseri¬
487 1150 1274 1195 bitur, quae sant perfectiones in Deo haud realiter differunt
470 1196 1280 1248 quamuts in eius earum vtraque operatione lemper concurrat,
476 1225 1115 1283 nee altera ab altera vmquam in opere separetur.
573 1297 1142 1386 ARTICVLVS 1
632 1415 1141 1474 De iustitia Dei secundum se.
512 1496 1285 1551 VANTVM ad primum est eduertendum, quod se¬
548 1536 1289 1587 cundum philosophum s. etihic. duplex est iusti¬
442 1586 1283 1628 tia scilicet legalis, & aequalis. Et ibidem aequalis subdiui¬
442 1615 1289 1670 ditur in iustitiam distributiuam, & iustitiam, commutati¬
436 1662 1135 1704 nam. Et secundum hoc pono tres conclusiones
468 1690 1281 1739 Prima est, quod iustitia legalis non conuenit ipsi Deo.
445 1733 1275 1783 Quia sicut patet s, ethic. iustitia legalis dicitur virtus vn
435 1774 1274 1821 uersalis, eo, quod virtuosus secundum hanc virtutem ex;i
444 1814 1277 1861 quatur iuxta suam possibilitatem opus cuiuslibet virtu¬
436 1850 1271 1902 tis: non propter alium finem, nisi vt satisscaiat praecepto
437 1890 1283 1940 & voluntati ipsius legislatoris, huiusmodi virtutum ope¬
434 1934 1277 1984 ra praecipientis: Sed Deus non habet aliquem principem
437 1974 1275 2021 vel legislatorem super se, cuius praecepto in faciendis vit
451 2007 1283 2055 tutum operibus ipse debeat satisfacere, vel eius volunta
440 2046 817 2098 ti complacere: igitur &c.
490 2082 1284 2128 Forte dicetur, praeclarissima virtutum videtur proprie
447 2125 1283 2168 Deo conuenire: Sed iustitia elgalis est preclarissima vir¬
436 2167 1271 2214 tutum: ergo &c. Maior patet, quia cum aliqua virtus con
432 2204 1273 2244 ueniat ipsi Deo, igitur propter eius summam claritaten
444 2240 1271 2289 praeclarissima virtutum sibi videtur necessario conuenire
428 2279 1287 2325 Minor etiam patet ex 5. ethic, vbi dicitur, quod iustitia le
437 2319 1272 2372 galis est praeclarissima virtutum, & neque Hesperus, ne
438 2363 1278 2410 que Fucifer ita admirabilis. Et ibidem dicitur de ista le¬
437 2399 1282 2450 gali iustitia, quod non est pars virtutis, sed est tota vir¬
428 2434 1284 2484 tus, sicut contraria iniustitia non est pars malitiae, sed est
438 2474 630 2522 tota malitia,
486 2504 1280 2560 Respondeo, quod maior non est vera, supposito, quod
444 2554 1274 2594 talis virtus, quae dicitur praeclarissima, concernat in eo, in
435 2595 1274 2640 quo habet esse conditionem, repugnantem ipsi Deo: Si
444 2631 1280 2680 autem est in proposito: quia de ratione eius, qui dicitur
444 2670 1280 2713 iustus legalis, est, quod habeat principem, & legislatorem
443 2710 1281 2758 supra se, vt patuit ex iam dictis:igitur Deus, qui est summus
442 2752 1273 2797 princeps, a quo omnis principatus dependet in coelo, & in
441 2787 1281 2831 terra, non potest vere dici iustus legalis. Ad probationem,
437 2826 1278 2869 nego consequentiam, quia istius virturis praeclaritas de¬
444 2867 1271 2916 terminat tale sibi subiectu, quod recognoscit se habere di
439 2905 1274 2951 minum, & legislatorem supra se, cui desiderans obtempo
435 2944 1282 2994 rare, & complacere, implet omnia legis mandata, exerci¬
431 2982 1274 3021 tando se in operibus virtuosis: propter quod licet ista vin
439 3019 1287 3068 tus sit praeclarissima in subdito, tamen si per impossibile
438 3060 1274 3110 ratio istius virtutis in Deo poneretur, nullam in eo habi
438 3101 1283 3149 ret praeclaritatem, sed magis derogaret excellentiae diui¬
1341 266 2168 343 sae praeclaritatis, quae nullius alterius principis legibus di
1322 326 1703 391 gnoscitur subiacere.
1350 348 2159 410 Conclusio secunda est, quod iustitia distributiua pro¬
1322 403 1841 458 prie conuenit ipsi Deo.
1336 436 2189 486 1 Quia quicunque distribuenda pluribus sic distribuit,
1325 476 2171 538 quod vnicuique tribuit secundum proportionem suae ca
1316 519 2161 577 pacitatis, & exigentiae, illi proprie conuenit virtus iustitia
1323 561 2162 603 distributiuae: Sed tam in naturalibus, quam in moralibus
1327 603 2164 647 Deus distribuenda creaturis sic distribuit, quod vnicuique
1325 636 2171 683 tribuit secundum proportionem suae capacita tis, & exi¬
1328 677 2162 731 gentiae, prut fide tenemus, & etiam multi philosophorum
1324 713 2171 763 confitentur: ergo &c. Maior patet, quia propria ratio iusti
1319 752 2159 800 tiae distributiuae consistit in obseruantia aequalitatis iuxta
1322 791 2174 848 proportionem recipientium. Vnde non oportet, quod iu
1323 838 2168 882 stus distributor omnibus, quibus tribuit, simpliciter aequa
1323 870 2164 915 liter tribuat, sed requiritur, quod vni plus, & alteri minus
1319 917 2171 960 tribuat de praemio, vel de poena, vt sic quilibet recipiar
1321 953 2173 1000 iuxta gradum sui meriti, vel demeriti; & in hoc seruatur
1328 995 2171 1038 aequalitas proportionis, quae est de ratione iustitiae di¬
1320 1032 1505 1080 stributiuae.
1335 1073 2154 1114 2 Praeterea, nullus potest esse perfectus rector, veliu
1326 1104 2171 1153 dex multorum, absque iustitia distributiua: Sed Deus est
1328 1146 2039 1199 perfectus rector, & iudex vniuersorum: ergo &c.
1359 1186 2156 1235 Sed contra istam conclusionem, & eius motiua, est op
1326 1225 2166 1279 nio aliquorum philolophorum, negantium ipsum Deum
1323 1268 2135 1309 esse rectorem, vel iudicem eorum, quae sunt extra se¬
1329 1306 2159 1356 1 Quia Deus nihil cognoscit extra se: ergo nihil re¬
1322 1340 2171 1393 git, vel iudicat eorum, quae sunt extra se Consequentia pa¬
1319 1388 2174 1428 tet, quia actus regendi, & iudicandi, praesupponit actum
1323 1420 2163 1463 cognoscendi: Propter quod dicitur t ethic. Vnusquisque
1336 1462 2184 1506 udicat bene, quae cognoscit, & eorum est bonus iudex
1335 1498 2171 1548 Et sequitur ibidem: Secundum ergo vnumquodque in
1335 1540 2171 1588 vnoquoque iudicat bene eruditus. Antecedens probant
1333 1578 2166 1620 multis rationibus, quas adduxi libro primo, dist. 35. artic,
1330 1618 2158 1660 2. Et eodem modo probatur, quod iustitia distributiua no
1321 1661 2168 1709 sit in Deo, quia omnis ille, qui iuste distribuit, cognoscit
1326 1697 1877 1739 ea, quibus distribuit: Sed Deus &c.
1329 1735 2168 1781 2 Praeterea, nulla virtus moralis est in Deo: ergo nec
1324 1773 2182 1823 iustitia distributiua, Consequentia patet, quia distributis
1323 1811 2182 1863 ua iustitia est virtus moralis, vt patet 5. ethic. Antecedens
1324 1854 2174 1897 habetur ab Arist. 10 ethicevbi ait, quod ridiculum est lau
1330 1894 2165 1941 dare Deos, secundum aliquam virtutem moralem; vel
1332 1933 2111 1978 aliquam actionem moralis virtutis eis attribuere.
1335 1973 2162 2022 3 Praeterea, nullus permittens fieri mala, quae si vull
1335 2010 2164 2060 potest impedire, est iustus iustitia distributiua, seu guber¬
1332 2049 2164 2101 natiua: Sed Deus permittit mala fieri, quae, si vellet, posi
1325 2088 2164 2128 set minimo nutu voluntatis sue impedire, ne fierent: er-
1333 2126 2159 2174 go &c. Maior patet, quia in illo deficit iusta gubernatio
1325 2166 2163 2210 qui in gubernatis per ipsum non prohibet omne malum,
1332 2209 2163 2254 quod sine difficultate potest prohibere. Minor etiam pa¬
1329 2243 2166 2288 tet, quia si datur oppositum, tunc Dei voluntas non esset
1323 2279 1532 2331 omnipotens
1331 2323 2173 2368 4 Praeterea, non omnia gubernata per Deum sunt iu¬
1330 2360 2171 2402 sta: ergo Deus non est iustus. Antecedens patet, quia sicut
1325 2397 2171 2449 praedictum est, Deus gubernat omnia: ergo non solum iu¬
1324 2449 2151 2492 sta, verum etiam iniusta gubernat. Probatio consequen
1330 2482 2165 2525 tiae: nam sicut quia Deus est bonus in creando, ideo omne,
1323 2514 2162 2563 quod ab eo creatur, est bonum; sic si esset iustus in gubes
1329 2556 2156 2598 nando, omne, quod ab eo gubernaretur, esset iustum.
1335 2586 2175 2646 Sed ista non concludunt, eo quod scriptura veritatis
1320 2631 2177 2681 dicat ipsi Deo, Psal. 118. lustus es domine, & rectum iudi
1329 2676 2167 2723 cium tuum. Et ibidem, lustitia tua, iustitia in aeternum, &
1326 2707 1550 2759 lex tua veritas,
1363 2750 2174 2806 Ad primum, nego antecedens. Ad probationes dicen¬
1332 2792 2174 2845 dum, quod sicut in primo lib adductae sunt illae probatio¬
1332 2829 1775 2881 nes, sic ibidem respondi ad eas
1359 2875 2174 2925 Ad secundum, nego antecedens, quia quicquid dicit
1340 2912 2172 2963 perfectionem, hoc ponendum est in Deo, & hoc vel forma¬
1324 2951 2163 3000 liter, si dicit perfectionem simpliciter, vel eminenter, q&
1333 2994 2171 3037 uperaequipollenter. Alias Deus non esset perfectus omni
1333 3032 2175 3079 perfectione, cuius oppositum patet s. meta. Sed quaelibet
1329 3069 2172 3120 virtus moralis aliquo modo dicit perfectionem: ergo ali¬
1326 3113 2160 3157 quo modo conuenit ipsi Deo. Ad probationem dicendum
