2414 3524
284 258 1091 312 Alio modo, apparenter. Nam sicut referunt aliqui
252 307 1095 357 valde periti in arte medicinae, quaedam est infirmitas,
248 354 1097 404 quae tenet hominem per tres dies naturales, hoc est per
249 400 1084 437 tres completas celi reuolutiones, ita sopitum in omni-
247 426 1086 482 bus sensibus, quod cuilibet intuenti videtur esse mor¬
244 477 1086 518 tuus. Et inde forte inoleuit, quod reges, & principes a¬
242 513 1103 556 liquarum terrarum tribus diebus, postquam mortui sunt
251 554 1091 594 custodiuntur super terram, antequam sepeliantur, ne
250 583 1101 641 forte tacti sint iam dicta infirmitate. Et ex hac opinio¬
252 627 1088 678 ne quidam haereticus, nomine Petrus de Apono, qui
257 664 1088 712 expeditissimus fuit medicus, accepit occasionem diridem
242 716 1094 752 di miracula Christi, & sanctorum, quantum ad suscita¬
239 746 1103 795 tionem mortuorum Dixit enim, quod tales resuscitati
243 784 1096 835 non erant vere mortui, sed infirmi praedicta infirmitate.
254 826 1091 874 Et si dicebatur sibi de Laxaro, qui erat quatriduanus in
242 870 1091 913 monumento, praedicta autem infirmitas, sicut etiam ip¬
249 908 1091 953 se concessit, non potest tenere hominem vltra tres dies
251 940 1091 996 Ipse respondit, quod illud dictum de Laxaro verificaba
243 991 1100 1035 tur per svnedochen, ita, quod pars accipiebatur pro
239 1025 1096 1077 toto. Fuerunt enim, vt ipse dixit, solum tres dies natu
240 1060 1097 1109 rales: numerabantur tamen quattuor, quia erat ibi pars
252 1099 1103 1151 primae dici & pars quartae diei, quae duae partes aequipol¬
246 1136 1094 1197 lebant vni dici naturali, quae cum duobus aliis diebus fa
251 1182 658 1230 cieb ant tres dies naturales.
286 1213 1106 1266 Sed isti mentita est iniquitas sua, & recepit merceden
239 1256 1098 1315 erroris sui. Nam ego sui praesens, quando in ciuitate Pa¬
246 1296 1095 1355 duana ossa sua pro his, & aliis suis erroribus, fuerunt
246 1342 410 1392 combusta
280 1367 1101 1437 Supposita igitur ad praesens dei virtute, quae hominem
239 1415 1088 1470 etiam redactum in puluerem potest suscitare ad vitam
253 1459 1091 1513 vt infra patebit circa distinctionem. 23. & supposita ctiam
255 1509 1091 1546 veritate de praedicta infirmitate, tunc pono duas con¬
253 1541 415 1594 tlusiones.
289 1575 1103 1624 Prima est, qued si aliquis, qui vere fuit mortuus, resu¬
242 1612 1104 1665 scitatur, & vxer sua post mortem eius, contraxit matri¬
250 1665 1091 1703 monium cum alio viro, tunc debet manere cum secun¬
244 1700 1105 1744 do, & non debet reuerti ad illum, qui a morte est suscita
252 1738 1094 1784 tus: Quia, quod legitime contractum est, hoc non est
246 1773 1098 1825 dirimendum: Sed ista mulierlegitime contraxit cum isto
249 1818 458 1868 secundo viro.
294 1849 1104 1908 Maior est nota. Etiam minor patet, quia sicut habe
244 1899 1106 1946 tur extra de secundis nupt. capitulo super illa quaestio¬
247 1933 1101 1985 ne, mortuo uiro, vxor potest, absque infamia, matrimo¬
252 1971 1101 2025 nium cum alio viro contrahere, etiam infra dies luctus
256 2016 413 2070 primi viri.
291 2045 1097 2102 Secunda conclusio est, dato, quod non contraxit cum
246 2090 1111 2141 alio, adhuc tamen non tenetur de necessitate recipere il
246 2139 1094 2180 lum virum a mortuis resuscitatum. Quia vinculum ma
252 2168 1099 2223 trimonii dissolutum fuit in morte illius viti. igitur poss
257 2214 1109 2258 mortem vxor non transit illi viro matrimonialiter obli
252 2250 1111 2310 gata. Consequentiam istam innuit Apostolus. 1. ad Cor¬
251 2295 1103 2343 vbi ait. Mulier alligata est legi, quanto tempore vir e¬
258 2330 1110 2377 ius viuit, quod si dormierit vit cius, liberata a lege viri,
257 2366 779 2419 tui vult, nubat tantum in domino¬
290 2402 1101 2460 Forte dicetur, quod Apostolus videtur oppositum istius
252 2447 1113 2505 innuere ad Hebrae. vbi ait, quod acceperunt mulieres de
257 2487 692 2542 resurrectione mortuos iuos
318 2536 1111 2575 Respondeo, secundum glo. isti mortui non fuerunt
255 2563 1003 2627 mariti istarum mulierum, sed fuerunt filii earum.
296 2609 1102 2656 Dato etiam, quod fuissent maritit ex hoc tamen non
260 2654 1111 2696 habetur, quod ipsos acceperint de necessitate prioris
257 2694 1103 2735 matrimonii, sed potius de congruitate, & honestate, ip¬
266 2726 1113 2777 sos accipiendo, quodam nouo consensu nouum matri¬
263 2773 1103 2817 monium cum ipsis contraxerunt. Et ista etiam est in¬
261 2809 1103 2855 tentio magnorum doctorum in iure canonico, sicut pa¬
271 2844 1104 2890 tet, trigesimasecunda, quaestione septima, capit. licet su¬
269 2885 1115 2943 per quo capitulo notauit Hugo quod axarus, post re¬
259 2928 1106 2971 surrectionem suam, non potuit repetere vxorem suami
263 2964 1100 3012 & si voluisset eam vlterius habere in vxorem, necessi
271 3001 1117 3055 uisset eos de nouo contrahete matrimonium. Et addit
269 3044 1114 3096 quod tamen propter hoc Faxatus non fuisset bigamus,
276 3079 775 3147 quia non diuisisset catnem suam.
1176 269 1987 321 Tertia conclusio est, quod si aliquis ratione supradi¬
1143 309 1977 366 ctae infirmitatis mortuus videretur, talis ad se reuersus,
1135 348 1997 405 de necessitate tenerctur repetere vxorem suam, & econ
1134 393 1971 435 uerso, illa teneretur repetere eum, quia matrimoniale
1140 433 1975 474 vinculum fundatur super toto coniucto. & ideo toto non
1134 469 1975 521 dissoluto, non dissoluitur huiusmodi vinculum: Sed quam
1141 507 1979 552 uis in vera morte totum dissoluatur, quando anima a con
1146 538 1973 595 pore separatur, & per tonsequens, essc humanum, quod
1137 591 1976 629 est esse totius, cortumpitur: tamen in predicta infirmita¬
1143 631 1985 681 te non dissoluitur totum, nec corrumpitur esse totius:io
1135 669 1988 721 manet huiusmodi vintulum, & per consequens manet
1131 702 1468 761 uerum matrimonium
1169 743 1986 791 Ad argumentum principale, nego consequentiam. Ad
1140 790 1982 837 probationem dicendum, quod licet in his, qui sunt in sa
1133 834 1988 879 cris ordinibus, & continentiae voto astricti, hoc remedium,
1143 873 1987 916 quod est matrimonium, habeat impedimentum: tamen
1144 907 1979 947 alia remedia, quae melius, & nobilius militant contra
1140 943 1993 993 carnales concupiscentias, non habent impedimentum,
1140 983 1983 1032 puta, oratio, corporis castigatio, & diuinae gratiae coope¬
1141 1031 1986 1084 ratio, qua Deus succurrit omnib. qui inuocant illum in
1146 1057 1270 1111 veritate.
1209 1189 1917 1249 DISTINCT. NRxIRET gE.
1136 1283 1986 1344 clara harum distinctionum diuisio, in quibus agitiuam
1188 1345 1934 1405 de personis non valent bus contrahere matri¬
1243 1382 1906 1452 monium cum quibusdam respectu circum
1359 1442 1775 1505 stontiarum quarundam.
1482 1560 1998 1624 OSThaec de dispari cultu. Post¬
1497 1612 1988 1666 quam magister determinauit de
1499 1650 1988 1709 personis, quae sic sunt illegitimae,
1500 1692 1988 1749 quod matrimonium cum nulla
1500 1731 1991 1786 persona possunt contrahere, nunc
1498 1779 2000 1823 tractat de his, quae quamuis cum
1488 1814 1996 1868 aliquibus personis possint contra
1488 1850 1998 1903 here, tamen ad contrahendum,
1140 1890 2001 1935 reipectu aliquarum personarum, sunt omnino illeg itimae.
1148 1930 1999 1972 Hi autem impediuntur, vel cultus disparitate, vel cogna
1147 1969 2004 2019 tione carnali, vel affinitate, vel cognatione legali, seu spi
1137 2012 2002 2052 rituali. Vt igitur in duabus lectionibus ista residua mate
1141 2048 2003 2104 ria de matrimonio terminetur, diuiditur iste textus in
1146 2088 2000 2130 duas partes: Quia primo magister tractat de dipari cul¬
1150 2126 1994 2178 tu, & cognatione catnali. Secundo de affinitate, & cogni
1156 2166 2004 2207 tione spirituali, ac et legali. Prima, quae est praesentis le¬
1155 2205 2006 2249 ctionis, diuiditur in duas, quia primo itractat de cultus di
1155 2245 1996 2296 sparitate. Secundo de carnali cognatione, seu de consar
1158 2295 2006 2334 guinitate, ibi, Nunc superest de cognatione. Prima in
1152 2334 1993 2384 duas, quia primo ostendit, quod fidelis cum infideli non
1149 2372 1775 2417 potest contrahere verum matrimonium
1201 2404 2009 2455 pecundo ostendit, quod inter duos infideles potest es
1150 2443 2000 2492 se legitimum, quamuis non ratum copiugium, ibi, Sunt
1152 2482 1996 2537 tamen nonnulli Prima in tres: quia primo, fidelem cum
1161 2523 2009 2577 nfideli contrahere matrimonium, ostendit esse prohibi
1153 2560 2008 2611 tum. Secundo innuit, si vnus coniugum ad fidem conuer¬
1152 2607 2002 2651 titur, quod de iure potest relinquere alterum non con¬
1152 2641 2001 2688 uersum. Tertio inquirit, vtrum fidelis, derelinquens infi¬
1153 2683 2010 2745 delem, possit de nouo contrahere matrimonium Secun
1149 2720 1553 2774 da ibi, Potest tamen licite.
1195 2758 1996 2809 Tertia ibi, hic quaeritur. Prima in tres, quia primo, pra
1158 2804 2000 2848 mittit praedictae veritatis determinationem. Secundo ad
1153 2844 2006 2890 ducit, & tollit contrariam obiectionem. Et tertio, ex pre
1155 2879 1994 2928 dictis infert vnam specialem conclusionem Setunda ibi
1163 2912 2003 2967 Huic autem videtur. Tertia ibi, ex his monstratur Sequi
1163 2969 2012 3011 tur distinct 20. In quam magister, &c. Et diuiditur in duas
1157 3000 2009 3047 partes: nam primo magister ostendit, vsque ad quem con
1156 3038 2018 3085 sanguinitatis gradum antiquitus fuit prohibitum con¬
1155 3079 1706 3131 trabere matrimonium
