<?xml version="1.0" encoding="UTF-8" standalone="yes"?>
<PcGts xmlns="http://schema.primaresearch.org/PAGE/gts/pagecontent/2013-07-15" xmlns:xsi="http://www.w3.org/2001/XMLSchema-instance" xsi:schemaLocation="http://schema.primaresearch.org/PAGE/gts/pagecontent/2013-07-15 http://schema.primaresearch.org/PAGE/gts/pagecontent/2013-07-15/pagecontent.xsd">
    <Metadata>
        <Creator>prov=University of Rostock/Institute of Mathematics/CITlab|PLANET AI GmbH/Gundram Leifert/gundram.leifert@planet-ai.de:name=cod-P122zz-m2(htr_id=26330)::::v=2.6.7
prov=University of Rostock/Institute of Mathematics/CITlab|PLANET AI GmbH/Tobias Gruening/tobias.gruening@planet-ai.de:name=de.uros.citlab.module.baseline2polygon.B2PSeamMultiOriented:v=2.6.7
prov=University of Rostock/Institute of Mathematics/CITlab|PLANET AI GmbH/Tobias Gruening/tobias.gruening@planet-ai.de:name=/net_tf/LA73_249_0mod360.pb:de.uros.citlab.segmentation.CITlab_LA_ML:v=2.6.6
Transkribus</Creator>
        <Created>2020-10-05T23:25:31.387+02:00</Created>
        <LastChange>2020-10-27T13:47:33.250+01:00</LastChange>
        <TranskribusMetadata docId="505580" pageId="20955534" pageNr="776" tsid="46881984" status="IN_PROGRESS" userId="25065" imgUrl="https://files.transkribus.eu/Get?id=JJOKURGCSIJBAGYAYRLBCPQX&amp;fileType=view" xmlUrl="https://files.transkribus.eu/Get?id=ZOORIMXDZZUZERWTCNQNDZFR" imageId="16096731"/>
    </Metadata>
    <Page imageFilename="775.jpg" imageWidth="2385" imageHeight="3538">
        <ReadingOrder>
            <OrderedGroup id="ro_1603931107835" caption="Regions reading order">
                <RegionRefIndexed index="0" regionRef="r2"/>
                <RegionRefIndexed index="1" regionRef="r3"/>
            </OrderedGroup>
        </ReadingOrder>
        <TextRegion orientation="0.0" id="r2" custom="readingOrder {index:0;}">
            <Coords points="396,192 396,3126 1269,3126 1269,192"/>
            <TextLine id="r2l3" custom="readingOrder {index:0;}">
                <Coords points="424,289 1272,291 1272,254 1180,232 991,258 910,230 820,254 424,238"/>
                <Baseline points="429,279 470,279 512,281 554,281 596,281 638,281 680,279 721,279 763,279 805,279 847,279 889,279 931,279 973,279 1014,279 1056,279 1098,280 1140,281 1182,282 1224,284 1266,285"/>
                <TextEquiv>
                    <Unicode>Christi, Matth. 10. vbi loquens de matrimoniali coniun</Unicode>
                </TextEquiv>
            </TextLine>
            <TextLine id="r2l4" custom="readingOrder {index:1;}">
                <Coords points="423,332 1214,342 1192,293 423,290"/>
                <Baseline points="429,320 470,320 511,320 552,320 593,320 634,320 675,320 716,320 757,320 798,320 839,320 880,320 921,320 962,320 1003,320 1044,320 1085,321 1126,322 1167,324 1208,326"/>
                <TextEquiv>
                    <Unicode>ctione ait, quod Deus coniunxit, homo non separet.</Unicode>
                </TextEquiv>
            </TextLine>
            <TextLine id="r2l5" custom="readingOrder {index:2;}">
                <Coords points="460,372 729,381 749,366 869,381 972,367 972,335 931,329 892,341 460,331"/>
                <Baseline points="465,359 490,359 515,359 540,359 565,360 590,360 615,360 640,360 665,360 690,359 715,359 740,359 765,359 790,359 815,359 840,359 865,359 890,360 915,360 940,361 966,362"/>
                <TextEquiv>
                    <Unicode>Sed contra istam potest argui sic.</Unicode>
                </TextEquiv>
            </TextLine>
            <TextLine id="r2l6" custom="readingOrder {index:3;}">
                <Coords points="445,406 1270,410 1270,377 1231,364 445,379"/>
                <Baseline points="450,398 490,398 531,398 572,399 613,398 653,398 694,398 735,398 776,398 816,398 857,398 898,398 939,398 979,398 1020,398 1061,398 1102,399 1142,399 1183,400 1224,401 1265,402"/>
                <TextEquiv>
                    <Unicode>1 Illud, quod per humanum consensum efficitur, hu</Unicode>
                </TextEquiv>
            </TextLine>
            <TextLine id="r2l7" custom="readingOrder {index:4;}">
                <Coords points="418,446 1263,447 1263,422 1191,409 553,420 418,399"/>
                <Baseline points="423,437 464,437 506,437 548,438 589,438 631,438 673,438 714,437 756,437 798,437 840,437 881,437 923,437 965,437 1006,437 1048,437 1090,437 1131,437 1173,438 1215,438 1257,440"/>
                <TextEquiv>
                    <Unicode>ius principalis institutor videtur esse homo, &amp; non Deus</Unicode>
                </TextEquiv>
            </TextLine>
            <TextLine id="r2l8" custom="readingOrder {index:5;}">
                <Coords points="412,491 1268,498 1269,449 412,451"/>
                <Baseline points="417,476 459,476 501,477 543,477 586,477 628,477 670,478 713,479 755,479 797,479 840,479 882,479 924,479 966,479 1009,480 1051,480 1093,480 1136,480 1178,480 1220,481 1263,482"/>
                <TextEquiv>
                    <Unicode>sed matrimonium humano consensu fit, &amp; contrahitur, </Unicode>
                </TextEquiv>
            </TextLine>
            <TextLine id="r2l9" custom="readingOrder {index:6;}">
                <Coords points="425,530 629,535 689,524 707,538 733,526 809,525 810,495 755,485 672,500 616,487 589,500 529,483 500,497 426,493"/>
                <Baseline points="431,518 457,516 484,516 510,516 537,515 564,515 590,515 617,515 644,515 670,516 697,516 724,516 750,518 777,518 804,521"/>
                <TextEquiv>
                    <Unicode>vt patebit infra: ergo &amp;c</Unicode>
                </TextEquiv>
            </TextLine>
            <TextLine id="r2l10" custom="readingOrder {index:7;}">
                <Coords points="439,566 1266,570 1266,535 1193,524 439,523"/>
                <Baseline points="444,552 484,554 525,554 566,555 607,555 648,555 688,555 729,555 770,555 811,555 852,555 892,555 933,555 974,555 1015,555 1056,555 1096,555 1137,557 1178,557 1219,558 1260,560"/>
                <TextEquiv>
                    <Unicode>2 Praeterea, secundum quod magister hic ait in litera</Unicode>
                </TextEquiv>
            </TextLine>
            <TextLine id="r2l11" custom="readingOrder {index:8;}">
                <Coords points="414,610 1271,615 1272,572 414,577"/>
                <Baseline points="420,594 462,594 504,594 546,594 589,594 631,594 673,594 716,594 758,594 800,596 843,596 885,596 927,596 969,596 1012,597 1054,597 1096,597 1139,597 1181,599 1223,599 1266,599"/>
                <TextEquiv>
                    <Unicode>tunc fuit primo institutum matrimonium, quando dictum</Unicode>
                </TextEquiv>
            </TextLine>
            <TextLine id="r2l12" custom="readingOrder {index:9;}">
                <Coords points="420,654 1265,657 1246,609 421,608"/>
                <Baseline points="426,632 467,632 509,633 551,633 592,633 634,633 676,633 717,633 759,633 801,635 843,635 884,635 926,635 968,635 1009,636 1051,636 1093,636 1134,638 1176,638 1218,639 1260,639"/>
                <TextEquiv>
                    <Unicode>est, hoc nunc os ex ossibus meis, &amp; caro ex carne mea,</Unicode>
                </TextEquiv>
            </TextLine>
            <TextLine id="r2l13" custom="readingOrder {index:10;}">
                <Coords points="426,695 1240,695 1274,689 1275,652 427,650"/>
                <Baseline points="432,672 473,672 515,672 557,672 599,672 641,672 683,673 724,674 766,674 808,674 850,674 892,675 934,675 976,675 1017,677 1059,677 1101,677 1143,678 1185,678 1227,679 1269,680"/>
                <TextEquiv>
                    <Unicode>propter hoc relinquet homo &amp;c sed ista fuerunt verba</Unicode>
                </TextEquiv>
            </TextLine>
            <TextLine id="r2l14" custom="readingOrder {index:11;}">
                <Coords points="419,739 519,719 688,736 1051,727 1051,695 975,686 420,691"/>
                <Baseline points="425,714 456,713 487,713 518,713 549,713 580,713 611,713 642,713 673,713 704,713 735,713 766,713 797,713 828,713 859,714 890,714 921,714 952,714 983,716 1014,716 1046,716"/>
                <TextEquiv>
                    <Unicode>primi hominis, ut patet &amp;en 2. c. ergo &amp;c.</Unicode>
                </TextEquiv>
            </TextLine>
            <TextLine id="r2l16" custom="readingOrder {index:12;}">
                <Coords points="502,763 1124,777 1264,768 1265,734 502,721"/>
                <Baseline points="507,752 544,752 582,752 619,752 657,753 695,753 732,753 770,753 807,753 845,753 883,753 920,753 958,753 995,753 1033,753 1071,754 1108,755 1146,755 1183,755 1221,756 1259,756"/>
                <TextEquiv>
                    <Unicode>Preterea, non inuenitur, quod Deus aliquid locu</Unicode>
                </TextEquiv>
            </TextLine>
            <TextLine id="r2l17" custom="readingOrder {index:13;}">
                <Coords points="424,805 1238,810 1264,804 1264,766 424,771"/>
                <Baseline points="429,794 470,792 512,792 553,791 595,791 636,791 678,791 719,791 761,791 802,792 844,792 885,792 927,792 968,794 1010,794 1051,794 1093,794 1134,795 1176,795 1217,795 1259,795"/>
                <TextEquiv>
                    <Unicode>tus sit de spectantibus ad matrimonium, nisi cum dixit</Unicode>
                </TextEquiv>
            </TextLine>
            <TextLine id="r2l18" custom="readingOrder {index:14;}">
                <Coords points="429,841 1198,853 1267,843 1268,805 429,805"/>
                <Baseline points="435,833 476,833 517,831 559,831 600,831 641,831 683,831 724,831 765,831 807,831 848,831 889,831 931,831 972,831 1013,833 1055,833 1096,833 1137,834 1179,834 1220,836 1262,837"/>
                <TextEquiv>
                    <Unicode>primis hominibus, crescite, &amp; multiplicamini, &amp; replete</Unicode>
                </TextEquiv>
            </TextLine>
            <TextLine id="r2l19" custom="readingOrder {index:15;}">
                <Coords points="411,882 1255,888 1255,844 1225,841 412,850"/>
                <Baseline points="417,872 458,871 500,870 541,870 583,869 625,869 666,869 708,869 750,869 791,869 833,870 875,870 916,870 958,871 1000,872 1041,872 1083,873 1125,873 1166,875 1208,875 1250,876"/>
                <TextEquiv>
                    <Unicode>terram. Sed per hoc non videtur costituisse matimonium</Unicode>
                </TextEquiv>
            </TextLine>
            <TextLine id="r2l20" custom="readingOrder {index:16;}">
                <Coords points="413,916 1258,931 1235,883 414,882"/>
                <Baseline points="419,912 460,911 502,911 544,911 585,909 627,909 669,909 710,909 752,909 794,909 836,910 877,911 919,911 961,911 1002,911 1044,912 1086,912 1127,914 1169,914 1211,914 1253,915"/>
                <TextEquiv>
                    <Unicode>quia consimilia verba dixit piscibus, &amp; aliis animantib</Unicode>
                </TextEquiv>
            </TextLine>
            <TextLine id="r2l21" custom="readingOrder {index:17;}">
                <Coords points="418,970 1230,972 1250,932 418,934"/>
                <Baseline points="423,953 464,951 505,950 546,950 587,948 628,948 669,948 710,948 751,948 792,948 834,948 875,949 916,950 957,950 998,951 1039,951 1080,951 1121,953 1162,953 1203,953 1245,953"/>
                <TextEquiv>
                    <Unicode>in quibus tamen Deus non constituit matrimonium,</Unicode>
                </TextEquiv>
            </TextLine>
            <TextLine id="r2l22" custom="readingOrder {index:18;}">
                <Coords points="437,997 1182,1007 1263,1000 1263,961 437,970"/>
                <Baseline points="443,990 483,989 524,989 565,989 605,987 646,987 687,987 727,987 768,987 809,987 850,987 890,987 931,987 972,988 1012,989 1053,989 1094,990 1134,992 1175,992 1216,993 1257,995"/>
                <TextEquiv>
                    <Unicode>Ad primum dicendum, licet matrimonium efficiatur</Unicode>
                </TextEquiv>
            </TextLine>
            <TextLine id="r2l23" custom="readingOrder {index:19;}">
                <Coords points="422,1040 1263,1045 1263,1000 422,997"/>
                <Baseline points="428,1031 469,1030 510,1029 552,1028 593,1028 635,1027 676,1026 718,1026 759,1026 801,1026 842,1028 883,1028 925,1028 966,1029 1008,1029 1049,1029 1091,1031 1132,1031 1174,1031 1215,1032 1257,1032"/>
                <TextEquiv>
                    <Unicode>humano concensu, hoc tamen non fit cum exclusione</Unicode>
                </TextEquiv>
            </TextLine>
            <TextLine id="r2l24" custom="readingOrder {index:20;}">
                <Coords points="419,1080 1263,1078 1240,1040 419,1039"/>
                <Baseline points="425,1070 466,1068 508,1068 549,1067 591,1067 633,1067 674,1065 716,1065 757,1065 799,1066 841,1067 882,1067 924,1067 965,1068 1007,1068 1049,1068 1090,1070 1132,1070 1173,1071 1215,1071 1257,1073"/>
                <TextEquiv>
                    <Unicode>institutionis diuinae: illa enim exclusa, nullus consensus</Unicode>
                </TextEquiv>
            </TextLine>
            <TextLine id="r2l25" custom="readingOrder {index:21;}">
                <Coords points="427,1124 1262,1125 1262,1090 1178,1078 427,1081"/>
                <Baseline points="432,1107 473,1107 514,1107 555,1107 596,1107 638,1106 679,1106 720,1106 761,1107 802,1107 844,1107 885,1107 926,1107 967,1109 1008,1109 1050,1109 1091,1110 1132,1110 1173,1111 1214,1112 1256,1113"/>
                <TextEquiv>
                    <Unicode>humanus sufficeret ad faciendum verum, &amp; legitimum</Unicode>
                </TextEquiv>
            </TextLine>
            <TextLine id="r2l26" custom="readingOrder {index:22;}">
                <Coords points="414,1160 446,1165 489,1156 516,1163 530,1152 576,1166 592,1155 659,1155 658,1120 624,1129 565,1117 553,1128 525,1129 503,1116 489,1128 461,1120 413,1128"/>
                <Baseline points="419,1148 445,1149 471,1149 497,1148 523,1146 549,1146 575,1145 601,1145 627,1146 653,1148"/>
                <TextEquiv>
                    <Unicode>matrimonium,</Unicode>
                </TextEquiv>
            </TextLine>
            <TextLine id="r2l27" custom="readingOrder {index:23;}">
                <Coords points="466,1200 1223,1204 1265,1197 1265,1157 466,1159"/>
                <Baseline points="471,1187 510,1187 549,1185 589,1185 628,1185 668,1185 707,1185 747,1185 786,1185 826,1185 865,1185 904,1187 944,1187 983,1187 1023,1188 1062,1188 1102,1188 1141,1188 1181,1190 1220,1190 1260,1190"/>
                <TextEquiv>
                    <Unicode>Ad secundum dicendum, quod quamuis illa verba es</Unicode>
                </TextEquiv>
            </TextLine>
            <TextLine id="r2l28" custom="readingOrder {index:24;}">
                <Coords points="418,1241 1271,1241 1253,1197 418,1191"/>
                <Baseline points="423,1226 465,1226 507,1224 549,1224 591,1223 633,1223 675,1223 718,1223 760,1224 802,1224 844,1224 886,1224 928,1225 970,1226 1013,1226 1055,1227 1097,1227 1139,1227 1181,1229 1223,1229 1266,1229"/>
                <TextEquiv>
                    <Unicode>sent primi hominis pronunciatiue, tamquam preconis</Unicode>
                </TextEquiv>
            </TextLine>
            <TextLine id="r2l29" custom="readingOrder {index:25;}">
                <Coords points="419,1282 1262,1288 1262,1246 1234,1238 420,1246"/>
                <Baseline points="425,1268 466,1266 508,1264 549,1263 591,1262 633,1262 674,1262 716,1262 757,1262 799,1262 841,1262 882,1263 924,1263 965,1265 1007,1265 1049,1266 1090,1266 1132,1268 1173,1268 1215,1268 1257,1268"/>
                <TextEquiv>
                    <Unicode>voluntatem, &amp; institutionem Dei pronunciantis: fuerunt</Unicode>
                </TextEquiv>
            </TextLine>
            <TextLine id="r2l30" custom="readingOrder {index:26;}">
                <Coords points="410,1313 1265,1321 1265,1288 1213,1277 411,1281"/>
                <Baseline points="416,1305 458,1304 500,1303 542,1302 584,1302 626,1301 668,1301 711,1301 753,1301 795,1301 837,1301 879,1302 921,1302 963,1302 1006,1303 1048,1304 1090,1305 1132,1305 1174,1307 1216,1307 1259,1308"/>
                <TextEquiv>
                    <Unicode>tamen eadem verba, inquantum faciebant ad matrimo</Unicode>
                </TextEquiv>
            </TextLine>
            <TextLine id="r2l31" custom="readingOrder {index:27;}">
                <Coords points="410,1356 1255,1360 1255,1319 1204,1315 411,1321"/>
                <Baseline points="416,1344 457,1344 499,1343 541,1341 582,1341 624,1341 666,1341 707,1340 749,1340 791,1340 833,1341 874,1341 916,1341 958,1341 999,1343 1041,1343 1083,1343 1124,1344 1166,1346 1208,1346 1250,1347"/>
                <TextEquiv>
                    <Unicode>nii institutionem, Dei auctoritatiue tamquam princi¬</Unicode>
                </TextEquiv>
            </TextLine>
            <TextLine id="r2l32" custom="readingOrder {index:28;}">
                <Coords points="411,1399 1259,1400 1259,1364 1226,1352 411,1354"/>
                <Baseline points="417,1385 458,1383 500,1383 542,1382 584,1380 626,1380 668,1380 709,1379 751,1379 793,1379 835,1379 877,1379 919,1380 961,1380 1002,1380 1044,1382 1086,1382 1128,1383 1170,1385 1212,1386 1254,1388"/>
                <TextEquiv>
                    <Unicode>pis hominem inspirantis. Et ista videtur esse intentio Chri</Unicode>
                </TextEquiv>
            </TextLine>
            <TextLine id="r2l33" custom="readingOrder {index:29;}">
                <Coords points="413,1437 1261,1431 1241,1395 414,1399"/>
                <Baseline points="419,1422 460,1421 502,1420 544,1419 586,1419 628,1418 670,1418 711,1418 753,1418 795,1418 837,1418 879,1418 921,1419 963,1419 1004,1419 1046,1421 1088,1421 1130,1422 1172,1424 1214,1424 1256,1425"/>
                <TextEquiv>
                    <Unicode>sti, Macth. 10 vbi approbando indissolubilitatem matri¬</Unicode>
                </TextEquiv>
            </TextLine>
            <TextLine id="r2l34" custom="readingOrder {index:30;}">
                <Coords points="405,1473 1244,1479 1254,1434 405,1442"/>
                <Baseline points="410,1461 451,1461 493,1460 535,1458 577,1458 619,1457 661,1457 703,1457 745,1457 787,1457 829,1457 870,1457 912,1458 954,1458 996,1460 1038,1460 1080,1461 1122,1463 1164,1463 1206,1465 1248,1466"/>
                <TextEquiv>
                    <Unicode>monii, verba, quibus matrimonium primo fuit institutum</Unicode>
                </TextEquiv>
            </TextLine>
            <TextLine id="r2l35" custom="readingOrder {index:31;}">
                <Coords points="417,1514 1255,1514 1255,1486 1161,1471 417,1478"/>
                <Baseline points="422,1500 463,1499 504,1499 546,1497 587,1497 629,1497 670,1497 711,1496 753,1496 794,1497 836,1497 877,1497 918,1497 960,1497 1001,1499 1043,1499 1084,1500 1125,1501 1167,1502 1208,1503 1250,1503"/>
                <TextEquiv>
                    <Unicode>attribuit ips Deo, &amp; non homini, dicens. Qui fecit ho¬</Unicode>
                </TextEquiv>
            </TextLine>
            <TextLine id="r2l36" custom="readingOrder {index:32;}">
                <Coords points="404,1551 1261,1559 1248,1513 405,1520"/>
                <Baseline points="410,1539 452,1538 494,1538 536,1536 579,1536 621,1536 663,1536 706,1535 748,1536 790,1536 833,1536 875,1536 917,1536 959,1538 1002,1538 1044,1539 1086,1539 1129,1541 1171,1541 1213,1541 1256,1542"/>
                <TextEquiv>
                    <Unicode>mines ab initio, masculum, &amp; feminam fecit eos, &amp; di-</Unicode>
                </TextEquiv>
            </TextLine>
            <TextLine id="r2l37" custom="readingOrder {index:33;}">
                <Coords points="402,1587 1262,1592 1262,1558 1215,1551 402,1552"/>
                <Baseline points="408,1577 450,1577 492,1575 535,1575 577,1575 620,1574 662,1574 704,1574 747,1574 789,1574 832,1574 874,1574 916,1575 959,1575 1001,1575 1044,1577 1086,1578 1128,1580 1171,1580 1213,1583 1256,1584"/>
                <TextEquiv>
                    <Unicode>xit, Propter hoc relinquet homo patrem, &amp; matrem, &amp;</Unicode>
                </TextEquiv>
            </TextLine>
            <TextLine id="r2l38" custom="readingOrder {index:34;}">
                <Coords points="409,1634 1244,1635 1251,1595 409,1588"/>
                <Baseline points="414,1616 455,1616 497,1614 538,1614 580,1614 621,1613 663,1613 704,1613 746,1613 787,1613 829,1614 871,1614 912,1614 954,1616 995,1616 1037,1617 1078,1617 1120,1619 1161,1620 1203,1620 1245,1622"/>
                <TextEquiv>
                    <Unicode>adhaerebit vxori suae, &amp;erunt duo in carne vna. Vnde ist¬</Unicode>
                </TextEquiv>
            </TextLine>
            <TextLine id="r2l39" custom="readingOrder {index:35;}">
                <Coords points="421,1668 1250,1680 1250,1634 1180,1627 421,1628"/>
                <Baseline points="426,1655 466,1655 507,1655 548,1653 589,1653 630,1653 671,1653 712,1653 753,1652 794,1652 835,1652 875,1653 916,1653 957,1653 998,1655 1039,1655 1080,1656 1121,1658 1162,1659 1203,1661 1244,1662"/>
                <TextEquiv>
                    <Unicode>verba fuerunt verba primi hominis, &amp; tamen attribuur</Unicode>
                </TextEquiv>
            </TextLine>
            <TextLine id="r2l40" custom="readingOrder {index:36;}">
                <Coords points="408,1708 1255,1709 1255,1680 1214,1670 408,1675"/>
                <Baseline points="414,1697 455,1695 497,1695 539,1694 581,1693 623,1692 664,1692 706,1691 748,1691 790,1691 832,1691 873,1691 915,1692 957,1692 999,1693 1041,1694 1082,1695 1124,1696 1166,1698 1208,1699 1250,1701"/>
                <TextEquiv>
                    <Unicode>tur Deo, qui institutionem matrimonii his verbis per ho¬</Unicode>
                </TextEquiv>
            </TextLine>
            <TextLine id="r2l41" custom="readingOrder {index:37;}">
                <Coords points="418,1748 1243,1754 1222,1710 418,1712"/>
                <Baseline points="423,1736 463,1734 504,1734 545,1733 586,1731 626,1731 667,1731 708,1731 749,1730 789,1730 830,1731 871,1731 912,1731 952,1731 993,1733 1034,1734 1075,1734 1115,1736 1156,1737 1197,1739 1238,1740"/>
                <TextEquiv>
                    <Unicode>minem pronunciauit. Sicut enim Deus quandoque lo</Unicode>
                </TextEquiv>
            </TextLine>
            <TextLine id="r2l42" custom="readingOrder {index:38;}">
                <Coords points="414,1793 1248,1796 1266,1749 414,1753"/>
                <Baseline points="419,1773 461,1773 503,1773 545,1773 587,1772 629,1772 671,1772 713,1772 755,1772 797,1772 839,1772 881,1772 923,1772 965,1772 1007,1772 1049,1773 1091,1775 1133,1776 1175,1776 1217,1778 1260,1781"/>
                <TextEquiv>
                    <Unicode>quitur per prophetam, &amp; sicut rex quandoque loquitur. </Unicode>
                </TextEquiv>
            </TextLine>
            <TextLine id="r2l43" custom="readingOrder {index:39;}">
                <Coords points="411,1832 1258,1829 1258,1793 1138,1784 412,1791"/>
                <Baseline points="417,1814 458,1813 500,1812 542,1811 584,1811 626,1811 667,1811 709,1811 751,1811 793,1811 835,1812 876,1812 918,1812 960,1814 1002,1814 1044,1815 1085,1815 1127,1817 1169,1817 1211,1818 1253,1818"/>
                <TextEquiv>
                    <Unicode>per praeconem, sic instituendo matrimonium Deus lo¬</Unicode>
                </TextEquiv>
            </TextLine>
            <TextLine id="r2l44" custom="readingOrder {index:40;}">
                <Coords points="414,1874 452,1859 564,1874 657,1858 895,1868 925,1863 926,1835 834,1820 688,1834 651,1818 632,1832 414,1831"/>
                <Baseline points="419,1854 444,1853 469,1853 494,1851 519,1850 544,1850 569,1850 594,1848 619,1848 644,1848 669,1849 694,1850 719,1850 744,1850 769,1850 794,1851 819,1851 844,1851 869,1853 894,1853 920,1853"/>
                <TextEquiv>
                    <Unicode>quebaturper primum hominem</Unicode>
                </TextEquiv>
            </TextLine>
            <TextLine id="r2l46" custom="readingOrder {index:41;}">
                <Coords points="453,1902 1249,1911 1249,1876 1209,1868 454,1862"/>
                <Baseline points="459,1890 498,1890 537,1890 576,1890 616,1890 655,1890 694,1890 733,1890 773,1890 812,1890 851,1890 890,1892 930,1892 969,1892 1008,1893 1047,1893 1087,1895 1126,1896 1165,1896 1204,1898 1244,1899"/>
                <TextEquiv>
                    <Unicode>Ad tertium dicendum, quod maior non est vera, vt pa</Unicode>
                </TextEquiv>
            </TextLine>
            <TextLine id="r2l47" custom="readingOrder {index:42;}">
                <Coords points="411,1944 436,1949 464,1934 515,1943 663,1938 662,1911 636,1898 595,1897 572,1909 513,1900 495,1913 485,1904 456,1910 444,1898 410,1895"/>
                <Baseline points="416,1932 442,1930 469,1929 496,1929 523,1929 549,1929 576,1929 603,1929 630,1929 657,1929"/>
                <TextEquiv>
                    <Unicode>tet ex iam dictis.</Unicode>
                </TextEquiv>
            </TextLine>
            <TextLine id="r2l48" custom="readingOrder {index:43;}">
                <Coords points="449,1980 1106,1997 1261,1989 1262,1946 450,1938"/>
                <Baseline points="455,1968 495,1968 535,1967 575,1967 615,1967 655,1967 695,1967 735,1967 775,1968 815,1968 855,1969 895,1970 935,1970 975,1971 1015,1971 1055,1973 1095,1974 1135,1974 1175,1976 1215,1977 1256,1977"/>
                <TextEquiv>
                    <Unicode>Conclusio secunda est, quod quantum ad personarum</Unicode>
                </TextEquiv>
            </TextLine>
            <TextLine id="r2l49" custom="readingOrder {index:44;}">
                <Coords points="413,2016 1231,2027 1250,1987 414,1985"/>
                <Baseline points="419,2009 460,2007 501,2007 542,2006 584,2006 625,2006 666,2006 707,2006 749,2007 790,2007 831,2009 872,2009 914,2010 955,2010 996,2012 1037,2013 1079,2013 1120,2015 1161,2015 1202,2015 1244,2016"/>
                <TextEquiv>
                    <Unicode>contrahentium determinationem, matrimonium est ab</Unicode>
                </TextEquiv>
            </TextLine>
            <TextLine id="r2l50" custom="readingOrder {index:45;}">
                <Coords points="412,2057 1216,2068 1255,2066 1256,2029 412,2017"/>
                <Baseline points="417,2048 458,2046 500,2046 541,2045 583,2045 625,2045 666,2045 708,2046 750,2046 791,2046 833,2048 875,2048 916,2049 958,2049 1000,2051 1041,2051 1083,2052 1125,2054 1166,2054 1208,2054 1250,2055"/>
                <TextEquiv>
                    <Unicode>humana institutione Quia illud quod est ex mandato</Unicode>
                </TextEquiv>
            </TextLine>
            <TextLine id="r2l51" custom="readingOrder {index:46;}">
                <Coords points="411,2102 1250,2112 1251,2063 412,2057"/>
                <Baseline points="417,2087 458,2086 499,2085 541,2085 582,2085 624,2084 665,2084 706,2085 748,2085 789,2085 831,2086 872,2087 913,2088 955,2088 996,2090 1038,2090 1079,2091 1120,2093 1162,2093 1203,2094 1245,2096"/>
                <TextEquiv>
                    <Unicode>ceclesiae, hoc est ex humana institutione: Sed huiusmodi</Unicode>
                </TextEquiv>
            </TextLine>
            <TextLine id="r2l52" custom="readingOrder {index:47;}">
                <Coords points="420,2143 1229,2151 1254,2113 421,2108"/>
                <Baseline points="426,2126 467,2124 508,2124 549,2123 590,2123 631,2123 672,2123 713,2123 754,2123 795,2124 837,2124 878,2126 919,2126 960,2127 1001,2129 1042,2129 1083,2130 1124,2132 1165,2133 1206,2135 1248,2135"/>
                <TextEquiv>
                    <Unicode>personarum determinatio sepe est a mandato ecclesiae, </Unicode>
                </TextEquiv>
            </TextLine>
            <TextLine id="r2l53" custom="readingOrder {index:48;}">
                <Coords points="415,2179 1245,2187 1245,2148 1188,2140 415,2144"/>
                <Baseline points="420,2165 463,2165 506,2163 549,2163 592,2163 635,2163 678,2163 721,2163 764,2163 807,2165 851,2165 894,2166 937,2167 980,2168 1023,2169 1066,2169 1109,2171 1152,2172 1195,2172 1239,2174"/>
                <TextEquiv>
                    <Unicode>puta, quod nullus contrahat matrimonium cum aliqua</Unicode>
                </TextEquiv>
            </TextLine>
            <TextLine id="r2l54" custom="readingOrder {index:49;}">
                <Coords points="405,2216 1240,2227 1251,2183 405,2182"/>
                <Baseline points="410,2205 451,2204 493,2202 535,2202 577,2201 618,2201 660,2202 702,2202 744,2202 785,2202 827,2204 869,2204 911,2205 952,2207 994,2207 1036,2208 1078,2210 1119,2210 1161,2211 1203,2213 1245,2213"/>
                <TextEquiv>
                    <Unicode>sibi attinente infra quartum gradum cognationis. In mul</Unicode>
                </TextEquiv>
            </TextLine>
            <TextLine id="r2l55" custom="readingOrder {index:50;}">
                <Coords points="404,2251 1247,2263 1247,2225 1213,2218 405,2223"/>
                <Baseline points="410,2244 451,2243 493,2243 534,2241 576,2241 618,2241 659,2241 701,2241 742,2243 784,2243 826,2243 867,2244 909,2244 950,2246 992,2247 1034,2247 1075,2249 1117,2249 1158,2250 1200,2252 1242,2252"/>
                <TextEquiv>
                    <Unicode>tis enim talibus conditor iuris scilicet Papa potest dispen</Unicode>
                </TextEquiv>
            </TextLine>
            <TextLine id="r2l56" custom="readingOrder {index:51;}">
                <Coords points="404,2298 1205,2307 1240,2301 1241,2273 405,2256"/>
                <Baseline points="410,2283 451,2282 492,2282 533,2280 575,2280 616,2280 657,2280 698,2280 740,2280 781,2282 822,2282 863,2283 905,2285 946,2285 987,2286 1028,2287 1070,2288 1111,2289 1152,2290 1193,2291 1235,2292"/>
                <TextEquiv>
                    <Unicode>sare, ex quo patet, quod a potestate Papae talis prohibi¬</Unicode>
                </TextEquiv>
            </TextLine>
            <TextLine id="r2l57" custom="readingOrder {index:52;}">
                <Coords points="403,2336 1240,2339 1240,2301 403,2298"/>
                <Baseline points="408,2324 449,2322 490,2322 532,2321 573,2321 614,2319 656,2319 697,2320 738,2321 780,2321 821,2321 862,2322 904,2324 945,2324 986,2325 1028,2326 1069,2327 1110,2328 1152,2330 1193,2330 1235,2331"/>
                <TextEquiv>
                    <Unicode>tio, &amp; limitatio videtur emanare: de his tamen magi¬</Unicode>
                </TextEquiv>
            </TextLine>
            <TextLine id="r2l58" custom="readingOrder {index:53;}">
                <Coords points="408,2374 1249,2385 1249,2338 409,2338"/>
                <Baseline points="414,2361 455,2361 497,2361 538,2361 580,2361 621,2362 663,2363 704,2363 746,2363 787,2364 829,2364 870,2365 912,2366 953,2366 995,2367 1036,2368 1078,2369 1119,2370 1161,2370 1202,2372 1244,2372"/>
                <TextEquiv>
                    <Unicode>apparebit infra, quando tractabitur de impedimentis</Unicode>
                </TextEquiv>
            </TextLine>
            <TextLine id="r2l59" custom="readingOrder {index:54;}">
                <Coords points="406,2428 429,2418 441,2426 474,2418 507,2430 549,2410 566,2422 587,2414 598,2424 608,2420 608,2373 577,2366 540,2375 530,2369 509,2379 471,2369 449,2381 428,2381 419,2373 406,2377"/>
                <Baseline points="411,2406 438,2403 465,2402 492,2402 520,2402 547,2403 574,2403 602,2402"/>
                <TextEquiv>
                    <Unicode>matrimonii.</Unicode>
                </TextEquiv>
            </TextLine>
            <TextLine id="r2l60" custom="readingOrder {index:55;}">
                <Coords points="549,2567 783,2545 889,2568 1025,2535 1084,2568 1133,2557 1134,2508 1057,2486 923,2504 550,2503"/>
                <Baseline points="555,2538 583,2538 612,2537 640,2537 669,2537 698,2537 726,2537 755,2537 784,2537 812,2537 841,2537 870,2538 898,2538 927,2538 956,2538 984,2540 1013,2540 1042,2540 1070,2541 1099,2541 1128,2543"/>
                <TextEquiv>
                    <Unicode>ARTICVLVS II</Unicode>
                </TextEquiv>
            </TextLine>
            <TextLine id="r2l61" custom="readingOrder {index:56;}">
                <Coords points="465,2645 854,2636 1160,2669 1175,2612 777,2608 728,2571 624,2609 465,2592"/>
                <Baseline points="470,2633 506,2633 543,2631 580,2631 617,2631 653,2631 690,2630 727,2631 764,2631 801,2631 837,2631 874,2633 911,2633 948,2634 985,2634 1021,2636 1058,2637 1095,2638 1132,2640 1169,2640"/>
                <TextEquiv>
                    <Unicode>Vtrum quilibet homo de necessitate prae¬</Unicode>
                </TextEquiv>
            </TextLine>
            <TextLine id="r2l62" custom="readingOrder {index:57;}">
                <Coords points="555,2691 582,2706 647,2688 1094,2694 1094,2647 1047,2663 950,2645 788,2659 709,2642 556,2646"/>
                <Baseline points="561,2684 587,2682 613,2682 640,2682 666,2682 692,2682 719,2681 745,2681 771,2681 798,2681 824,2681 850,2681 877,2681 903,2682 929,2682 956,2682 982,2683 1008,2684 1035,2684 1061,2685 1088,2685"/>
                <TextEquiv>
                    <Unicode>cepti teneatur ad matrimonium</Unicode>
                </TextEquiv>
            </TextLine>
            <TextLine id="r2l63" custom="readingOrder {index:58;}">
                <Coords points="693,2740 946,2739 947,2696 922,2705 871,2694 832,2703 812,2689 787,2707 743,2698 694,2702"/>
                <Baseline points="699,2729 725,2730 752,2732 779,2732 806,2733 833,2733 860,2733 887,2732 914,2732 941,2733"/>
                <TextEquiv>
                    <Unicode>contrabendum</Unicode>
                </TextEquiv>
            </TextLine>
            <TextLine id="r2l64" custom="readingOrder {index:59;}">
                <Coords points="413,2890 1238,2900 1239,2854 414,2836"/>
                <Baseline points="419,2867 459,2867 500,2867 541,2867 581,2867 622,2868 663,2868 703,2868 744,2870 785,2870 826,2871 866,2871 907,2873 948,2873 988,2874 1029,2875 1070,2876 1110,2877 1151,2878 1192,2879 1233,2879"/>
                <TextEquiv>
                    <Unicode>QVANTVM ad tertium articulum pono duas con</Unicode>
                </TextEquiv>
            </TextLine>
            <TextLine id="r2l65" custom="readingOrder {index:60;}">
                <Coords points="514,2917 532,2919 540,2914 553,2921 578,2915 608,2925 625,2916 649,2926 671,2916 671,2891 664,2893 646,2882 599,2883 584,2875 558,2875 547,2881 537,2874 514,2879"/>
                <Baseline points="519,2904 548,2904 577,2904 607,2904 636,2904 666,2904"/>
                <TextEquiv>
                    <Unicode>clusiones.</Unicode>
                </TextEquiv>
            </TextLine>
            <TextLine id="r2l67" custom="readingOrder {index:61;}">
                <Coords points="426,2955 1238,2978 1239,2930 1216,2923 427,2908"/>
                <Baseline points="432,2942 472,2943 512,2943 552,2943 592,2943 632,2945 672,2945 712,2945 752,2946 792,2946 832,2948 872,2948 912,2949 952,2949 992,2951 1032,2952 1072,2952 1112,2954 1152,2955 1192,2957 1233,2957"/>
                <TextEquiv>
                    <Unicode>Prima est, quod homines quandoque tenebantur de</Unicode>
                </TextEquiv>
            </TextLine>
            <TextLine id="r2l68" custom="readingOrder {index:62;}">
                <Coords points="393,2990 1244,3006 1236,2964 393,2953"/>
                <Baseline points="398,2981 440,2981 482,2981 524,2981 566,2982 608,2982 650,2982 692,2984 734,2985 776,2986 818,2987 860,2988 902,2990 944,2990 986,2991 1028,2992 1070,2993 1112,2994 1154,2994 1196,2994 1238,2994"/>
                <TextEquiv>
                    <Unicode>necessitate salutis contrahere matrimonium. Quia qui</Unicode>
                </TextEquiv>
            </TextLine>
            <TextLine id="r2l69" custom="readingOrder {index:63;}">
                <Coords points="396,3031 1232,3051 1223,3005 397,2991"/>
                <Baseline points="401,3021 442,3021 483,3021 524,3021 566,3021 607,3021 648,3023 690,3023 731,3024 772,3025 814,3026 855,3027 896,3028 937,3029 979,3030 1020,3032 1061,3032 1103,3033 1144,3034 1185,3035 1227,3035"/>
                <TextEquiv>
                    <Unicode>libet de necessitate salutis, quantum in se est, tenetur ob</Unicode>
                </TextEquiv>
            </TextLine>
            <TextLine id="r2l70" custom="readingOrder {index:64;}">
                <Coords points="391,3070 1231,3090 1211,3048 391,3032"/>
                <Baseline points="396,3059 437,3060 479,3060 520,3060 562,3062 603,3062 645,3062 686,3063 728,3063 769,3064 811,3065 852,3066 894,3066 935,3068 977,3068 1018,3069 1060,3070 1101,3071 1143,3072 1184,3074 1226,3075"/>
                <TextEquiv>
                    <Unicode>seruare illud, quod Deus sibi praecipit: Sed Deus praece¬</Unicode>
                </TextEquiv>
            </TextLine>
            <TextLine id="r2l71" custom="readingOrder {index:65;}">
                <Coords points="397,3120 1223,3139 1236,3089 397,3078"/>
                <Baseline points="402,3102 443,3102 484,3102 526,3102 567,3104 609,3104 650,3105 691,3105 733,3107 774,3107 816,3108 857,3108 898,3110 940,3110 981,3111 1023,3113 1064,3113 1105,3114 1147,3114 1188,3115 1230,3116"/>
                <TextEquiv>
                    <Unicode>pit primis hominibus, vt crescerent, &amp; multiplicarentur</Unicode>
                </TextEquiv>
            </TextLine>
            <TextEquiv>
                <Unicode>Christi, Matth. 10. vbi loquens de matrimoniali coniun
ctione ait, quod Deus coniunxit, homo non separet.
Sed contra istam potest argui sic.
1 Illud, quod per humanum consensum efficitur, hu
ius principalis institutor videtur esse homo, &amp; non Deus
sed matrimonium humano consensu fit, &amp; contrahitur, 
vt patebit infra: ergo &amp;c
2 Praeterea, secundum quod magister hic ait in litera
tunc fuit primo institutum matrimonium, quando dictum
est, hoc nunc os ex ossibus meis, &amp; caro ex carne mea,
propter hoc relinquet homo &amp;c sed ista fuerunt verba
primi hominis, ut patet &amp;en 2. c. ergo &amp;c.
Preterea, non inuenitur, quod Deus aliquid locu
tus sit de spectantibus ad matrimonium, nisi cum dixit
primis hominibus, crescite, &amp; multiplicamini, &amp; replete
terram. Sed per hoc non videtur costituisse matimonium
quia consimilia verba dixit piscibus, &amp; aliis animantib
in quibus tamen Deus non constituit matrimonium,
Ad primum dicendum, licet matrimonium efficiatur
humano concensu, hoc tamen non fit cum exclusione
institutionis diuinae: illa enim exclusa, nullus consensus
humanus sufficeret ad faciendum verum, &amp; legitimum
matrimonium,
Ad secundum dicendum, quod quamuis illa verba es
sent primi hominis pronunciatiue, tamquam preconis
voluntatem, &amp; institutionem Dei pronunciantis: fuerunt
tamen eadem verba, inquantum faciebant ad matrimo
nii institutionem, Dei auctoritatiue tamquam princi¬
pis hominem inspirantis. Et ista videtur esse intentio Chri
sti, Macth. 10 vbi approbando indissolubilitatem matri¬
monii, verba, quibus matrimonium primo fuit institutum
attribuit ips Deo, &amp; non homini, dicens. Qui fecit ho¬
mines ab initio, masculum, &amp; feminam fecit eos, &amp; di-
xit, Propter hoc relinquet homo patrem, &amp; matrem, &amp;
adhaerebit vxori suae, &amp;erunt duo in carne vna. Vnde ist¬
verba fuerunt verba primi hominis, &amp; tamen attribuur
tur Deo, qui institutionem matrimonii his verbis per ho¬
minem pronunciauit. Sicut enim Deus quandoque lo
quitur per prophetam, &amp; sicut rex quandoque loquitur. 
per praeconem, sic instituendo matrimonium Deus lo¬
quebaturper primum hominem
Ad tertium dicendum, quod maior non est vera, vt pa
tet ex iam dictis.
Conclusio secunda est, quod quantum ad personarum
contrahentium determinationem, matrimonium est ab
humana institutione Quia illud quod est ex mandato
ceclesiae, hoc est ex humana institutione: Sed huiusmodi
personarum determinatio sepe est a mandato ecclesiae, 
puta, quod nullus contrahat matrimonium cum aliqua
sibi attinente infra quartum gradum cognationis. In mul
tis enim talibus conditor iuris scilicet Papa potest dispen
sare, ex quo patet, quod a potestate Papae talis prohibi¬
tio, &amp; limitatio videtur emanare: de his tamen magi¬
apparebit infra, quando tractabitur de impedimentis
matrimonii.
ARTICVLVS II
Vtrum quilibet homo de necessitate prae¬
cepti teneatur ad matrimonium
contrabendum
QVANTVM ad tertium articulum pono duas con
clusiones.
Prima est, quod homines quandoque tenebantur de
necessitate salutis contrahere matrimonium. Quia qui
libet de necessitate salutis, quantum in se est, tenetur ob
seruare illud, quod Deus sibi praecipit: Sed Deus praece¬
pit primis hominibus, vt crescerent, &amp; multiplicarentur</Unicode>
            </TextEquiv>
        </TextRegion>
        <TextRegion orientation="0.0" id="r3" custom="readingOrder {index:1;}">
            <Coords points="1280,190 1280,3180 2160,3180 2160,190"/>
            <TextLine id="r3l2" custom="readingOrder {index:0;}">
                <Coords points="1324,287 2161,295 2161,239 1324,245"/>
                <Baseline points="1329,278 1370,278 1411,279 1453,279 1494,279 1535,279 1577,279 1618,279 1659,279 1701,278 1742,278 1783,278 1825,278 1866,278 1907,278 1949,278 1990,278 2031,279 2073,279 2114,281 2156,282"/>
                <TextEquiv>
                    <Unicode>ficens, Crescite, &amp; multiplicamini, &amp;c. Et eodem modo</Unicode>
                </TextEquiv>
            </TextLine>
            <TextLine id="r3l3" custom="readingOrder {index:1;}">
                <Coords points="1324,325 2164,330 2164,303 2110,288 1324,294"/>
                <Baseline points="1329,317 1370,317 1412,318 1453,318 1495,318 1536,318 1578,318 1619,318 1661,318 1702,317 1744,317 1785,317 1827,317 1868,317 1910,317 1951,317 1993,317 2034,318 2076,318 2117,320 2159,321"/>
                <TextEquiv>
                    <Unicode>praecepit Noe, &amp; filiis suis, ueno ergo saltem Deus im¬</Unicode>
                </TextEquiv>
            </TextLine>
            <TextLine id="r3l4" custom="readingOrder {index:2;}">
                <Coords points="1323,376 2153,368 2153,335 2041,325 1323,334"/>
                <Baseline points="1328,357 1371,357 1414,357 1457,357 1500,357 1543,357 1586,357 1629,357 1672,357 1715,357 1759,356 1802,356 1845,356 1888,356 1931,357 1974,357 2017,357 2060,357 2103,359 2147,360"/>
                <TextEquiv>
                    <Unicode>plicite precepit hominibus illorum temporum contra¬</Unicode>
                </TextEquiv>
            </TextLine>
            <TextLine id="r3l5" custom="readingOrder {index:3;}">
                <Coords points="1305,407 2127,411 2158,370 1305,372"/>
                <Baseline points="1310,396 1352,396 1394,396 1436,396 1478,396 1520,396 1562,396 1605,396 1647,395 1689,395 1731,395 1773,395 1815,395 1857,395 1900,395 1942,396 1984,396 2026,396 2068,397 2110,398 2153,399"/>
                <TextEquiv>
                    <Unicode>here matrimonium, quia non poterant ordinate cresce¬</Unicode>
                </TextEquiv>
            </TextLine>
            <TextLine id="r3l6" custom="readingOrder {index:4;}">
                <Coords points="1315,444 2135,456 2162,446 2162,406 1315,411"/>
                <Baseline points="1320,437 1361,437 1403,435 1445,435 1487,435 1529,435 1571,435 1612,434 1654,434 1696,434 1738,434 1780,434 1822,434 1864,434 1905,434 1947,435 1989,435 2031,437 2073,437 2115,438 2157,440"/>
                <TextEquiv>
                    <Unicode>re, nisi praeuio matrimonio : nam crementum hominum</Unicode>
                </TextEquiv>
            </TextLine>
            <TextLine id="r3l7" custom="readingOrder {index:5;}">
                <Coords points="1315,486 2156,486 2156,453 2060,445 1315,444"/>
                <Baseline points="1320,476 1361,476 1403,476 1444,476 1486,476 1527,476 1569,476 1610,476 1652,477 1693,477 1735,477 1777,477 1818,477 1860,477 1901,477 1943,477 1984,477 2026,477 2067,477 2109,477 2151,479"/>
                <TextEquiv>
                    <Unicode>sine matrimonio esset fornicarium, &amp; per consequens</Unicode>
                </TextEquiv>
            </TextLine>
            <TextLine id="r3l9" custom="readingOrder {index:6;}">
                <Coords points="1318,521 1375,530 1419,523 1437,534 1475,522 1500,533 1534,528 1534,491 1522,495 1505,486 1493,496 1484,489 1449,497 1399,485 1361,493 1318,484"/>
                <Baseline points="1323,515 1348,515 1374,513 1400,513 1426,513 1451,514 1477,515 1503,517 1529,519"/>
                <TextEquiv>
                    <Unicode>inor dinatum.</Unicode>
                </TextEquiv>
            </TextLine>
            <TextLine id="r3l12" custom="readingOrder {index:7;}">
                <Coords points="1342,572 2152,572 2152,537 2054,522 1342,523"/>
                <Baseline points="1347,554 1387,554 1427,554 1467,554 1507,554 1547,554 1587,554 1627,554 1667,554 1707,554 1747,554 1787,554 1827,554 1867,554 1907,555 1947,555 1987,555 2027,555 2067,557 2107,557 2147,558"/>
                <TextEquiv>
                    <Unicode>Forte dicetur, quod istud stare non possit, quia om-</Unicode>
                </TextEquiv>
            </TextLine>
            <TextLine id="r3l13" custom="readingOrder {index:8;}">
                <Coords points="1308,602 2162,615 2162,581 2107,567 1309,561"/>
                <Baseline points="1314,593 1356,593 1398,594 1440,594 1482,594 1524,594 1566,594 1608,594 1650,594 1692,594 1735,594 1777,594 1819,594 1861,594 1903,594 1945,596 1987,596 2029,596 2071,596 2113,596 2156,597"/>
                <TextEquiv>
                    <Unicode>ni tempore semper licuit virginitatem praeeligere ma¬</Unicode>
                </TextEquiv>
            </TextLine>
            <TextLine id="r3l14" custom="readingOrder {index:9;}">
                <Coords points="1308,640 2157,651 2157,613 2095,601 1308,602"/>
                <Baseline points="1313,633 1354,633 1396,633 1438,633 1480,633 1522,633 1564,633 1606,633 1648,633 1690,633 1732,633 1773,633 1815,633 1857,633 1899,634 1941,635 1983,635 2025,635 2067,636 2109,636 2151,638"/>
                <TextEquiv>
                    <Unicode>trimonio: ergo nullo tempore matrimonium cecidit sub</Unicode>
                </TextEquiv>
            </TextLine>
            <TextLine id="r3l15" custom="readingOrder {index:10;}">
                <Coords points="1317,689 2156,686 2136,644 1317,649"/>
                <Baseline points="1322,672 1363,672 1404,672 1446,672 1487,672 1529,672 1570,672 1612,672 1653,672 1695,672 1736,672 1777,674 1819,674 1860,674 1902,674 1943,675 1985,675 2026,675 2068,675 2109,675 2151,675"/>
                <TextEquiv>
                    <Unicode>praecepto Consequentia patet, quia illud numquam de</Unicode>
                </TextEquiv>
            </TextLine>
            <TextLine id="r3l16" custom="readingOrder {index:11;}">
                <Coords points="1316,721 2162,724 2142,681 1316,689"/>
                <Baseline points="1322,714 1363,713 1405,713 1447,713 1489,713 1530,711 1572,711 1614,711 1656,711 1697,711 1739,711 1781,711 1823,711 1864,711 1906,713 1948,713 1990,713 2031,714 2073,714 2115,715 2157,716"/>
                <TextEquiv>
                    <Unicode>bet eligi, quo eligens efficitur praeuaricator praecepti di</Unicode>
                </TextEquiv>
            </TextLine>
            <TextLine id="r3l17" custom="readingOrder {index:12;}">
                <Coords points="1314,759 2127,769 2161,763 2162,726 1314,731"/>
                <Baseline points="1319,750 1360,750 1402,751 1444,752 1486,752 1528,752 1570,752 1611,752 1653,752 1695,752 1737,752 1779,752 1821,752 1863,752 1904,752 1946,753 1988,753 2030,753 2072,755 2114,755 2156,756"/>
                <TextEquiv>
                    <Unicode>uini. Antecedens probatur, quia omni tempore licuit, &amp;</Unicode>
                </TextEquiv>
            </TextLine>
            <TextLine id="r3l18" custom="readingOrder {index:13;}">
                <Coords points="1318,803 2156,813 2156,765 2112,762 1318,759"/>
                <Baseline points="1323,789 1364,790 1405,791 1447,791 1488,791 1530,791 1571,791 1612,791 1654,791 1695,791 1737,791 1778,791 1819,791 1861,791 1902,791 1944,792 1985,792 2026,792 2068,794 2109,795 2151,795"/>
                <TextEquiv>
                    <Unicode>icebit maius bonum praeeligere minus bono: Sed virgi</Unicode>
                </TextEquiv>
            </TextLine>
            <TextLine id="r3l19" custom="readingOrder {index:14;}">
                <Coords points="1306,849 2155,843 2155,814 2101,801 1306,803"/>
                <Baseline points="1311,830 1355,830 1399,830 1443,830 1487,830 1531,830 1575,830 1620,830 1664,830 1708,830 1752,830 1796,830 1840,830 1885,830 1929,830 1973,831 2017,831 2061,832 2105,833 2150,834"/>
                <TextEquiv>
                    <Unicode>nitas est maius bonum, quam matrimonium. Maior pa¬</Unicode>
                </TextEquiv>
            </TextLine>
            <TextLine id="r3l20" custom="readingOrder {index:15;}">
                <Coords points="1317,879 2159,891 2159,846 1317,842"/>
                <Baseline points="1323,869 1364,869 1406,869 1447,869 1489,869 1530,869 1572,869 1613,869 1655,869 1696,869 1738,869 1779,869 1821,869 1862,869 1904,869 1945,870 1987,870 2028,870 2070,872 2111,872 2153,873"/>
                <TextEquiv>
                    <Unicode>t et, quia sicut maius malum est magis fugiedum minus</Unicode>
                </TextEquiv>
            </TextLine>
            <TextLine id="r3l21" custom="readingOrder {index:16;}">
                <Coords points="1308,917 2082,925 2162,915 2162,881 1308,889"/>
                <Baseline points="1313,908 1355,908 1397,909 1439,909 1481,909 1524,909 1566,909 1608,909 1650,909 1692,909 1735,909 1777,909 1819,909 1861,909 1903,909 1946,909 1988,909 2030,909 2072,909 2114,909 2157,909"/>
                <TextEquiv>
                    <Unicode>malo, sic maius bonum est magis eligendum minus bo¬</Unicode>
                </TextEquiv>
            </TextLine>
            <TextLine id="r3l22" custom="readingOrder {index:17;}">
                <Coords points="1306,957 2085,970 2166,960 2166,915 1306,922"/>
                <Baseline points="1311,947 1353,947 1395,947 1438,947 1480,948 1523,948 1565,948 1608,948 1650,948 1693,948 1735,950 1777,950 1820,950 1862,950 1905,950 1947,950 1990,951 2032,951 2075,951 2117,951 2160,951"/>
                <TextEquiv>
                    <Unicode>no. Minor probatur, quia maiori bono in vita presenti</Unicode>
                </TextEquiv>
            </TextLine>
            <TextLine id="r3l23" custom="readingOrder {index:18;}">
                <Coords points="1305,1000 2055,1010 2165,1001 2166,970 1305,961"/>
                <Baseline points="1310,987 1352,987 1395,987 1437,987 1480,987 1522,987 1565,987 1607,988 1650,989 1692,989 1735,989 1777,989 1820,989 1862,989 1905,989 1947,989 1990,989 2032,990 2075,990 2117,990 2160,992"/>
                <TextEquiv>
                    <Unicode>datur maius praemium in vita futura: sed ceteris paribus</Unicode>
                </TextEquiv>
            </TextLine>
            <TextLine id="r3l24" custom="readingOrder {index:19;}">
                <Coords points="1313,1040 2150,1046 2151,1004 1313,1002"/>
                <Baseline points="1319,1029 1360,1028 1401,1028 1442,1028 1484,1028 1525,1028 1566,1028 1608,1028 1649,1028 1690,1028 1732,1028 1773,1028 1814,1028 1855,1028 1897,1029 1938,1029 1979,1029 2021,1029 2062,1029 2103,1029 2145,1029"/>
                <TextEquiv>
                    <Unicode>tunc virginibus datur in vita futura maius praemium,</Unicode>
                </TextEquiv>
            </TextLine>
            <TextLine id="r3l25" custom="readingOrder {index:20;}">
                <Coords points="1312,1082 2149,1087 2149,1044 2121,1036 1312,1047"/>
                <Baseline points="1317,1067 1358,1067 1399,1067 1441,1067 1482,1067 1523,1067 1565,1067 1606,1067 1647,1067 1689,1067 1730,1067 1771,1067 1813,1067 1854,1067 1895,1067 1937,1067 1978,1068 2019,1068 2061,1068 2102,1070 2144,1071"/>
                <TextEquiv>
                    <Unicode>quam coniugatis, vt omnes doctores testantur: ergo &amp;c</Unicode>
                </TextEquiv>
            </TextLine>
            <TextLine id="r3l26" custom="readingOrder {index:21;}">
                <Coords points="1326,1114 2165,1116 2165,1087 2105,1080 1326,1086"/>
                <Baseline points="1331,1106 1372,1106 1413,1106 1455,1106 1496,1106 1538,1106 1579,1106 1621,1106 1662,1106 1704,1106 1745,1106 1786,1106 1828,1107 1869,1107 1911,1107 1952,1107 1994,1107 2035,1107 2077,1109 2118,1109 2160,1109"/>
                <TextEquiv>
                    <Unicode>2 Preterea, Abel non fuit transgressor diuini praece¬</Unicode>
                </TextEquiv>
            </TextLine>
            <TextLine id="r3l27" custom="readingOrder {index:22;}">
                <Coords points="1314,1162 2156,1165 2157,1114 1314,1124"/>
                <Baseline points="1319,1146 1360,1146 1402,1146 1443,1146 1485,1146 1527,1146 1568,1146 1610,1146 1651,1146 1693,1146 1735,1146 1776,1146 1818,1148 1859,1148 1901,1148 1943,1148 1984,1148 2026,1148 2067,1148 2109,1148 2151,1148"/>
                <TextEquiv>
                    <Unicode>pti, seu mandati: ergo tempore ipsius Abel matrim onium</Unicode>
                </TextEquiv>
            </TextLine>
            <TextLine id="r3l28" custom="readingOrder {index:23;}">
                <Coords points="1305,1196 2154,1204 2154,1160 2126,1156 1305,1165"/>
                <Baseline points="1310,1184 1351,1184 1393,1184 1435,1184 1477,1184 1519,1185 1561,1185 1603,1185 1645,1185 1687,1185 1729,1186 1770,1187 1812,1187 1854,1187 1896,1187 1938,1187 1980,1187 2022,1188 2064,1188 2106,1188 2148,1187"/>
                <TextEquiv>
                    <Unicode>contrahere non erat de necessitate salutis, &amp; per conse¬</Unicode>
                </TextEquiv>
            </TextLine>
            <TextLine id="r3l29" custom="readingOrder {index:24;}">
                <Coords points="1325,1229 2150,1243 2131,1198 1326,1206"/>
                <Baseline points="1331,1224 1371,1224 1412,1224 1453,1224 1493,1224 1534,1224 1575,1224 1615,1224 1656,1224 1697,1226 1738,1226 1778,1226 1819,1226 1860,1226 1900,1227 1941,1227 1982,1227 2022,1227 2063,1227 2104,1227 2145,1227"/>
                <TextEquiv>
                    <Unicode>uens, non cecidit sub praecepto. Antecedens patet, quia</Unicode>
                </TextEquiv>
            </TextLine>
            <TextLine id="r3l30" custom="readingOrder {index:25;}">
                <Coords points="1313,1270 2162,1276 2162,1248 2087,1233 1313,1240"/>
                <Baseline points="1319,1262 1360,1262 1402,1262 1444,1262 1486,1262 1528,1263 1570,1263 1612,1263 1654,1263 1696,1263 1738,1265 1779,1265 1821,1265 1863,1265 1905,1266 1947,1266 1989,1266 2031,1266 2073,1266 2115,1266 2157,1266"/>
                <TextEquiv>
                    <Unicode>Deus non acceptat sacrificia tramsgressorum suorum madato</Unicode>
                </TextEquiv>
            </TextLine>
            <TextLine id="r3l31" custom="readingOrder {index:26;}">
                <Coords points="1308,1311 1949,1327 2162,1315 2163,1284 1308,1277"/>
                <Baseline points="1314,1301 1356,1301 1398,1301 1440,1301 1482,1302 1524,1302 1566,1302 1609,1304 1651,1304 1693,1304 1735,1305 1777,1305 1819,1305 1861,1305 1904,1305 1946,1306 1988,1307 2030,1307 2072,1307 2114,1305 2157,1305"/>
                <TextEquiv>
                    <Unicode>ru: Sed sacrificium Abel Deus acceptauit, vt patet in Sen¬</Unicode>
                </TextEquiv>
            </TextLine>
            <TextLine id="r3l32" custom="readingOrder {index:27;}">
                <Coords points="1317,1350 2146,1356 2128,1314 1317,1309"/>
                <Baseline points="1322,1341 1365,1341 1408,1341 1451,1341 1494,1343 1537,1343 1580,1343 1623,1344 1666,1344 1709,1344 1753,1344 1796,1346 1839,1346 1882,1346 1925,1346 1968,1346 2011,1347 2054,1347 2097,1347 2141,1347"/>
                <TextEquiv>
                    <Unicode>Probatur consequentia, quia ex quo scriptura nusquam rec</Unicode>
                </TextEquiv>
            </TextLine>
            <TextLine id="r3l33" custom="readingOrder {index:28;}">
                <Coords points="1312,1394 2152,1396 2152,1360 2092,1351 1312,1354"/>
                <Baseline points="1317,1380 1358,1380 1400,1380 1441,1382 1483,1382 1524,1382 1566,1382 1607,1383 1649,1383 1690,1383 1732,1383 1773,1383 1815,1385 1856,1385 1898,1385 1939,1385 1981,1385 2022,1385 2064,1386 2105,1386 2147,1386"/>
                <TextEquiv>
                    <Unicode>tat Abel vxoratum fuisse, ideo non est dubium, quin mor</Unicode>
                </TextEquiv>
            </TextLine>
            <TextLine id="r3l34" custom="readingOrder {index:29;}">
                <Coords points="1315,1427 2150,1442 2150,1406 2033,1394 1315,1401"/>
                <Baseline points="1320,1418 1361,1419 1402,1419 1443,1421 1485,1421 1526,1422 1567,1422 1608,1422 1650,1422 1691,1422 1732,1424 1773,1424 1815,1424 1856,1424 1897,1424 1938,1424 1980,1425 2021,1425 2062,1425 2103,1427 2145,1427"/>
                <TextEquiv>
                    <Unicode>tuus fuerit virgo, &amp; per consequens matrimonium non</Unicode>
                </TextEquiv>
            </TextLine>
            <TextLine id="r3l35" custom="readingOrder {index:30;}">
                <Coords points="1317,1465 2140,1480 2140,1446 2061,1432 1317,1439"/>
                <Baseline points="1322,1460 1362,1460 1403,1460 1443,1460 1484,1461 1525,1461 1565,1461 1606,1461 1647,1461 1687,1461 1728,1461 1769,1463 1809,1463 1850,1463 1891,1463 1931,1463 1972,1463 2013,1463 2053,1463 2094,1464 2135,1464"/>
                <TextEquiv>
                    <Unicode>contraxit: propter quod transgressor fuisset diuini man¬</Unicode>
                </TextEquiv>
            </TextLine>
            <TextLine id="r3l36" custom="readingOrder {index:31;}">
                <Coords points="1313,1514 2146,1522 2147,1488 1314,1470"/>
                <Baseline points="1319,1500 1360,1500 1401,1499 1442,1499 1483,1499 1524,1500 1565,1500 1606,1500 1647,1500 1688,1502 1730,1502 1771,1503 1812,1503 1853,1503 1894,1505 1935,1505 1976,1505 2017,1505 2058,1505 2099,1505 2141,1505"/>
                <TextEquiv>
                    <Unicode>dati, si suis temporibus contractus matrimonialium nu¬</Unicode>
                </TextEquiv>
            </TextLine>
            <TextLine id="r3l37" custom="readingOrder {index:32;}">
                <Coords points="1305,1556 2150,1555 2150,1521 2089,1512 1306,1515"/>
                <Baseline points="1311,1538 1352,1538 1394,1539 1436,1539 1477,1539 1519,1539 1561,1539 1602,1541 1644,1541 1686,1541 1728,1541 1769,1541 1811,1541 1853,1542 1894,1542 1936,1542 1978,1543 2019,1544 2061,1545 2103,1545 2145,1547"/>
                <TextEquiv>
                    <Unicode>ptiarum cecidisset sub praecepto Etsi tempore Abel ma</Unicode>
                </TextEquiv>
            </TextLine>
            <TextLine id="r3l38" custom="readingOrder {index:33;}">
                <Coords points="1305,1592 2129,1599 2142,1562 1305,1556"/>
                <Baseline points="1311,1577 1352,1577 1393,1577 1434,1578 1476,1578 1517,1578 1558,1578 1599,1580 1641,1580 1682,1580 1723,1581 1764,1581 1806,1581 1847,1582 1888,1583 1929,1583 1971,1583 2012,1584 2053,1584 2094,1584 2136,1584"/>
                <TextEquiv>
                    <Unicode>trimonium non erat sub praecepto, sequitur, quod etiam</Unicode>
                </TextEquiv>
            </TextLine>
            <TextLine id="r3l39" custom="readingOrder {index:34;}">
                <Coords points="1299,1623 2139,1630 2139,1599 2104,1592 1299,1592"/>
                <Baseline points="1305,1616 1346,1617 1387,1617 1429,1617 1470,1618 1512,1619 1553,1619 1594,1619 1636,1619 1677,1620 1719,1620 1760,1620 1801,1620 1843,1620 1884,1620 1926,1622 1967,1622 2008,1622 2050,1623 2091,1623 2133,1625"/>
                <TextEquiv>
                    <Unicode>nullo alio tempore sit, vel fuerit sub praecepto, quia sem</Unicode>
                </TextEquiv>
            </TextLine>
            <TextLine id="r3l40" custom="readingOrder {index:35;}">
                <Coords points="1315,1664 2108,1685 2138,1675 2139,1643 1315,1633"/>
                <Baseline points="1320,1655 1360,1656 1401,1656 1441,1656 1482,1657 1523,1658 1563,1658 1604,1658 1645,1659 1685,1659 1726,1660 1767,1661 1807,1661 1848,1661 1889,1662 1929,1662 1970,1662 2011,1662 2051,1662 2092,1662 2133,1662"/>
                <TextEquiv>
                    <Unicode>per homines postea fuerunt magis multiplicati, &amp; per</Unicode>
                </TextEquiv>
            </TextLine>
            <TextLine id="r3l41" custom="readingOrder {index:36;}">
                <Coords points="1299,1702 2144,1711 2125,1675 1300,1676"/>
                <Baseline points="1305,1695 1346,1695 1388,1695 1430,1695 1471,1695 1513,1697 1555,1697 1596,1697 1638,1698 1680,1698 1722,1700 1763,1700 1805,1701 1847,1701 1888,1702 1930,1703 1972,1703 2013,1703 2055,1703 2097,1704 2139,1703"/>
                <TextEquiv>
                    <Unicode>consequens plures inueniebantur, qui sua sponte sine</Unicode>
                </TextEquiv>
            </TextLine>
            <TextLine id="r3l42" custom="readingOrder {index:37;}">
                <Coords points="1312,1756 1929,1754 1950,1727 1895,1709 1312,1711"/>
                <Baseline points="1317,1734 1348,1734 1379,1736 1411,1736 1442,1736 1473,1736 1505,1737 1536,1737 1567,1737 1599,1737 1630,1737 1661,1738 1693,1739 1724,1739 1755,1739 1787,1740 1818,1740 1849,1740 1881,1742 1912,1742 1944,1742"/>
                <TextEquiv>
                    <Unicode>praecepto cogente se nuptiis tradiderunt</Unicode>
                </TextEquiv>
            </TextLine>
            <TextLine id="r3l44" custom="readingOrder {index:38;}">
                <Coords points="1342,1785 2157,1791 2134,1747 1342,1745"/>
                <Baseline points="1347,1775 1387,1775 1427,1775 1467,1776 1507,1776 1548,1776 1588,1777 1628,1778 1668,1778 1708,1778 1749,1779 1789,1779 1829,1779 1869,1781 1909,1781 1950,1781 1990,1782 2030,1782 2070,1782 2110,1782 2151,1782"/>
                <TextEquiv>
                    <Unicode>Ad primum nego antecedens. Ad probationem dice</Unicode>
                </TextEquiv>
            </TextLine>
            <TextLine id="r3l45" custom="readingOrder {index:39;}">
                <Coords points="1309,1822 2100,1845 2153,1827 2154,1793 1309,1781"/>
                <Baseline points="1314,1814 1355,1814 1397,1815 1439,1815 1480,1815 1522,1815 1564,1817 1605,1817 1647,1817 1689,1818 1731,1818 1772,1818 1814,1820 1856,1820 1897,1820 1939,1820 1981,1821 2022,1821 2064,1821 2106,1821 2148,1821"/>
                <TextEquiv>
                    <Unicode>dum, quod minor non estuera, si additur ei omni tempo¬</Unicode>
                </TextEquiv>
            </TextLine>
            <TextLine id="r3l46" custom="readingOrder {index:40;}">
                <Coords points="1300,1863 2155,1884 2155,1844 2114,1835 1300,1827"/>
                <Baseline points="1305,1853 1347,1854 1389,1854 1431,1854 1474,1854 1516,1856 1558,1856 1600,1856 1643,1856 1685,1857 1727,1857 1769,1857 1812,1859 1854,1859 1896,1859 1938,1860 1981,1860 2023,1862 2065,1862 2107,1862 2150,1863"/>
                <TextEquiv>
                    <Unicode>re, sicut additum est in maiori, quia propter paucitatem </Unicode>
                </TextEquiv>
            </TextLine>
            <TextLine id="r3l47" custom="readingOrder {index:41;}">
                <Coords points="1302,1901 2150,1919 2123,1869 1303,1865"/>
                <Baseline points="1308,1892 1349,1892 1391,1893 1433,1893 1475,1893 1517,1893 1559,1895 1600,1895 1642,1895 1684,1896 1726,1896 1768,1896 1810,1896 1852,1898 1893,1898 1935,1899 1977,1899 2019,1901 2061,1901 2103,1902 2145,1904"/>
                <TextEquiv>
                    <Unicode>hominum, &amp; propter necessitatem multiplicandae pro¬</Unicode>
                </TextEquiv>
            </TextLine>
            <TextLine id="r3l48" custom="readingOrder {index:42;}">
                <Coords points="1308,1941 2070,1963 2146,1951 2147,1914 1308,1905"/>
                <Baseline points="1313,1932 1354,1932 1395,1932 1437,1932 1478,1932 1520,1932 1561,1934 1602,1934 1644,1934 1685,1935 1727,1935 1768,1936 1809,1937 1851,1937 1892,1938 1934,1938 1975,1940 2016,1940 2058,1941 2099,1941 2141,1943"/>
                <TextEquiv>
                    <Unicode>is, quandoque virginitas non fuit maius bonum, quam </Unicode>
                </TextEquiv>
            </TextLine>
            <TextLine id="r3l49" custom="readingOrder {index:43;}">
                <Coords points="1301,1985 2144,2003 2135,1952 1302,1948"/>
                <Baseline points="1307,1971 1348,1971 1390,1972 1431,1973 1473,1973 1515,1973 1556,1973 1598,1974 1639,1974 1681,1974 1723,1976 1764,1976 1806,1977 1847,1977 1889,1979 1931,1979 1972,1979 2014,1980 2055,1980 2097,1980 2139,1982"/>
                <TextEquiv>
                    <Unicode>matrimonium Propter quod ait Au. quod celibatus loam</Unicode>
                </TextEquiv>
            </TextLine>
            <TextLine id="r3l50" custom="readingOrder {index:44;}">
                <Coords points="1297,2020 1995,2040 2137,2036 2138,2001 1297,1987"/>
                <Baseline points="1302,2012 1343,2012 1385,2012 1426,2012 1468,2012 1509,2013 1551,2013 1592,2013 1634,2014 1675,2015 1717,2015 1758,2016 1800,2016 1841,2018 1883,2018 1924,2019 1966,2019 2007,2021 2049,2021 2090,2021 2132,2022"/>
                <TextEquiv>
                    <Unicode>nis non est preferendus coniugio Abraae Ad probatio¬</Unicode>
                </TextEquiv>
            </TextLine>
            <TextLine id="r3l51" custom="readingOrder {index:45;}">
                <Coords points="1304,2062 2137,2071 2137,2044 1956,2027 1305,2029"/>
                <Baseline points="1310,2051 1351,2051 1392,2051 1433,2051 1474,2051 1515,2052 1556,2052 1597,2052 1638,2054 1679,2054 1721,2055 1762,2055 1803,2057 1844,2057 1885,2058 1926,2058 1967,2058 2008,2060 2049,2060 2090,2060 2132,2061"/>
                <TextEquiv>
                    <Unicode>nem nego minorem, quia supposita necessitate contra¬</Unicode>
                </TextEquiv>
            </TextLine>
            <TextLine id="r3l52" custom="readingOrder {index:46;}">
                <Coords points="1293,2102 2135,2117 2136,2083 1294,2058"/>
                <Baseline points="1298,2090 1339,2090 1381,2090 1422,2090 1464,2090 1506,2091 1547,2091 1589,2091 1630,2093 1672,2093 1714,2094 1755,2095 1797,2096 1838,2097 1880,2097 1922,2099 1963,2099 2005,2100 2046,2100 2088,2102 2130,2102"/>
                <TextEquiv>
                    <Unicode>hendi propter paucitatem populi Dei, tunc non minus</Unicode>
                </TextEquiv>
            </TextLine>
            <TextLine id="r3l53" custom="readingOrder {index:47;}">
                <Coords points="1305,2139 2147,2155 2147,2121 2075,2109 1306,2111"/>
                <Baseline points="1311,2129 1352,2129 1394,2130 1435,2132 1477,2132 1518,2133 1560,2133 1601,2134 1643,2135 1684,2136 1726,2136 1767,2138 1809,2138 1850,2139 1892,2139 1933,2141 1975,2141 2016,2142 2058,2142 2099,2142 2141,2144"/>
                <TextEquiv>
                    <Unicode>prae miaretur matrimonialis faecunditas, quam virgina¬</Unicode>
                </TextEquiv>
            </TextLine>
            <TextLine id="r3l54" custom="readingOrder {index:48;}">
                <Coords points="1305,2185 1328,2186 1350,2177 1355,2183 1380,2177 1453,2183 1454,2143 1416,2152 1405,2140 1387,2137 1373,2147 1306,2141"/>
                <Baseline points="1310,2169 1337,2168 1365,2168 1392,2169 1420,2171 1448,2172"/>
                <TextEquiv>
                    <Unicode>is castitas</Unicode>
                </TextEquiv>
            </TextLine>
            <TextLine id="r3l55" custom="readingOrder {index:49;}">
                <Coords points="1329,2218 2138,2231 2138,2192 2074,2186 1330,2184"/>
                <Baseline points="1335,2210 1374,2210 1414,2210 1454,2210 1494,2211 1534,2211 1574,2211 1614,2213 1654,2214 1694,2214 1734,2215 1773,2216 1813,2217 1853,2217 1893,2219 1933,2219 1973,2219 2013,2220 2053,2220 2093,2220 2133,2222"/>
                <TextEquiv>
                    <Unicode>Ad secundum, nego consequentiam. Ad probationem</Unicode>
                </TextEquiv>
            </TextLine>
            <TextLine id="r3l56" custom="readingOrder {index:50;}">
                <Coords points="1297,2264 2132,2275 2124,2233 1297,2216"/>
                <Baseline points="1302,2246 1343,2247 1384,2247 1425,2249 1467,2250 1508,2250 1549,2252 1590,2252 1632,2253 1673,2253 1714,2255 1755,2255 1797,2256 1838,2256 1879,2256 1920,2258 1962,2259 2003,2259 2044,2259 2085,2261 2127,2261"/>
                <TextEquiv>
                    <Unicode>dicedum, quod licet praeceptum negatiuum obliget ho</Unicode>
                </TextEquiv>
            </TextLine>
            <TextLine id="r3l57" custom="readingOrder {index:51;}">
                <Coords points="1293,2303 2138,2317 2139,2276 2065,2266 1294,2265"/>
                <Baseline points="1299,2286 1340,2286 1382,2288 1424,2289 1465,2289 1507,2291 1549,2291 1590,2292 1632,2292 1674,2293 1716,2294 1757,2294 1799,2295 1841,2295 1882,2297 1924,2297 1966,2298 2007,2299 2049,2300 2091,2301 2133,2301"/>
                <TextEquiv>
                    <Unicode>minem semper, &amp; ad semper, tamen praeceptum affirma</Unicode>
                </TextEquiv>
            </TextLine>
            <TextLine id="r3l58" custom="readingOrder {index:52;}">
                <Coords points="1290,2333 2134,2364 2126,2312 1291,2301"/>
                <Baseline points="1296,2324 1337,2326 1379,2327 1421,2328 1462,2329 1504,2330 1546,2330 1587,2331 1629,2331 1671,2333 1713,2333 1754,2334 1796,2334 1838,2336 1879,2336 1921,2336 1963,2337 2004,2339 2046,2339 2088,2340 2130,2342"/>
                <TextEquiv>
                    <Unicode>tiuum non obligat ad semper, quamuis obliget semper</Unicode>
                </TextEquiv>
            </TextLine>
            <TextLine id="r3l59" custom="readingOrder {index:53;}">
                <Coords points="1296,2377 2141,2397 2142,2363 1297,2337"/>
                <Baseline points="1302,2364 1343,2366 1385,2367 1427,2367 1468,2369 1510,2369 1552,2370 1593,2370 1635,2370 1677,2372 1719,2372 1760,2373 1802,2373 1844,2375 1885,2375 1927,2376 1969,2377 2010,2378 2052,2379 2094,2381 2136,2382"/>
                <TextEquiv>
                    <Unicode>secundum congruentiam, &amp; opportunitatem temporis, </Unicode>
                </TextEquiv>
            </TextLine>
            <TextLine id="r3l60" custom="readingOrder {index:54;}">
                <Coords points="1293,2415 2138,2430 2123,2392 1294,2373"/>
                <Baseline points="1299,2405 1340,2406 1382,2406 1424,2408 1465,2408 1507,2409 1549,2409 1590,2409 1632,2409 1674,2411 1716,2411 1757,2411 1799,2411 1841,2412 1882,2412 1924,2414 1966,2415 2007,2416 2049,2417 2091,2419 2133,2421"/>
                <TextEquiv>
                    <Unicode>&amp; loci. Cum igitur preceptum Dei, de contrahendo ma</Unicode>
                </TextEquiv>
            </TextLine>
            <TextLine id="r3l61" custom="readingOrder {index:55;}">
                <Coords points="1290,2460 2113,2476 2130,2434 1291,2420"/>
                <Baseline points="1296,2444 1337,2445 1378,2445 1420,2446 1461,2447 1503,2448 1544,2448 1585,2448 1627,2450 1668,2450 1710,2450 1751,2451 1792,2451 1834,2453 1875,2453 1917,2454 1958,2454 1999,2456 2041,2457 2082,2457 2124,2459"/>
                <TextEquiv>
                    <Unicode>trimonio, fuerit affirmatiuum tantum: ideo non teneba</Unicode>
                </TextEquiv>
            </TextLine>
            <TextLine id="r3l62" custom="readingOrder {index:56;}">
                <Coords points="1290,2493 2138,2511 2138,2476 2064,2465 1291,2461"/>
                <Baseline points="1296,2483 1337,2484 1379,2484 1421,2486 1463,2487 1505,2487 1547,2489 1588,2489 1630,2489 1672,2490 1714,2490 1756,2490 1798,2492 1840,2492 1881,2492 1923,2493 1965,2493 2007,2495 2049,2495 2091,2497 2133,2498"/>
                <TextEquiv>
                    <Unicode>tur Abel ad accipiendum vxorem, nisi tanto tempore</Unicode>
                </TextEquiv>
            </TextLine>
            <TextLine id="r3l63" custom="readingOrder {index:57;}">
                <Coords points="1296,2533 2128,2549 2128,2511 2090,2504 1297,2505"/>
                <Baseline points="1302,2522 1343,2523 1384,2525 1425,2526 1466,2526 1507,2528 1548,2528 1589,2528 1630,2529 1671,2529 1712,2529 1753,2530 1794,2531 1835,2531 1876,2532 1917,2532 1958,2533 1999,2534 2040,2535 2081,2537 2123,2538"/>
                <TextEquiv>
                    <Unicode>vixisset, quod congruum, &amp; opportunum hoc sibi fuisset</Unicode>
                </TextEquiv>
            </TextLine>
            <TextLine id="r3l64" custom="readingOrder {index:58;}">
                <Coords points="1288,2572 2095,2592 2134,2587 2135,2548 1288,2534"/>
                <Baseline points="1293,2561 1334,2562 1376,2564 1418,2565 1460,2565 1502,2566 1543,2567 1585,2567 1627,2567 1669,2568 1711,2568 1752,2568 1794,2568 1836,2570 1878,2570 1920,2571 1961,2572 2003,2574 2045,2575 2087,2577 2129,2580"/>
                <TextEquiv>
                    <Unicode>Et quia ante illud temporis occisus fuit a Cain fratro</Unicode>
                </TextEquiv>
            </TextLine>
            <TextLine id="r3l65" custom="readingOrder {index:59;}">
                <Coords points="1290,2616 2144,2635 2145,2584 1290,2572"/>
                <Baseline points="1295,2603 1337,2603 1379,2603 1421,2603 1463,2604 1505,2604 1547,2606 1590,2606 1632,2607 1674,2607 1716,2608 1758,2609 1800,2610 1842,2610 1885,2612 1927,2613 1969,2615 2011,2616 2053,2617 2095,2618 2138,2619"/>
                <TextEquiv>
                    <Unicode>suo: ideo dato, quod virgo decesserit, tamen ex hoc trans</Unicode>
                </TextEquiv>
            </TextLine>
            <TextLine id="r3l66" custom="readingOrder {index:60;}">
                <Coords points="1287,2658 1763,2663 1770,2630 1588,2614 1502,2627 1434,2611 1399,2625 1353,2611 1288,2622"/>
                <Baseline points="1293,2645 1319,2643 1345,2643 1371,2643 1397,2642 1423,2643 1450,2643 1476,2643 1502,2644 1528,2645 1554,2645 1580,2646 1607,2646 1633,2648 1659,2648 1685,2648 1711,2648 1737,2648 1764,2648"/>
                <TextEquiv>
                    <Unicode>gressor diuini mandati non fuit.</Unicode>
                </TextEquiv>
            </TextLine>
            <TextLine id="r3l67" custom="readingOrder {index:61;}">
                <Coords points="1318,2693 2101,2714 2126,2669 1318,2652"/>
                <Baseline points="1323,2681 1362,2681 1402,2682 1442,2684 1482,2684 1522,2684 1562,2685 1601,2685 1641,2685 1681,2687 1721,2687 1761,2688 1801,2688 1841,2689 1880,2690 1920,2691 1960,2691 2000,2693 2040,2694 2080,2696 2120,2697"/>
                <TextEquiv>
                    <Unicode>Conclusio secunda est, quod modernis temporib re¬</Unicode>
                </TextEquiv>
            </TextLine>
            <TextLine id="r3l68" custom="readingOrder {index:62;}">
                <Coords points="1284,2733 2036,2754 2126,2751 2127,2707 1285,2688"/>
                <Baseline points="1289,2718 1330,2719 1372,2720 1413,2721 1455,2722 1497,2723 1538,2724 1580,2724 1621,2725 1663,2726 1705,2726 1746,2727 1788,2727 1829,2729 1871,2729 1913,2730 1954,2732 1996,2733 2037,2735 2079,2736 2121,2738"/>
                <TextEquiv>
                    <Unicode>bus se habentibus ut nuc, nullus tenetur, seu obligatur, </Unicode>
                </TextEquiv>
            </TextLine>
            <TextLine id="r3l69" custom="readingOrder {index:63;}">
                <Coords points="1288,2770 2123,2791 2124,2751 2075,2744 1289,2736"/>
                <Baseline points="1293,2759 1334,2760 1375,2760 1416,2760 1458,2762 1499,2762 1540,2763 1581,2763 1623,2765 1664,2765 1705,2766 1746,2767 1788,2768 1829,2769 1870,2770 1911,2771 1953,2772 1994,2774 2035,2775 2076,2776 2118,2777"/>
                <TextEquiv>
                    <Unicode>vt de facto contrahat matrimonium, quia sicut de subue</Unicode>
                </TextEquiv>
            </TextLine>
            <TextLine id="r3l70" custom="readingOrder {index:64;}">
                <Coords points="1285,2813 2080,2836 2128,2826 2129,2792 1286,2776"/>
                <Baseline points="1290,2798 1331,2798 1373,2799 1414,2799 1456,2801 1498,2802 1539,2802 1581,2804 1623,2804 1664,2805 1706,2805 1748,2807 1789,2807 1831,2808 1873,2810 1914,2811 1956,2812 1998,2813 2039,2814 2081,2816 2123,2817"/>
                <TextEquiv>
                    <Unicode>tio ne parentum habemus praeceptum affirmatiuum, &amp; </Unicode>
                </TextEquiv>
            </TextLine>
            <TextLine id="r3l71" custom="readingOrder {index:65;}">
                <Coords points="1285,2846 2067,2870 2128,2863 2129,2824 1285,2815"/>
                <Baseline points="1290,2837 1331,2837 1373,2838 1414,2840 1456,2840 1498,2841 1539,2842 1581,2843 1623,2844 1664,2844 1706,2846 1748,2846 1789,2847 1831,2849 1873,2849 1914,2850 1956,2852 1998,2852 2039,2853 2081,2855 2123,2856"/>
                <TextEquiv>
                    <Unicode>nihilominus eo tempore, quo pater non indiget, filius non</Unicode>
                </TextEquiv>
            </TextLine>
            <TextLine id="r3l72" custom="readingOrder {index:66;}">
                <Coords points="1278,2886 2128,2904 2121,2862 1279,2852"/>
                <Baseline points="1284,2876 1328,2876 1372,2877 1416,2878 1460,2879 1504,2880 1548,2881 1593,2882 1637,2883 1681,2883 1725,2885 1769,2886 1813,2887 1858,2888 1902,2889 1946,2890 1990,2891 2034,2892 2078,2894 2123,2895"/>
                <TextEquiv>
                    <Unicode>tenetur de facto patri subuenire; sic quamuis de homi¬</Unicode>
                </TextEquiv>
            </TextLine>
            <TextLine id="r3l73" custom="readingOrder {index:67;}">
                <Coords points="1285,2927 2080,2949 2122,2943 2123,2907 1286,2894"/>
                <Baseline points="1290,2915 1331,2916 1372,2916 1414,2918 1455,2918 1496,2919 1538,2921 1579,2921 1620,2922 1662,2924 1703,2924 1744,2925 1786,2925 1827,2927 1868,2928 1910,2928 1951,2930 1992,2931 2034,2931 2075,2933 2117,2934"/>
                <TextEquiv>
                    <Unicode>num multiplicatione, &amp; per consequens de cotrahendo</Unicode>
                </TextEquiv>
            </TextLine>
            <TextLine id="r3l74" custom="readingOrder {index:68;}">
                <Coords points="1282,2966 2123,2994 2124,2948 2100,2942 1283,2928"/>
                <Baseline points="1287,2954 1328,2955 1370,2957 1411,2957 1453,2958 1494,2958 1536,2960 1577,2960 1619,2961 1660,2962 1702,2963 1744,2964 1785,2964 1827,2966 1868,2967 1910,2969 1951,2969 1993,2970 2034,2972 2076,2973 2118,2975"/>
                <TextEquiv>
                    <Unicode>matrimonio Deus dederit praeceptum affirmatiuum, ta</Unicode>
                </TextEquiv>
            </TextLine>
            <TextLine id="r3l75" custom="readingOrder {index:69;}">
                <Coords points="1274,3009 2116,3020 2116,2992 1977,2977 1275,2975"/>
                <Baseline points="1280,2994 1321,2996 1363,2996 1404,2997 1446,2998 1487,2999 1529,3000 1570,3000 1612,3002 1653,3002 1695,3003 1737,3005 1778,3005 1820,3006 1861,3006 1903,3008 1944,3009 1986,3009 2027,3010 2069,3011 2111,3012"/>
                <TextEquiv>
                    <Unicode>men quia pro nunc tot homines sunt, qui voluntarie ma¬</Unicode>
                </TextEquiv>
            </TextLine>
            <TextLine id="r3l76" custom="readingOrder {index:70;}">
                <Coords points="1275,3042 2129,3067 2130,3024 1275,3009"/>
                <Baseline points="1280,3033 1322,3035 1364,3035 1406,3036 1448,3036 1491,3038 1533,3038 1575,3039 1617,3041 1659,3041 1702,3042 1744,3044 1786,3044 1828,3045 1870,3047 1913,3047 1955,3048 1997,3050 2039,3050 2081,3051 2124,3051"/>
                <TextEquiv>
                    <Unicode>trimonium contrahunt, quod mundus quasi repletus est</Unicode>
                </TextEquiv>
            </TextLine>
            <TextLine id="r3l77" custom="readingOrder {index:71;}">
                <Coords points="1282,3085 2030,3115 2117,3102 2118,3069 1283,3044"/>
                <Baseline points="1287,3074 1328,3074 1369,3075 1410,3075 1452,3077 1493,3078 1534,3078 1575,3080 1617,3081 1658,3082 1699,3083 1740,3084 1782,3086 1823,3087 1864,3088 1905,3089 1947,3090 1988,3090 2029,3092 2070,3092 2112,3092"/>
                <TextEquiv>
                    <Unicode>hominibus ideo illi, qui volunt abstinere, pro nunc non</Unicode>
                </TextEquiv>
            </TextLine>
            <TextLine id="r3l78" custom="readingOrder {index:72;}">
                <Coords points="1278,3144 1329,3148 1345,3134 1377,3144 1403,3129 1434,3140 1460,3130 1483,3139 1506,3129 1557,3141 1609,3136 1609,3106 1531,3086 1511,3099 1280,3085"/>
                <Baseline points="1284,3116 1310,3117 1337,3117 1364,3117 1390,3118 1417,3119 1444,3119 1470,3119 1497,3120 1524,3120 1550,3122 1577,3124 1604,3126"/>
                <TextEquiv>
                    <Unicode>tenentur contrahere,</Unicode>
                </TextEquiv>
            </TextLine>
            <TextEquiv>
                <Unicode>ficens, Crescite, &amp; multiplicamini, &amp;c. Et eodem modo
praecepit Noe, &amp; filiis suis, ueno ergo saltem Deus im¬
plicite precepit hominibus illorum temporum contra¬
here matrimonium, quia non poterant ordinate cresce¬
re, nisi praeuio matrimonio : nam crementum hominum
sine matrimonio esset fornicarium, &amp; per consequens
inor dinatum.
Forte dicetur, quod istud stare non possit, quia om-
ni tempore semper licuit virginitatem praeeligere ma¬
trimonio: ergo nullo tempore matrimonium cecidit sub
praecepto Consequentia patet, quia illud numquam de
bet eligi, quo eligens efficitur praeuaricator praecepti di
uini. Antecedens probatur, quia omni tempore licuit, &amp;
icebit maius bonum praeeligere minus bono: Sed virgi
nitas est maius bonum, quam matrimonium. Maior pa¬
t et, quia sicut maius malum est magis fugiedum minus
malo, sic maius bonum est magis eligendum minus bo¬
no. Minor probatur, quia maiori bono in vita presenti
datur maius praemium in vita futura: sed ceteris paribus
tunc virginibus datur in vita futura maius praemium,
quam coniugatis, vt omnes doctores testantur: ergo &amp;c
2 Preterea, Abel non fuit transgressor diuini praece¬
pti, seu mandati: ergo tempore ipsius Abel matrim onium
contrahere non erat de necessitate salutis, &amp; per conse¬
uens, non cecidit sub praecepto. Antecedens patet, quia
Deus non acceptat sacrificia tramsgressorum suorum madato
ru: Sed sacrificium Abel Deus acceptauit, vt patet in Sen¬
Probatur consequentia, quia ex quo scriptura nusquam rec
tat Abel vxoratum fuisse, ideo non est dubium, quin mor
tuus fuerit virgo, &amp; per consequens matrimonium non
contraxit: propter quod transgressor fuisset diuini man¬
dati, si suis temporibus contractus matrimonialium nu¬
ptiarum cecidisset sub praecepto Etsi tempore Abel ma
trimonium non erat sub praecepto, sequitur, quod etiam
nullo alio tempore sit, vel fuerit sub praecepto, quia sem
per homines postea fuerunt magis multiplicati, &amp; per
consequens plures inueniebantur, qui sua sponte sine
praecepto cogente se nuptiis tradiderunt
Ad primum nego antecedens. Ad probationem dice
dum, quod minor non estuera, si additur ei omni tempo¬
re, sicut additum est in maiori, quia propter paucitatem 
hominum, &amp; propter necessitatem multiplicandae pro¬
is, quandoque virginitas non fuit maius bonum, quam 
matrimonium Propter quod ait Au. quod celibatus loam
nis non est preferendus coniugio Abraae Ad probatio¬
nem nego minorem, quia supposita necessitate contra¬
hendi propter paucitatem populi Dei, tunc non minus
prae miaretur matrimonialis faecunditas, quam virgina¬
is castitas
Ad secundum, nego consequentiam. Ad probationem
dicedum, quod licet praeceptum negatiuum obliget ho
minem semper, &amp; ad semper, tamen praeceptum affirma
tiuum non obligat ad semper, quamuis obliget semper
secundum congruentiam, &amp; opportunitatem temporis, 
&amp; loci. Cum igitur preceptum Dei, de contrahendo ma
trimonio, fuerit affirmatiuum tantum: ideo non teneba
tur Abel ad accipiendum vxorem, nisi tanto tempore
vixisset, quod congruum, &amp; opportunum hoc sibi fuisset
Et quia ante illud temporis occisus fuit a Cain fratro
suo: ideo dato, quod virgo decesserit, tamen ex hoc trans
gressor diuini mandati non fuit.
Conclusio secunda est, quod modernis temporib re¬
bus se habentibus ut nuc, nullus tenetur, seu obligatur, 
vt de facto contrahat matrimonium, quia sicut de subue
tio ne parentum habemus praeceptum affirmatiuum, &amp; 
nihilominus eo tempore, quo pater non indiget, filius non
tenetur de facto patri subuenire; sic quamuis de homi¬
num multiplicatione, &amp; per consequens de cotrahendo
matrimonio Deus dederit praeceptum affirmatiuum, ta
men quia pro nunc tot homines sunt, qui voluntarie ma¬
trimonium contrahunt, quod mundus quasi repletus est
hominibus ideo illi, qui volunt abstinere, pro nunc non
tenentur contrahere,</Unicode>
            </TextEquiv>
        </TextRegion>
    </Page>
</PcGts>
