2453 3542
428 304 1271 376 Ipsum secundum aliam partem: & per consequens iden
434 366 1036 425 aliquo modo consumere potest se ipsum
471 390 1281 450 Ad tertium dicendum est ad maiorem, quod quamuis
434 433 1280 489 motus naturaliter conueniens alicui rei conueniat etiam
432 471 1272 529 aliis rebus eiusdem speciei: tamen hoc non est verum di
432 512 1273 563 motu, qui conuenit rei per modum instrumenti moti al
437 551 1276 609 agente supernaturali. Licet enim motus humanae loquela
446 594 1280 647 quandoque conuenerit Asinae, puta tempore Dalaa pro¬
457 626 1274 680 phetae, vt patet. in Nu tamen talis motus non conueni
450 665 1281 724 omnibus Asinis: quia huiusmodi motus non infuit illi
441 708 1279 764 Asinae naturaliter: sed conueniebat ei, vt lingua sua fui
440 746 1285 802 instrumentum Angeli, qui mouebat ipsam. Sed motus ad
450 786 1286 838 omnem differentiam positonis non conueniet illi igni
446 823 1283 880 naturaliter, sed vt est instrumentum diuinae voluntatis
447 863 1286 917 igitur quamuis iste ignis sit eiusdem speciei cum aliis igni¬
441 905 1285 953 bus, tamen sibi conueniet moueri modo praedicto, &
454 951 591 999 non aliis.
492 975 1280 1037 Ad quartum, patet per praedicta iam inducta, quod li¬
446 1024 1289 1071 cet maior sit vera, loquendo de tali operatione, quae con
457 1063 1282 1115 uenit rei naturaliter, & a suis principuis intrinsecis: tami
453 1097 1294 1154 mon est vera de huiusmodi operatione, quae conuenit ei,
447 1147 1105 1193 vt instrumentum est supernaturalis agentis.
499 1171 1298 1225 Ad quintum dicendum, quod illum ignem possumus
445 1215 1295 1271 dupliciter considerare. vno modo, vt vrit corpora, quibus
456 1258 1295 1320 applicatur, & hoc conuenit sibi naturaliter; quia etiam
456 1293 1292 1348 conueniret alteri igni, si huiusmodi corporibus applica¬
453 1338 1286 1385 retur. Alio modo, vt specialiter agit in talia corpora, qua
448 1373 1281 1428 erunt maculata per peccata; & hoc conuenit sibi per su
459 1412 1283 1471 pernaturalem virtutem, mouentem ipsum ignem, tam
453 1460 1288 1513 quam suum instrumentum, & in hoc non conuenit cum
452 1493 1300 1541 aluis ignibus, nec tamen propter huiusmodi supernatura
456 1530 1288 1582 lem vrtutem iste ignis distinguitur specie, vel genere al
456 1568 1304 1624 aliis ignibus, quia talis distinctio est a principio essentiali
455 1607 1292 1656 & intrinseco; haec autem virtus supernaturalis, nec est in
458 1645 1299 1698 trinseca, nec essentialis ipsi igni: quia ista virtus, vel est vo
461 1690 1298 1737 luntas diuina immediate, vel est virtus angelica, applicans
448 1724 1293 1776 hunc ignem talibus locis, quibus Deo placet ipsum ap¬
454 1773 566 1829 plicari.
459 1796 1304 1856 Conclusio tertia est, quod supposita veritate sacrae seri
456 1854 1300 1905 pturae, tunc probabiliter potest dici, quod iste ignis inci¬
465 1882 1292 1942 piat ante iudicium, & duret post iudicium. Quod enin
449 1918 1295 1981 ante incipiat, patet per illud Psal lgnis ante ipsum praece
453 1960 1292 2010 det, & inflammabit in circuitu inimicos eius. Praecedes
461 2000 1292 2054 enim iste ignis ante ipsum Christum venientem ad iudi
461 2041 1297 2095 ciumiquia sicut superius dictum est, omnes homines, qui
458 2087 1301 2129 appropinquante iudicio, viuent super terram, morientur
458 2129 1297 2169 in isto igne, quamuis velociter resuscitentur, veniente
456 2169 1298 2211 Christo: & tunc congregatis ad locum iudicij omnibus
462 2205 1300 2249 hominibus, iste ignis circumdat locum iudicii, & dilatam
459 2234 1292 2285 do se circa illum locum, videtur quasi totum mundun
461 2277 1292 2325 inflammare, & propter hoc dicitur inflammare in circui¬
453 2311 1298 2364 tu inimicos eius, quia ille calor ignis circumstantis, non
454 2351 1299 2408 laedit aliquos de tota illa hominum multitudine, nisi im
471 2399 1288 2440 pios, qui sunt inimici Christi, & ibidem ab ipso ad morti
463 2442 1300 2484 aeternam iudicandi. Idem etiam ignis sequitur iudicium
474 2478 1291 2532 quia prolata sententia contra impios, Christo s. dicente
467 2512 1298 2561 ite maledicti in ignem aeternum, tunt iste ignis tamquam
459 2549 1290 2598 instrumentumexecutiuum sententiae iudicis, a propin
471 2586 1298 2647 quioribus locis circumstantibus concutrens, inuoluer
464 2622 1304 2674 omnes impios, & cum impetu vehementi descendet cum
465 2667 1294 2722 ipsis in infernum. Vnde tunc implebitur verbum domin
468 2702 1289 2761 quo ait, lgnis suceensus est in furore meo, & ardebit vso
471 2744 774 2795 od inferni nouissima
505 2785 1309 2834 Ad argumentum principale dicendum, quod quam¬
515 2835 1294 2876 uis ipsi Apostoli, & alii homines perfecti quando¬
549 2861 1228 2917 que fucrint peccatores, tamen per gratiam
584 2904 1185 2955 Dei in dic iudicim erunt ab omni pecca¬
620 2938 1155 2989 to immunes, & liberi, & hoc suffi¬
685 2979 1109 3030 cit ad saluandum in ip¬¬
751 3016 1118 3070 sis iudicis condi¬
823 3055 1148 3104 tionem.
1473 340 2187 431 DISTINCTIO SLvtii¬
1332 431 2173 506 Aperta huius distinctionis duuisio, m qua iuditis con
1568 496 1918 561 ditiones explicantur.
1626 573 2178 629 OLETETIAM quaeri. Postquam
1635 620 2183 669 Magister determinauit de quibusdam
1640 660 2179 717 pertinentibus ad iudicarium ordinem
1638 700 2188 758 nunc in ista quadragesima octaua di
1642 737 2180 785 stinctione determinat de aliquibus
1642 772 2176 832 specialiter pertinentibus ad ipsum
1641 820 2189 867 iudicem. Et diuiditur in duas partes
1602 853 2189 903 E Quia primo tangit iudicis conditio
1343 895 2170 949 nes intrinsecas. Secundo innuit quasdam eius conditio
1340 931 2191 981 nes extrinsecas, ibi, Putant quidam. Prima in tres. Nam
1343 973 2191 1030 primo ostendit, quod licet Christus vere habeat forma
1335 1009 2186 1062 diuinam, & humanam, tamen iudicando apparebit in for
1332 1060 2188 1099 ma humana, Secundo inquirit, utrum illa forma humana
1335 1088 2186 1139 appareat in indicio glorificata, vel non glorificata. Et ter¬
1337 1130 2186 1184 tio incidenter tangit de Christi potentia, quae est mortuo
1334 1168 2189 1221 rum resuscitatiua: Secunda, ibi, Sed cum in forma humana¬
1336 1207 2198 1268 Tertia, ibi, Et sicut dicitur Christus, Sequitur illa pats, Pu
1341 1249 2194 1305 tant quidam. Et diuiditur in duas partes. Quia primo osten
1334 1289 2182 1335 dit, quomodo Christus ad iudicis locum descendit. Secu
1353 1326 2186 1373 do aliquas scripturas, quae pro tunc verificantur, declarat
1346 1367 2185 1415 & exponit, ibi; veniente aute, Et haec est diuisio, & sentem
1344 1406 2182 1459 tia istius distinctionis in generali, circa quam in speciali
1350 1451 1718 1502 quaero hanc quaestionem,
1631 1525 1920 1613 Quaestio. R
1349 1610 2185 1687 An peracto postremo iudicio corpora coelestia
1350 1683 1991 1731 realiter alterari poterunt
1584 1993 2198 2041 TRVM, completo extremo iudicio, in coe
1599 2039 2206 2084 lestibus corporibus fit aliqua realis alte¬
1598 2080 2002 2130 ratio: Et videtur, quod non
1613 2111 2196 2172 Quia illud, quod non est susceptiuum
1595 2164 2185 2209 peregrinae impressionis, hoc ratione ex
1570 2188 2199 2242 lI tremi iudicii, non potest realiter altera¬
1352 2241 2206 2285 ri. Sed coelum non est susceptinum peregrinae impressio¬
1360 2272 2201 2321 nis: ergo &c. Maior patet: quia nihil realiter alteratur, ni
1355 2314 2196 2357 si vel acquirendo aliquam realem formam, quam prius
1362 2356 2198 2405 non habuit, vel perdendo aliquam realem formam, quam
1368 2395 2183 2447 prius habuit: quorum neutrum contingere potest in illi
1358 2430 2199 2481 quod non est susceptiuum impressionis alienae, seu pere¬
1356 2469 2195 2522 grinae. Etiam minor supponitur esse vera, tam a philoso¬
1353 2512 1883 2567 phis, quam a doctoribus theologiae¬
1401 2542 2195 2589 Contra, illud, quod post iudicium caret aliqua reali dil
1349 2587 2197 2639 positone, quam post habuit, & habet aliquam perfectio¬
1354 2628 2198 2678 nem aliter, quam prius habuit, hoc realiter alteratur. Sed
1361 2671 2200 2718 coelum post iudicium caret &c. Maior patet, Probo mino
1360 2705 2202 2756 rem: quia sicut patet in vltimo. c istius distinctionis, coelum
1365 2747 2207 2799 post iudicium non mouetur, & prius mouetur: ergo post
1350 2785 2196 2830 iudicium caret ista reali dispositione, quae est motus. Et
1362 2826 2205 2879 sicut patet eodem. c. Sol, & Luna, habebunt septemplici¬
1354 2867 2198 2905 ter magis de luce, quam habuerint ante iudicium : ergo
1355 2901 2199 2944 habent post iudicium hanc perfectionem, quae est lux ali
1359 2940 2207 2985 ter, puta, magis intense, quam habuerint ante iudicium¬
1400 2980 2204 3032 Hic primo videndum est, sub qua forma Christus appa
1363 3024 2214 3071 rebit in iudicio, Secundo de ipsius iudicii locali spatio.
1353 3057 2207 3106 Tertio de eiusdem iudicii temporali momento, puta, vtrum
1358 3095 2203 3149 possit ab aliqua creatura sciri certa hora illius iudicii. Et
1359 3134 1798 3200 quarto de principali quaesito.
