2383 3548
416 311 905 392 RESOLVTI O.
230 419 1093 485 Et f in post remo indicio silus christus auctorit aete prapria, veluti
273 475 1085 537 primarius iudex ad iudicandum aderit. Apestoli taenem omnes¬
263 519 1086 575 que perfecti, qui velictii omnibus, secuti sunt tum, tamquam
263 555 1079 615 as essores etus determinarioni annuenter, & cum ipso iunditan¬
263 587 465 635 sti inter erunt.
357 663 933 747 ARTICVLVSI.
234 771 997 847 Qui in extremo iuditio se habeant actue¬
228 858 1070 944 SVANTVM ad primum est aduertendum, quod in
252 917 1071 978 2. hagno, & generali iudicio, quamuis iudex princi
219 962 1074 1017 palis sit tantum vnus, tamen iudices assessores contingit
234 992 1067 1047 esse plures. Et secundum hoc circa praedictum iudicium
217 1040 1083 1102 quod est maxime generale, possumus, quo ad istum articu
225 1071 698 1127 lum, ponere duas conclusiones.
270 1094 1072 1176 Prima est, quod in extremo iudicio nullus purus ho¬
233 1158 1076 1215 mo, sed solus Christus potest iudicare propria auctorita¬
225 1196 1071 1240 te;: ergo nullus purus homo, sed solus Christus, inter o¬
224 1228 1070 1283 mnes filios hominum, hoc poterit. Consequentia patet,
231 1277 1077 1337 quia nullus purus homo est Deus: solus autem Christus
234 1317 1068 1372 inter homines est verus Deus: igitur ab eo, quod soli
229 1347 1062 1411 Deo conuenit, excluditur omnis homo, excepto soli
227 1387 1065 1447 Christo. Patet etiam antecedens, quia iudex principalis
220 1424 1067 1488 iudicans propria auctoritate, debet habere ex se ordina¬
231 1470 1064 1518 riam potestatem super illos, quos iudicat. Sed solus Deus
232 1507 1061 1566 habet ex se ordinariam potestatem super omnes iudicat
231 1543 1074 1602 dos in extremo iudicio. Quia etiam Dominus lesus Chri
226 1584 1067 1637 stus, vt homo est, non habet hanc potestatem per modum
232 1629 1057 1680 iudicis ordinarii, sed magis per modum iudicis delegati
228 1670 1071 1720 quae delegatio satis exprimitur in lo. 5. vbi dicitur, quod
222 1712 1068 1759 pater omnc iudicium dedit filio. Et actuam. 10 vbi dici¬
222 1752 1068 1812 tur de Christo, Ipse est, qui constitutus est a Deo iudex
231 1783 594 1834 viuorum & mortuorum
261 1817 1060 1877 Forte dicetur, quicumque faciunt iudicium, illi, tam¬
231 1869 1067 1912 quam principales iudices, videntur iudicare: sed omnes
225 1910 1059 1960 ancti faciunt istud iudicium, iuxta quod dicitur psal. Vi
218 1942 1061 1999 faciat in eis iudicium, conscriptum gloria haec est omni-
220 1976 453 2031 bus sanctis eius
261 2017 1061 2072 Respondeo, negando maiorem, quia consules, & asses¬
222 2055 1065 2110 sores, ac subdelegati iudices, & multi alii, qui actiue se ha
222 2097 1064 2155 bent in iudicio, quodammodo faciunt iudicium, quorum
223 2146 1061 2202 tamen nullus habet iudicare, tamquam iudex principa¬
219 2175 819 2227 lis, fretus propria, & ordinaria potestate.
264 2213 1061 2264 Conclusio secunda est, quod appellando iudices ipsius
225 2252 1065 2313 iudicis assessores cum indice, iudicantes consulte, & assesso
218 2297 1060 2349 rie, tunc Apostoli, & omnes etiam alii perfecti imitato¬
225 2343 1061 2391 res Christi, in extremo iudicio, tamquam veri iudices;
228 2370 398 2421 iudicabunt.
294 2413 1067 2470 Quia super illo verbo, uos, qui reliquistis omnia,
218 2447 1055 2506 dicit glosa, Qui reliquerunt omnia, & secuti sunt domi-
222 2500 1053 2536 num, hi iudices erunt. Et loquitur de iudicibus, quantun
225 2536 1062 2595 ad extremum iudicium, quia de illo loquitur Christus ibi
227 2568 428 2625 dem in textu.
235 2595 1070 2669 2 Praeterea, de iustis hominibus dicitur, quod iudi¬
228 2641 1057 2701 cabunt nationes, & dominabuntur populis. Et loqui¬
218 2694 1069 2733 tur ibi scriptura de extremo iudicio, sicut patet ex ver¬
225 2728 1059 2784 bis praecedentibus, & sequentibus. Sed Apostoli, & ali¬
228 2774 1070 2813 perfecti imitatores Christi, sunt vere iusti: ergo quilibet
229 2803 1061 2862 homo perfectus in extremo iudicio vere iudicabit, salten
221 2840 550 2896 per modum assessoris.
259 2863 1070 2929 Forte dicetur, quod solus ille debet iudicare, qui no¬
212 2926 1067 2977 uit causam iudicandam, & circumstantias eius: quia vnus¬
223 2972 1067 3022 quisque est bonus iudex eorum, quae cognouit, vt patet
217 3010 1055 3051 1 ethi. Etiam in re dubia non est ferenda certa sententia
216 3042 1057 3101 sicut clamant multa iura, tam ciuilia, quam canonica Sec
215 3080 1065 3138 nullus homo, quamuiscumque perfectus, habet notitiam
214 3127 1058 3179 omnium peccatorum, & omnium circumstantiarum eorum
1122 308 1989 383 cum multa sint peccata in corde humano abscodita, quae
1136 351 1997 425 nullo signo exteriori apparent: ergo nullus purus homo
1132 387 1776 452 potest talium secretorum esse bonus iudex.
1142 432 1980 492 2 Praeterea, in nullo iudicio bene ordinato accusator
1127 464 1982 536 debet esse iudex. Sed viri perfecti in extremo iudicio erunt
1137 513 1980 581 ccusatores peccatorum: ergo non erunt iudices eorum,
1126 546 1976 614 Maior patet de iure communi. Minor autem habetur Sap.
1134 590 1979 657 3. ubi dicitur, Stabunt iusti in magna constantia aduer¬
1118 624 1985 694 sus eos, qui se angustiauerunt, & qui abstulerunt labores
1125 667 1260 710 eorum.
1138 691 1982 768 3 Praeterea, quando iudex est per se sufficientis scien¬
1127 747 1986 815 tiae, & auctoritatis, siue potentiae, tunc non debet assesso¬
1115 784 1982 851 rem habere. Sed Christus illo iudicio est sufficientis au¬
1124 823 1979 887 ctoritatis, siue potentiae, vt patet ex prima conclusione, &
1123 864 1979 926 est infinitae scientiae, quia omnia nuda, & aperta sunt ocu¬
1119 896 1980 966 lis eius, ad quem nobis sermo, sicut ait Apostolus ad Heb
1131 943 1977 1004 . loquens de Christo. Ipse enim est ars omnipotentis Dei,
1119 987 1991 1041 plena rationibus omnium viuentium, vt ait August. 8. de
1116 1026 1992 1091 trin. Et sapientiae eius non est numerus, vt dicitur in psal.
1125 1055 1326 1108 ergo &cetera.
1155 1107 1989 1162 Ad primum, nego minorem: quia omnes perfecti, qui
1118 1129 1973 1206 in examine extremi iudicii erunt assessores Christi, habe
1115 1175 1966 1236 bunt plenam notitiam omnium peccatorum, tunc iudi¬
1116 1217 1973 1281 candorum; nec latebit eos aliqua circumstantia indican¬
1119 1255 1971 1319 da. Nam quamnis talia non possint cognoscere naturali
1122 1297 1970 1362 cognitione, tamenpro nunc huiusmodi omnia cognoscent.
1122 1331 1961 1397 diuina reuelatione. Quod tangens Apostolus ait, Nolite
1117 1376 1970 1439 ante tempus iudicare, quoadvique veniat dominus, qui illu
1119 1417 1966 1471 minabit abscondita tenebrarum, & manifestabit consilia
1109 1458 1970 1516 cordium. Super quo verbo dicit glosa, quod gesta, & cogitata
1115 1487 1971 1563 bona, & mala, tunc nota erunt omnibus: ergo multo ma¬
1116 1535 1886 1589 gis nota erunt perfectis, Christi scilicet assessoribus.
1148 1572 1970 1638 Ad secundum dicendum, quod maior non est vera, quam
1122 1604 1964 1675 do peccatum, de quo agitur in iudicio, est euidens, & ma¬
1112 1651 1967 1713 nifestum, tunc enim iudex non indiget alio accusatore, sed
1121 1689 1958 1754 per seipsum potest reo peccatum suum improperare, & ip
1111 1731 1955 1792 sum, iuxta sua demerita, iudicare Propter quod dicitur in
1109 1765 1957 1822 decretis, quod euidentia patrati sceleris non indiget ac¬
1114 1807 1968 1871 cusatore. Cum igitur, sicut iam dictum est in praedicto iu¬
1109 1844 1964 1911 dicio, omnia peccata, ibi iudicanda, sint nuda, & aperta:
1119 1888 1964 1952 deo illi iudicio non derogatur ex hoc, quod iudex est ac¬
1109 1924 1966 1990 cusator. Propter quod etiam dominus lesus Christus, qui
1106 1958 1958 2018 ibi est summus iudex, per seipsum accusat impios, eorum
1110 1999 1963 2076 impietatem ipsis improperando Matt. 25. vbi ait, Esuriui,
1110 2040 1958 2117 & non dedistis mihi manducare; sitiui, & non dedistis mi¬
1118 2076 1266 2126 hi bibere
1151 2109 1959 2190 Ad tertium dicendum, quod maior non est uera: quia
1106 2156 1949 2231 licet iudex ex se habens sufficientem scientiam, & potern
1116 2195 1958 2263 tiam, non indigeat assessore : ex hoc tamen non habetur,
1116 2244 1962 2300 quin possit, si velit accipere assessorem. Nam quamuiscun
1116 2283 1958 2342 que iudex sit per se sifficiens iudicare, potest tamen ami¬
1107 2317 1964 2385 cum assumere pro assessore, & eum honorare iudiciaria di
1110 2355 1947 2413 gnitate. Et sic etiam Dominus lesus Christus in extreme
1114 2402 1956 2455 iudicio, suos speciales amicos assumit pro assessoribus, non
1110 2436 1962 2497 propter suam indigentiam, sed propter ipsorum assessorum
1113 2475 1582 2534 gloriam omnibus insinuandam
1257 2556 1809 2633 ARTICVLVS II
1185 2637 1886 2740 Qui in existente iudicio se habeant passiue¬
1185 2742 1961 2818 VANTVM ad secundum articulum est aduerten¬
1134 2792 1952 2854 . dum, quod duo sunt actus in quibus extremum iudi¬
1107 2826 1952 2884 cium principaliter consissit; Quorum vnus est discussio
1111 2865 1962 2926 meritorum. Alius est tributio praemiorum. Primus istorum
1119 2902 1953 2961 ictuum est minus vniuersalis, & secundus magis uniuersa
1106 2936 1961 3008 lis Pro quorum declaratione, & ad propositum istius arti
1108 2977 1547 3029 culi, pono duas conclusiones.
1146 3015 1959 3088 Prima est, quod in extremo iudicio aliqui homines non
1103 3043 1851 3111 iudicantur quantum ad meritorum discussionem.
1147 3094 1955 3164 Quia aliquorum merita sunt totaliter mala: ergo tales
1106 3138 1952 3197 non iudicabuntur, quantum ad meritorum discussionem,
