2402 3545
246 268 1101 335 est Deus: quia si secundum quod homo esset Deus, tunc
254 323 1097 370 oporteret, quod quilibet homo esset Deus; Sicut si vso¬
255 359 1091 411 cheles habet tres secundum quod triangulus, oportet
246 402 1095 454 quoe quilibet triangulus habeat tres. Ergo quod soli Dec
264 440 1103 487 conuenit, non debet attribui Christo secudum quod ho¬
262 483 1091 532 mo. Minor patet per August. 10. de ciuit. Dei, vbi ait, qu
259 519 753 568 latria est seruitus soli Deo debita
288 557 1098 608 Contra, imagini humanitatis Christi est exhibenda
241 592 1103 643 latria, ergo videtur quod Christo, secundum quoed homo, sit
242 638 1098 687 exhibenda latria. Hic quattuor sunt videnda. Primo de
253 675 1104 721 eo quod quaeritur. Secundo, vtrum Christo, secundum,
258 721 1104 766 quod homo, sit exhibendus honor duliae : & hoc quantum
250 755 1100 810 ad distinctionem 7. Tertio, vtrum Christus, secundum quod
249 792 1094 841 homo, sit filius Dei adoptiuus. Et quarto, vtrum Chri¬
253 833 1089 884 stus, secundum quod homo est: fuerit ab aeterno praedestina¬
240 870 1017 926 tus. Et hoc quantum ad distinctionem decimam.
463 968 872 1049 RESOLVTIO.
252 1100 1094 1160 aria quidem virtus quaedam moralis, ac quo quo mode xene¬
289 1147 1094 1190 ralis esse declaratur. Dulia vero tultus quidam creaturae de¬
293 1183 1093 1227 bitus diffinitur verum cum chriftus vnicus Dei filius na¬
284 1227 1097 1273 tur alis esse perhibetur, ob multas, quae ad veram adoptio¬
298 1268 1088 1311 nem exiguntur, conditiones, nullo pacto adoptiuus pot est ap
286 1306 1094 1353 pellari, esi secundum quod hemo praedestinatias rite nunci¬
282 1345 387 1406 Ferer.
378 1415 988 1502 ARTICVLVS 1
364 1493 976 1584 trum Cbristus secundum quod homo
465 1568 886 1625 ador andus sit adoratione
630 1615 729 1672 latriae.
336 1690 1100 1744 VANTVM ad primum primo videndum est, quid
370 1741 1094 1788 sit latria, puta vtrum sit virtus. Secundo cui sit
252 1784 1085 1826 exhibenda. Quantum ad primum pono vnam distin¬
262 1820 878 1864 ctionem, deinde triplicem conclusionem.
295 1849 1104 1902 Distinctio est, quod latriae nomen tripliciter potest
259 1897 1100 1945 accipi. Primo modo accipitur pro executione cultus di
252 1937 1095 1984 uini, & sic latria est quidam actus existens in rebus exte¬
258 1980 1096 2020 rioribus. Alio modo accipitur pro ipsa exhibitione talis
249 2014 1092 2058 cultus, & est actus interior existens in nobis. Tertio mo
249 2056 1091 2101 do, pro habitu imperante huiusmodi exhibitionem, ac
258 2097 1097 2142 etiam executionem exteriorem, Primo modo latria non
256 2132 1097 2178 est virtus, sed est materia virtutis. Secundo modo est
256 2173 1094 2219 actus virtutis, & ideo istis duobus modis exclusis ad prae
252 2210 1103 2255 sens quaeritur de tertio, vtrum sit virtus. Ideo iuxta
249 2253 1040 2296 hanc inquisitionem ponam triplicem conclusionem.
300 2289 1098 2345 Prima est, quod latria est virtus. Secunda, quod est vin
262 2329 1091 2389 tus moralis. Tertia, quod aliquo modo est virtus ge¬
267 2368 380 2416 neralis,
300 2393 1097 2454 PRIMAM conclusiouem probo sic. llle habitus, cu
268 2446 1096 2499 us actus cadit sub praecepto legis diuinae, vere est virtus.
252 2484 1091 2530 latria est huiusmodi. Maior patet 5. ethicorum, vbi di¬
262 2527 1099 2567 titur, quod intentio legissatoris est inducere homines
262 2564 1088 2607 ad virtutem. Minor etiam patet: nam cum actus latria
256 2602 1104 2647 sit Dei adoratio, iste actus praecipitur lege diuina tam in
252 2642 1088 2688 libro Deuteronomij, quam in ipso Euanpelio, vbi dici¬
258 2681 1104 2726 tur, Dominum Deum tuum adorabis, & isli soli seruies.
297 2720 1097 2764 2 Praeterea, omnis actus laudabilis, & meritorius
254 2760 1095 2805 est actus virtutis: quia vt patet 1. ethicorum, laus & ho¬
253 2792 1096 2845 nor debentur alicui in testimonium virtutis: sed actus
254 2844 1099 2891 latriae est laudabilis, & meritorius, vt de se patet: ergo &c.
354 2881 1101 2931 Praeterea, virtus est, quae habentem perficit, &
256 2918 1097 2959 opus suum bonum reddit, vt patet 2. ethicorum: sed ha
258 2954 785 3008 bitus latriae est huiusmodi, ergo &c
288 2978 1103 3041 4 Praeterea: ille habitus, qui procedit ex electio¬ ¬
267 3037 1105 3080 ne recta cadens supra debitam materiam cum debitis cir
268 3071 1096 3118 cunstantiis respectu finis, ille inquam habitus est virtus
255 3112 726 3178 latria est huiusmodi : ergo &c
1156 287 1986 351 FoATE dicetur, quod actus reuerentiae est actus
1136 326 1988 393 timoris, qui est donum spiritus sancti, vt patet Isa. 11.
1142 370 1995 423 sed actus latriae est actus reuerentiae, igitur non erit, a¬
1143 405 1991 471 ctus virtutis: quia dona distinguuntur a virtutibus, vt in¬
1146 443 1305 499 fra patebit
1158 482 1974 549 2 Item Magister in littera latriam appellat pietatem
1134 525 1472 583 ergo idem quod prius.
1158 569 1985 623 AD primum igitur respondeo, quod exhibitio reue¬
1142 610 1980 663 rentiae ipsi Deo, prout procedit a dictamine rectae ratio¬
1139 645 1973 706 nis, sic pertinet ad virtutem, quae est latria: sed vt est mo¬
1146 685 1985 740 tio facta a spiritu sancto, sic videtur ad donum timoris per¬
1151 718 1978 786 tinere. Et per idem patet ad secundum: Nam pietas, vt
1150 760 1987 813 consistit in quadam deuotione ad Deum imperata a ra¬
1150 800 1982 868 tione, sic pertinet ad virtutem, quae est latria: sed ut pie¬
1146 846 1982 898 tas dicit quandam beneuolentiam vniuersalem ad omnes
1140 879 1986 936 homines factam immediate a spiritu sancto, sic est donum.
1173 921 1976 985 Secundo dico, quod latria praedicto modo accepta es
1139 955 1977 1021 virtus moralis: quia omnis virtus aut est diuina, puta
1147 995 1982 1052 theologica, aut humana. Si humana, aut intellectualis,
1142 1034 1976 1099 aut moralis. Sed latria est virtus, vt patet prima conclu¬
1140 1074 1977 1131 sione, & non est theologica. Tum quia de virtute cultus
1127 1114 1976 1174 diuini, quam appellamus latriam tractauerunt philoso¬
1151 1152 1976 1204 phi, puta Tullius, nullus autem philosopus habet de¬
1149 1192 1985 1257 terminare de virtutibus theologicis. Tum quia virtus
1152 1231 1973 1295 heologica non solum pro fine, verum etiam pro obiecto
1143 1273 1989 1321 immediato, seu pro materia habet ipsum Deum; latria au
1147 1317 1977 1365 tem habet pro materia opera exteriora Tum quia omnis
1148 1358 1983 1413 virtus theologica est fides, spes, vel caritas: sed latria nul
1141 1389 1980 1447 lum istorum est : ergo &c. Nec est intellectualis; quia il¬
1145 1429 1985 1488 la consistit in consideratione: sed latria in operis exhibi
1146 1465 1742 1518 tione. Ergo relinquitur, quod sit moralis
1170 1506 1979 1568 Sed forte contra minorem dicetur: quod latria sit vir¬
1141 1549 1977 1605 tus theologica. Quia dicit Augu in enchiridi. Si quaeri¬
1146 1585 1981 1638 tur, quomodo colitur Deus, respode:i fide, sne & caritate.
1176 1625 1973 1673 2 Praeterea, vt patet in topicis, si oppositum praedica
1140 1655 1982 1707 tur de opposito, & propositum praedicabitur de propo¬
1146 1703 1974 1763 sito: sed idolatria est infidelitas: ergo latria erit fides, quae
1150 1743 1447 1792 est virtus theologica
1174 1780 1983 1834 3 Praeterea, contra conclusionem sic. Omnis virtus
1147 1812 1982 1874 moralis consistit in quadam medietate inter superfluum,
1140 1861 1973 1912 & diminutum, cum sit habitus electiuus immediate con-
1151 1894 1979 1950 istens, vt patet 2. ethic. Sed Deo non potest exhiberi tan
1146 1942 1980 1999 ta reuerentia per habitum latriae, quin adhuc sit dignus
1143 1984 1983 2031 maiori honore, & reuerentia, iuxta illud. Senedicentes
1146 2018 1980 2071 Deum exaltate eum, quantum potestis, maior est enim
1150 2050 1328 2102 omni laude¬
1176 2082 1974 2149 4 Praeterea, colere Deum, quod est proprius actu
1144 2127 1976 2183 latriae, inest hominibus naturaliter; quia ante omnem
1146 2177 1979 2228 legem homines colebant Deum. Vnde & August. ait, id
1150 2220 1986 2257 est de doctrina Christiana, Omnes hoc Deum esse con¬
1147 2251 1987 2304 sentiunt, quod ceteris rebus omnibus anteponunt. Sed
1150 2292 1977 2348 nulla virtus moralis inest nobis a natura, vt patet 2. ethi
1242 2326 1977 2384 Praeterea, si esset virtus moralis, maxime reducere¬
1150 2367 1975 2419 tur ad iustitiam, cum sit quaedam redditio debiti, sed in¬
1148 2408 1987 2462 ter hominem, & Deum non potest esse iustitia: quia vt
1152 2446 1980 2504 patet s: ethicorum inter Dominum, & seruum, patrem, &
1146 2482 1985 2535 filium, non est iustitia: Deus autem est Dominus noster
1153 2530 1870 2574 gubernatione, & pater noster creatione: ergo &c
1176 2560 1989 2613 Respondeo ad primum, quod fide, spe & caritate dici¬
1147 2606 1985 2651 tur coli Deus, non quod his virtutibus formaliter actus
1146 2644 1980 2697 colendi Deum eliciatur : hoc enim fit habitu latriae: sed
1158 2685 1979 2733 pro tanto: quia vel materialiter concurrunt ad huiusmo¬
1146 2723 1986 2773 di cultum, puta, si bona, & ordinata voluntas per habitum
1151 2766 1985 2818 latriae exhibet actus fidei, spei, & caritatis Deo ad sui glo¬
1156 2800 1983 2859 tiam, & honorem : vel etiam dispositiue, puta, in quan¬
1148 2840 1992 2884 tum ex concursu actuum praedictarum virtutum actus la¬
1143 2884 1800 2927 triae efficitur magis laudabilis, & meritorius
1185 2913 1983 2962 Ad secundum dicendum, quod, cum dicitur, idolatri¬
1157 2955 1985 3010 est infidelitas, non est praedicatio essentialis, sed causalis;
1152 2988 1684 3042 quia infidelitas est causa idolatrandi
1197 3031 1991 3082 Ad tertium dicendum, quod medietas virtutis moralis non com¬
1147 3065 1986 3128 sistit in moderatione solum materiae, vel operationis huma
1142 3113 2001 3179 nae: sed in ipsis circumstantiis, puta, quod fiat, quando opon¬
