2407 3550
312 290 1136 362 Ad 8. dicendum, quod licer maior esset concedenda,
264 345 1126 391 supposito, quod ille motor naturaliter moueret, & ex ni
271 387 1136 430 eessitate naturae, sicut aliqui philosophi intellexerunt de
273 426 1130 471 motore celi:tamen si mouet libere, & contingenter, tuns
278 460 1122 511 non est vera, quia propter sui libertatem. pot a mouendo
273 500 1130 548 & a motione desistere, quandocumque sibi placuerit, vel
270 546 1126 592 quando Deo placuerit, cuius amore mouetur ad mouen¬
273 585 1120 633 dum, quia vt patet. 12. meta, primum mouens mouet a¬
269 612 1127 665 lias intelligentias, Vt desideratum, & amatum. Cum igi¬
270 660 1136 715 tur motor coeli non moueat ex necessitate naturae, sed li
266 694 1127 755 bere propter amorem primi motoris: ideo quamuis non
262 731 1130 795 lassetur, tamen cessabit a motu quandocumque placue
264 785 764 825 rit ipsi Deo, cuius amore mouet
274 818 1115 872 Ad septimum dicendum, quod quamuis lux non mi-
268 860 1136 909 nus, quam motus faciat ad generationem, tamen etiam
264 894 1123 953 facit ad sanorum oculorum magnam delectationem: igi
257 938 1120 998 tur cessante generatione, adhuc debet lux manere, & au
269 975 1114 1031 geri, vt in ipso corporales oculi ipsorum electorum va¬
269 1015 494 1065 leant delectari
291 1052 1121 1098 Ad octauum dicedum, quod quamuis dominus, quam¬
259 1099 1115 1156 tum ad beatitudinem essentialem, sit pro tunc in lucem
257 1138 1114 1191 sempiternam cuilibe: electo, a sempiterno lumine sua
262 1177 1119 1231 essentiae creando lumen gloriae in mentibus beatorum,
261 1220 1112 1268 vt sic impleatur illud psal. Apud te est fons vitae, & in lu¬
267 1252 1103 1305 mine tuo videbimus lumen, & quantum ad hoc, nec sol
258 1301 1112 1345 nec luna illuminet electos, tame n quantum ad delecta.
251 1339 1121 1384 tionem suorum corporalium oculorum, erunt sol, & lu¬
258 1382 1116 1431 na, & omnia coelestia svdera in tua claritate mirabiliter
259 1414 1118 1464 augme tata. Nec etm lsa ibi negat lumen solis, & lunae,
253 1457 1105 1502 sed solum negat modum lucendi, scilicet cum noctis in¬
255 1500 1113 1539 terpositone, quia pro tunc non lucebit solus sol per die
256 1533 1106 1580 ita, quod splendor lunae, & ceterorum Svderum luceas
250 1572 1112 1624 per noctem, sed omnia ista simul lucebunt per die, quia
250 1618 1028 1669 tunc habebimus diem vnam, quae erit sempiterna
289 1659 1110 1702 Ad argumentum principale, dicendum ad minorem,
245 1694 1106 1741 quod licet coelum non possit alterari, & suscipere pere¬
249 1735 1103 1779 grinas impressio nes ab agente naturali, eo, quod in coe¬
249 1778 1105 1818 lo non sit ratio seu potentia seminalis passiua, hoc ta¬
252 1812 1112 1858 men potest ab ipso Deo, eo, quod in coelo sit ratio, seu
246 1851 1119 1912 potentia obedientialis passiua, qua potentia in coelo, &
252 1891 1073 1943 ex coelo omne illud potest fieri, quod placet ipsi Deo¬
330 2004 899 2099 DISTINCTIO. SLIS
267 2107 1076 2185 Dilucida huius distinctionis diuisio in qua de bono
434 2173 911 2238 rum retributione peragitur.
581 2300 1113 2371 OST resurrectionem. Postquam Ma
585 2365 1113 2417 gister determiauit de extremi iudi
594 2404 1115 2458 ij disceptatione, tunc in istis duab¬
587 2449 1114 2498 vltimis distinctionibus tractat de
576 2480 1118 2531 iudicatorum remuneratione. Et di
583 2528 1113 2576 uiditur in duas partes, quia primo
590 2564 1118 2614 determinat de retributione bono¬
574 2605 1109 2650 rum. Secundo de retributione ma¬
239 2637 1100 2683 lorum distinctione vltima, ibi, Hic oritur quaestio Prim;
233 2683 1109 2730 in duas, quia primo tractat de communi beatitudine
235 2719 1109 2770 om ium. Secundo de differentia beatitudinis post, & an
237 2769 1100 2804 te iudicium, ibi, Post haec quaeri solet. Prima in duas, qui¬
249 2808 1106 2852 primo tractat de electorum beatitudine in generali. Se
246 2838 1106 2893 cundo de partibus peatitudinis in speciali, ibi, colet etiam
246 2875 1098 2932 queri, vtrum aliquid de Deo. Prima pars est praesenti
244 2918 1104 2971 lectionis: Et diuiditur in duas partes, quia primo osten¬
245 2957 1101 3008 dit, quomodo tam poene, quam gloriae est dispar partici¬
241 2996 1096 3048 patio, Secundo quomodo respectu heatitudinis, est on
239 3039 1103 3086 nium conis appetitus, & affectatio, ibi, Solet etiam quaeri de
239 3075 1100 3130 beatitudine. Prima in duas, nam primo ostendit in gloria
242 3114 1106 3167 beatorum esse distinctionem, Secundo hoc declarat a si¬
241 3166 1116 3223 mili per corporum glorificationem, ibi. Nam sicut crit
1175 297 2027 379 differens. Et in hoc stat diuisio, & sententia istius electio
1180 357 1865 422 nis in generali, circa quam quaero in speciali.
1471 437 1733 505 Quaestio 1.
1214 521 1977 602 An dotes corporis glorificati sint quattuor.
1163 836 2027 893 VTRVM quattuor sint dotes corporis glorificati¬
1164 876 1622 928 VVidetur, quod non.
1183 921 2019 976 1 Quia cetpus non debet pluribus modis decorari,
1169 961 2025 1006 quam anima: Sed animae solum sunt tres dotes, ipsam de
1166 999 2022 1039 corantes, & perficientes: ergo &c. Maior patet, quia an¬
1158 1036 2013 1095 cilla non debet pluribus modis decorari, quam regina
1164 1072 2018 1122 Sed corporalis natura tenetur obedire animae, sicut an¬
1158 1113 2016 1160 cilla obligatur ad obediendum reginae. Patet etiam mi
1151 1146 2015 1216 nor, quia dotes animae sunt solum tres. s.visio, dilectio, &
1163 1199 1680 1238 comprehensio, sicut infra dicetur
1200 1235 2022 1288 In contrarium est Magister, & ceteri sancti doctores,
1160 1270 2028 1325 qui ponunt quattuor esse dotes corporis glorificati sicla
1157 1316 1986 1358 ritatem, impassibilitatem, agilitatem, & subtilitatem.
1167 1352 2022 1403 Quia magister in prima parte istius lectionis declarat
1164 1395 2021 1437 animarum beatitudinem per corporum glorificationem,
1156 1430 2024 1476 ideo in ista questione praecise intendo tractate de dotib¬
1165 1466 2021 1522 quibus corpora beatorum glorific antur, vt deinceps in
1152 1516 2014 1555 sequentibus lectionibus videatur, qualiter beatorum a¬
1160 1549 1996 1600 nimae in talibus glorificatis corporibus beatificantur,
1161 1586 2014 1631 Erunt igitur in ista quaestione quattuor articuli, secun¬
1155 1634 2004 1672 dum quattuor praedictas dotes corporis glorificati. It a
1161 1667 2018 1721 quod primus articulus erit de huiusmodi corporis clari¬
1160 1715 1992 1767 tate. Secundus, de impassibilitate. Tertius de agilitate,
1158 1747 1538 1802 Et quartus de subtilitate.
1290 1860 1788 1935 RES OLVTIO.
1152 1974 2003 2023 Defunctorum quidem vesurrectione peracta, viuentium corpora
1194 2018 2015 2057 clavistima lucidissimaque, ac impassibilia splendelcent, quorum
1179 2058 2008 2104 lant splendor non glorificatis etiam oculis haud erit vsquequa
1201 2097 2003 2142 que inuisibilis. Itidem agillima, quoque, atque subt ililsima e¬
1191 2131 2006 2179 runt ut cuncta scandent cerpora, atque ad Empireum coelum
1188 2169 1462 2230 vsque penet rabunt.
1312 2252 1898 2314 ARTICVLVS I
1300 2331 1842 2412 De corporis glorificati claritate.
1213 2457 2005 2531 VANTVM ad primum pono duas conclusiones.
1284 2524 2006 2573 Prima est, quod post resurrectionem mortuo¬
1145 2562 2003 2611 rum corpora electorum erunt maximae claritatis, & luci
1161 2601 1467 2656 dissimae refulgentiae.
1167 2644 2009 2689 1 Quia inter omnes corporales creaturas, quas pro
1155 2680 1997 2726 nunc consueto modo videmus, nihil est lucidius Sole¬
1155 2726 2006 2769 Sed corpora beatorum fulgebunt sicut Sol: ergo erunt
1149 2761 2000 2805 summae claritatis, & luc iditatis. Maior patet Et minor
1158 2798 1997 2849 habetur tessimonio saluatoris in Matth. vbi ait, Tunc iu
1146 2849 1997 2887 sti fulgebunt, sicut sol in regno patris eorum. Habetur
1147 2876 1997 2930 etiam ista minor in Sap. vbi dicitur, Fulgebunt iusti, &tam
1157 2918 2006 2968 quam scintillae in arundineto discurrent, &c. vbi dicit quae
1157 2958 1996 3016 dam glosa, quod iusti fulgebunt sicut sol, & non solum si
1146 3005 2006 3049 cut sol nunc fulget: sed sicut tunc fulgebit, quando
1152 3036 1994 3081 iuxta lsaiae vaticinium, lumen solis augebitur septem¬
1154 3077 1274 3127 pliciter.
1252 3083 2000 3160 Praeterea, Movses adhuc existens in mortali cor¬
1152 3167 2007 3214 pore ex consortio iermonis domini in monte Sinai ha¬
