2384 3554
218 264 1062 330 vt circumscribens locatum, & vt ex sua circumscriptione
217 324 1043 373 resultat vbi, vere potest dici terminus motus: sic &c
240 369 1066 414 Ad Argumentum pincipale dicendum, quod maior
223 405 1064 452 non est vera: quia vnum relatiue oppositorum nec re, nec
213 443 1068 492 intellectu potest separari ab altero, & tamen differt ab
219 477 1070 524 eo. Item propria passio differt a suo subiecto, & tamen
219 521 1071 568 non potest separati ab eo. Item posterius differt a priori,
218 552 413 611 & tamen &c.
300 640 976 695 DISTINCTIONEM VI. ET VII.
207 724 1055 814 compendiosa, atque non obscura harum distinctioni
259 789 998 858 duusio, in quibus de consequentibus diuinam
402 840 865 914 vnionem pulcbre peragitur.
441 987 1057 1041 PRAMISSIS AVTEM, Postquam
466 1031 1055 1077 Magister determinauit de quibusdam
467 1075 1060 1121 quae vnionem humanae naturae, & diui¬
464 1104 1055 1158 nae naturae in persona verbi concomitam
471 1150 1063 1199 tur, hic prosequitur de his, quae huius¬
459 1190 1058 1239 modi vnionem consequuntur, & diui¬
211 1226 1055 1280 ditur in tres partes, nam primo pertractat quaedam quae
207 1265 1057 1318 consequuntur terminum ipsius vnionis. Secundo prose¬
213 1306 1051 1358 quitur de his, quae consequuntur naturas vnitas myste¬
210 1350 1048 1399 rio ipsius incarnationis, ibi, Post praedicta inquiri debet
213 1383 1058 1433 Circa primum est aduertendum, quod Magister hic in¬
215 1424 1045 1478 quirit, quid intelligi debet his locutionibus, cum dici
210 1465 1060 1512 tur, Deus factus est homo, filius Dei factus est filius ho¬
207 1508 1052 1552 minis, Deus est homo, homo est Deus, & consimilibus
204 1540 1057 1590 Et circa hoc duo facit: nam de praedictis mouet questio¬
209 1584 1051 1631 nem. Secundo circa materiam illius quaestionis recitas
219 1627 1048 1671 triplicem antiquorum opinionem,. Secunda ibi, Alij enin
215 1670 1058 1713 dicunt &c. Et haec in duas: nam primo recitat praedictas
209 1708 1054 1759 opiniones. Secundo iuxta has tres opiniones, assignat ad
216 1745 1057 1794 quaestionem tres differentes responsiones ibi, Secundum
212 1785 1045 1835 primam vero. Prima in tres, secudum quod tres sunt ian
213 1828 1048 1868 dictae opiniones, Secunda ibi, sunt autem alij. Tertia ibi
213 1857 1052 1912 Sunt etiam & alij. Quaelibet istarum trium, partium di¬
209 1898 1049 1949 aiditur in duas partes, secundum, quod primo ponitur
212 1935 1045 1991 opinionis recitatio. Secundo recitatae opinionis confi¬
209 1973 1057 2031 matio. Et partes patent. Sequitur illa pars, eccundum pri
210 2017 1055 2065 mam vero, quae est principium 7. distinctionis, in qua
206 2050 1049 2113 Magister istorum opinantium ad quaestionem praedictam
204 2096 1051 2144 assignat distinctas responsiones. Et diuiditur in duas par¬
208 2131 1052 2187 tes; nam primo ponit vt dictum est triplicem responsio¬
207 2177 1051 2224 nem. Secundo inter praedictas opiniones, & opinantium
201 2203 1054 2262 responsiones prudenti lectori committit electionem ibi
203 2248 1051 2300 Satis diligenter &c. Prima intres; nam primo ad quae¬
206 2287 1060 2341 stionem praedictam respondet secundum opinionem pri
204 2341 1057 2385 mam. Secundo iuata secundam. Et tertio penes opinio¬
204 2374 1046 2416 nem tertiam. Secunda ibi, In secunda vero sententia
212 2408 1055 2462 Tertia ibi, In hac ergo sententia &c. Et quaelibet istarum
209 2448 1049 2504 potest diuidi in tres partes, secundum quod primo poni¬
206 2486 1052 2538 tur responsio, Secundo contra responsionem inducitur obio
206 2528 1044 2579 ctio. Tertio adducitur obiectionis solutio. Et partes pa
207 2564 1013 2616 tent. Circa has distinctiones quaero hanc quaestionem
429 2647 761 2719 Quaestio s.
345 2721 1046 2816 An in Christo sint duo supposita.
263 3064 1048 3137 ETRVM in Christo sint duo supposita. Et videtui
228 3098 1047 3174 V. quod sic. Quia in quocunque est verus Deus,
1116 283 1968 341 verus homo, in illo sunt vere duo supposita, diuinum: s¬
1119 326 1966 381 & humanum: sed Christus est verus Deus, & verus ho¬
1113 366 1961 413 mo. Maior patet, quia sicut verus Deus vel dicit, vel im¬
1110 407 1960 473 plicat suppositum diuinum, sic verus homo suppositum hu¬
1105 457 1956 499 manum. Minorem autem tenemus ex catholica fide, cum
1112 485 1959 546 Christus sit perfectus Deus & perfectus homo ex anima
1110 531 1665 574 rationali & humana carne subsistens
1119 558 1968 614 CONTRA distincta supposita suarum proprietatum.
1113 599 1956 656 idiomata sibi mutuo non communicant: sed idiomata
1112 640 1956 700 Christo conuenientia secundum humanitatem predicam
1110 686 1959 739 tur de Deo, quia dicitur Deus paisus, & mortuus, & e
1109 726 1959 781 conuerso : ergo &c. Hic quattuor sunt videnda. Primo,
1103 768 1956 814 vtrum suppositum, & natuia in creaturis realiter differat.
1110 799 1946 856 Secundo de eo quod quaeritur. Et hoc quantum ad sex
1103 839 1962 897 tam distinctionem. Tertio videndum est vtrum haec pro¬
1123 888 1950 932 osirio sit vera, Deus factus est homo. Et quarto, vtrum
1105 922 1953 986 haec sit vera, Deus est homo. Et hoc quantum ad distin¬
1098 956 1406 1002 ctionem septimam.
1281 1067 1776 1131 RE SOLVTIO.
1098 1152 1952 1219 Suppositum, & natura in creaturis vealiter differunt, non ta¬
1137 1200 1951 1266 men suppositum includit in se vem aliquam intrinsece, quam
1133 1242 1959 1305 nan includat natura : verum, cum in christo plura non repe¬
1136 1280 1947 1348 riantur supposita: se naturae, catholice asserimus, Deum sa¬
1127 1313 1640 1377 ctum esse hominem, hominem Deum.
1245 1386 1832 1476 ARTICVLVS 1
1181 1499 1950 1548 VANTVM ad primum primo pono hanc con¬
1119 1542 1955 1584 lusionem, quod suppositum & natura in creaturis
1110 1582 1950 1636 realiter differunt. Secundo ostendam per quid differant.
1105 1614 1948 1667 Et tertio adducam oppositarum opinionum motiua, &
1104 1657 1959 1716 ipsis respondebo. CONCLVSIONEM primam
1099 1694 1247 1750 probo sic¬
1140 1734 1961 1788 Si in creaturis suppositum, & natura essent idem realiter,
1102 1782 1955 1828 a quocunque assumeretur natura, ab eodem assumeretur
1099 1817 1950 1862 suppositum consequens est falsum, vt patebit in 2 artic.
1122 1855 1947 1898 2 Praeterea, si non differrent realiter, tunc natura in ab¬
1094 1891 1958 1937 stracto praedicaretur de supposito consequens est falsum:
1104 1937 1942 1986 ergo & antecedens Consequentia patet, quia sicut ista
1102 1975 1955 2019 est vera, Deus pater est deitas propter identitatem realem,
1111 2009 1947 2059 quae est diuinae naturae ad diuinum suppositum, sic eadem
1098 2053 1952 2106 ratione haec esset vera, homo est humanitas, vel Sortes
1110 2087 1322 2140 est humanitas
1127 2128 1942 2184 3 Praeterea, in rebus creatis agens, & illud, quod est si¬
1106 2171 1946 2210 bi ratio agendi, realiter differunt: ergo & in rebus increa
1107 2205 1946 2254 tis suppositum, & natura realiter differunt Consequentia
1112 2253 1943 2293 patet: quia in rebus creatis suppositum est agens; natu¬
1108 2289 1943 2333 ra vero est sibi ratio agendi. Antecedens probo: quis
1099 2330 1940 2373 agens est de genere causae efficientis; ratio autem agen
1100 2364 1949 2414 di est de genere causae formalis; efficiens autem, & forma
1099 2408 1943 2454 non coincidunt in idei numero, vt patet 2. physicorum.
1097 2444 1943 2494 si enim coipciderent, tunc non essent quattuor genera
1094 2480 1256 2544 causarum.
1139 2518 1949 2564 SECVNDO dico, quod suppositum creatum sic
1098 2559 1946 2606 differt a natura, quod tamen non includit in se rem ali¬
1105 2607 1938 2655 quam intrinsece, quam non includat natura: sed tantum
1095 2641 1940 2688 modo modum rei, puta, modum per se essendi, quem con¬
1100 2679 1936 2727 sequitur ex hoc, quod ad esse suae actualis existentiae tali¬
1102 2717 1936 2759 ter coniungitur, quod alteri supposito in subsistendo nm
1100 2758 1948 2801 innititur, quia taliter debemus suppositum ponere esse
1107 2799 1944 2840 constitutum, quod ipsum sit ens per se praedicamenti sub
1104 2835 1946 2887 stantiae, & tamen realiter differata natura, cuius est sup¬
1107 2884 1945 2925 positum sed haec omnia saluamus ponendo suppositum
1103 2922 1937 2964 creatum constitui per modum essendi per se sortitum ex
1098 2952 1942 2996 tali coniunctione naturae ad esse actualis existentiae, quod
1094 2994 1909 3041 ipsa natura alieno supposito non innitatur: ergo &c
1095 3030 1951 3078 Maior patet: quia eo ipso, quod omne creatum supposi¬
1101 3068 1958 3113 tum recipit per se praedicationem substantiae, necesse est,
1104 3108 1943 3171 quod sit ens per se praedicamenti substantiae, & non ens por
