2400 3540
392 291 1243 372 posituum est in anima de nouo post expulsionem cul¬
393 356 1238 412 pae, nisi gratia, ad quam terminatur infusio gratiae: sed
390 403 1234 444 mutatio non dicitur positiua, nisi prout terminatur ac
392 429 1239 481 terminum positiuum:igitur si expulsio peccati dicitur
402 475 1233 525 positua ex hoc, quia terminatur ad gratiam, sequitur, quod
395 524 1232 568 sit eadem mutatio cum infusione gratiae, quae etiam ter¬
389 563 1235 603 minatur ad gratiam, quia vnus terminus arguit vnam
392 590 1239 635 mutationem. Nec secundo modo: quia si expulsio pec¬
393 624 1244 683 cati esset mutatio priuatiua, tunc oporteret, quod termi
400 676 1241 721 naretur ad aliquam priuationem, quia mutationis priua
389 724 1238 764 tiuae terminus ad quem est priuatio: sed hoc est falsum,
409 752 1232 802 quia quandocumque alicuius mutationis terminus::
404 790 1236 843 quo est priuatiuus, tunc terminus ad quem non potest
394 826 1245 872 esse priuatiuus, sed peccatum, quod est terminus a quo
395 865 1235 911 ipsius expulsionis, est terminus priuatiuus, vt de se pa¬
396 915 1232 959 tet, nam cum omne positiuum sit a Deo: ergo si pecca¬
396 951 1226 994 tum non diceret puram priuationem, ipsum esset a Deo
408 989 1245 1037 2 Preterea, si essent duae mutationes, tunc non pos¬
392 1029 1232 1077 sent esse in eodem instanti Consequens est falsum, quia
392 1067 1232 1110 si essent in duobus instantibus, tunc si in tempore me¬
391 1107 1231 1151 dio moreretur homo, ipse nec damnaretur: quia non ha
399 1147 1248 1197 beret culpam, nec saluaretur, quia non haberet gratiam.
397 1182 1236 1229 Probatur consequentia, quia inter illas duas mutatio¬
396 1227 1245 1287 nes esset ordo prioris, & posterioris, qui non potest esse
387 1260 665 1313 in eodem instanti¬
426 1287 833 1352 Sed ista non concludunt.
480 1336 1238 1399 Quia si essent vna mutatio, tunc numquam posset
400 1385 1241 1430 esse gratiae infusio, nisi esset culpae expulsio. Consequen
393 1423 1237 1466 tia patet: quia vna simplex mutatio non potest a seipsa se
413 1461 1232 1500 arari Falsitas etiam consequentis est pates, quia beata
397 1500 1229 1542 Virgini, & animae Christi ita infusa fuit gratia, quod nul¬
401 1536 1241 1591 a suit ibi expulsa culpa. Quod de Christo patet, quia ip
392 1577 1235 1620 se peccatum non fecit, nec est inuentus dolus in ore e¬
392 1619 1244 1668 ius, vt dicitur. 1. Petri. cap. 2. Etiam patet de Deata virgi¬
393 1655 1232 1705 ne, quia ipsa nullum habuit peccatum, nec originale¬
390 1695 1242 1739 nec actuale, vt patet ex his, quae dixi lib; di. 2. Etiam mo¬
397 1735 1248 1781 do posset Deus creare vnum hominem innocentem, cui
390 1771 1241 1822 ita infunderet gratiam, quod tamen nullam ab eo expelle¬
399 1812 561 1866 ret culpam
432 1848 1247 1907 Ad primum igitur dicendum, quod expulsio culpae ali¬
413 1893 1234 1934 uo modo potest dici mutatio acquisitiua, & aliquo mo
402 1933 1245 1983 do priuatiua, vt patebit in dicendis contra opinionem
394 1973 1233 2016 sequentem & ex eisdem patebit ad probationes istius ra
389 2008 624 2061 tionis: ideo &c
439 2038 1235 2094 Ad secundum nego consequentiam. Ad probationem
396 2081 1237 2131 dicendum, quod ordo prioritatis secundum naturam potest
399 2129 1235 2174 esse in eodem instanti, vt patet ex dictis in praecedenti con
390 2169 1244 2214 clusione. Sed inter expulsionem culpae, & infusionem gra¬
392 2206 1146 2257 tiae non est ordo durationis, sed naturae, ergo &c.
438 2245 1236 2289 Forte dicet aliquis, quod infusio gnatiae sit prior duratio¬
392 2285 1242 2337 ne expulsioneculpae, quia gratia expellit culpam: sed vnum
399 2327 1241 2375 quodqe est prius, quam agat, quia agere praesupponit esse: en
393 2374 1154 2423 go gratia habet esse priusquam expellatur culpa
441 2404 1248 2452 Respondeo, quod loquendo de prioritate durationis
403 2442 1242 2487 tuc minor est falsa: quia in eodem instanti, quo Sol habuit
403 2480 1242 2524 esse, habuit illuminare, quod est suum proprium agere¬
435 2521 1236 2577 Etiam maior est distinguenda, quia aliquid expellere
391 2560 1238 2606 culpam potest dupliciter intelligi, vno modo, effectiue¬
400 2600 1236 2644 Alio modo, formaliter. Modo dato, quod expellens effecti
395 2639 1241 2681 ue sit prius expulsione etiam quandoque duratiue hoc
396 2679 1236 2725 tamen non contingit de expellente formaliter: nunc ve
394 2720 1228 2760 ro ita est, quod gratia expellit formaliter ipsum peccatum tam¬
399 2759 1235 2807 quam defectum sibi omnino incompossibilem: Deus ve
396 2799 1230 2842 ro expellit peccatum effectiue dando ipsam gratiam, qua
396 2834 1242 2877 formaliter expellit. Ex quo etiam patet, quod mutatur
389 2873 1232 2930 medium, quia in maiori fit mentio de formaliter expul¬
393 2913 1194 2959 siuo, & in minori de agente, seu effectiue expellente¬
445 2946 1230 3004 Aliij quodammodo indirecte sunt contra praedictam
399 2989 1232 3040 conclusionem: Ponunt nm quod expulsio culpae, & infu¬
396 3032 1229 3084 sio gratiae sunt duae mutationes, non tamen ambae rea¬
403 3069 1238 3115 les, sed vna, vt dicunt, est realis, puta infusio gratiae, & al¬
395 3106 1242 3168 tera rationis, puta expulsio culpe. Ponunt enim isti, quod
399 3145 1232 3216 nihil remaneat in anima per actum peccati, postquam
1286 301 2152 360 transiuit talis actus, nisi obligo quaedam ad poenam, quae est
1284 351 2143 401 relatio quaedam rationis in anima, inquantum intelligi¬
1292 391 2146 437 tur a Deo iuste obligata ad poenam aeternam per actum volum
1290 427 2138 472 tatis diuine: io expulsio peccati est mutatio secudum rationem,
1324 468 2138 515 lste etiam doctor respondet ad aliquas rationes, quas
1289 504 1654 561 pro conclusione adduxi.
1320 536 2138 593 Sed quia solutiones suae fundantur super fundamen¬
1288 587 2144 638 to iam dicto, quod non reputo esse uerum, ideo eas non
1289 626 2144 677 adduco, sed simpliciter arguam contra istud fundamen¬
1284 667 2125 712 tum, sic. Si istud esset verum, tunc quidam respectus ra¬
1292 708 2126 758 tionis esset causa, quare spiritus damnatus perpetuo in¬
1295 747 2129 791 ernalibus flammis cruciaretur: sed consequens est incom
1284 789 2138 836 ueniens Prob atio consequentiae: quia ignis infernalis non
1284 830 2140 874 agit in spiritum, nisi pro quanto peccatum habet anne¬
1284 877 2135 915 xum: sed, secundum istum doctorem, postquam expletus
1280 909 2134 957 est actus peccati, nihil remanet de peccato in anima pec
1290 945 2072 993 catrice, nisi relatio rationis, siue respectus rationis.
1313 978 2135 1029 Est igitur aduertendum, quod transeunte actu mortalis
1290 1025 2137 1071 peccati, tunc praeter istam obligationem, de qua loqui¬
1283 1066 2129 1114 tur iste doctor, manet in anima ex huiusmodi perpetra¬
1290 1102 2133 1147 tione peccati, seu perpetrata malitia aliquid se habens
1290 1142 2136 1190 priuatiue, ac etiam aliquid se habens positiue. De priuati
1285 1178 2126 1227 uo patet: quia quamuis actus peccati non corrumpat to
1280 1222 2142 1265 taliter naturam, tamen grauiter vulnerat eam, & minuit
1291 1259 2132 1311 n ea habilitate ad opera uirtuosa, & tollit gratiam, Dei,
1291 1303 2138 1346 teter asque virtutes. Et huic veritati alludit parabola
1284 1346 2130 1395 euangelica, asserens peccatorem sub metaphora homi¬
1286 1379 2138 1420 nis descendentis ab Hierusalem in Hierico spoliatu, & de
1278 1420 2138 1468 nudatum, quantum ad gratuita; vulneratum, quantum ad
1288 1460 2135 1506 naturalia. & semiuiuum relictum, quantum ad habilita¬
1286 1498 2141 1545 tem ad bona opera: quia talis habilitas, quamuis ex pec
1290 1537 2135 1590 catorum continuatione semper minuatur: tamen num¬
1296 1576 2141 1619 uam in hac vita totaliter tollitur: sicut patet ex his, quae
1278 1620 2138 1672 dixi lib. 2. dist. 4arti.3.Et ideo quo ad hoc peccator non
1297 1656 1764 1701 licitur mortuus, sed semiuiuus.
1315 1684 2141 1738 Quod etm actus peccati relinquat aliquid positiuum, pa
1279 1729 2145 1781 tet: quia in mortali peccato non solum est auersio ab in
1297 1777 2130 1831 ommutabili bono, sed etiam conuersio ad commutabi
1291 1815 2137 1858 e bonum, ratione cuius conuersionis derelinquitur in
1290 1855 2128 1898 inima peccatoris quaedam affectio ad huiusmodi bonum
1289 1893 2128 1938 commutabile, quae quidem affectio, vt plurimum, est in
1287 1934 2144 1986 ipso peccatore mansiua, uel per modum dispositonis, &
1291 1975 2141 2028 noc, si actus illius peccati non fuerit frequentatus, vel
1291 2012 2130 2081 per modum habitus vitiosi, si huiusmodi actus fuerit fre
1288 2054 1442 2103 quentatus
1324 2071 2132 2151 Et ideo contra probationes assumptas in priffsa ratio
1296 2142 2136 2189 se praecedentis opinionis possum dicere, quod expulsio
1306 2174 2139 2233 eccati est mutatio positiua, inquantum incipit a priua¬
1290 2208 2142 2267 tione alicuius gradus habilitatis ad actus virtuosos, &
1287 2256 2139 2301 ter minatur ad positionem eiusdem gradus. Nam sicut
1296 2293 2129 2340 on potest committi peccatum mortale, nisi aliquid de
1289 2327 2129 2379 huiusmodi habilitate minuatur, sic nec fit expulsio mot
1294 2370 2139 2427 alis peccati, nisi aliquid de huiusmodi habilitate acqui
1280 2407 2132 2463 ratur, vel recuperetur: Potest etiam huiusmodi peccati ex¬
1306 2451 2127 2507 ulsio aliquo modo dici mutatio priuatiua, inquantum
1287 2491 2138 2532 incipit a praedicta nitiosa inclinatione, quae est qualitas
1296 2528 2127 2586 uaedam positiua, & terminatur ad priuationem eiusdem
1299 2564 2124 2616 ualitatis, & hoc, vel secundum se totam, vel secundum
1284 2616 2133 2659 aliquem gradum sui: quia sicut in perpetratione morta¬
1288 2646 2126 2699 is peccati semper aliquid contrahitur de huiusmodi vi¬
1291 2683 2136 2749 iosa qualitate, sic in expulsione huiusmodi peccati sem
1286 2727 1832 2770 per aliquid tollitur de tali qualitate.
1328 2763 2121 2827 Et ex his patet contra primam opinionem, quod ex¬
1295 2799 2126 2854 ulsio peccati est mutatio alia ab infusione gratiae, & pont
1287 2842 2123 2890 iliquo modo, puta materialiter, ratione annexorum, di
1279 2881 2127 2934 ci priuatiua, & positua. Patet etiam contra secundam opi
1274 2916 2129 2976 nionem, quod non est mutatio rationis tantum, sed realis.
1324 2955 2130 3028 Ad argumentum principale primum patet per ea, quae di
1286 2997 2127 3057 cta sunt in sedo, & tertio articulo. Vnde consequentia dent
1287 3046 2124 3096 negari, quia quauis virtus clauium instrumentaliter extendat
1278 3076 2130 3141 se ad celi reserationem, prout est in fide, & pposito pen iten
1282 3116 2130 3182 tis; tamen hoc facit psupposita satisfactione fienda, quod exprimi
1276 3161 2130 3221 tur auctoritate clauiu, sacerdote confitentem absoluente,
