2156 3536
307 325 582 410 Quertio 1.
133 415 746 498 An contritionis dolor omnium ma¬
270 486 602 544 ximus esse debeat.
51 763 870 834 VTRVM dolor contritionis de necessitate salutis.
37 797 868 866 V requisitus in sacramento poenitentiae debeat esse
19 860 864 913 maior omni altero dolore. Et videtur, quod sic. Quia
24 899 854 941 rum omnis dolens, vel doleat propter priuationem bo
13 944 861 986 ni, vel propter illationem mali, sequitur, quod de illo ma
16 978 845 1023 xime dolere debet homo, ratione cuius priuabitur sun
18 1021 855 1068 mo bono, & affligetur maximo malo: sed peccatum est
13 1054 851 1116 huiusmodi quia propter peccatum priuatur homo eter
4 1096 703 1139 na beatitudine, & d eputatur infernali miseriae
27 1135 856 1180 Contra, communiter videmus, quod homines, quos
15 1178 852 1226 eputamus esse in statu salutis, maiorem dolorem osten
12 1209 845 1259 dlunt in morte parentum, & amicorum, quam faciant in
5 1254 843 1301 confessione suorum peccatorum. Hic quattuor sunt v
13 1287 847 1340 lenda. Primo, quid sit contritio. Secundo vtrum de
3 1335 842 1380 quolibet mortali peccato sit habenda specialis contri¬
3 1369 844 1418 to. Tertio de principali quaesito. Et quarto, vtrum
3 1402 678 1467 confessio soli Deo facta sufficiat ad salutem.
173 1476 671 1564 RESOLVTIO.
5 1590 860 1641 vntritio quidem cum dolor quidam sit volantarie sumptus pro
19 1636 845 1690 reccatis cum proposito consit endi, ur satisfaciendi, sine tamen
11 1676 848 1726 sensibili dolore, qui in sensu subiectiue veperitur, potest
8 1714 835 1767 baberi. contrationis igitur dolor non erit simpliciter om-
12 1753 246 1808 nium maximus
125 1834 695 1915 ARTICVLV S I
265 1916 570 2005 Quid sit contritio.
41 2032 846 2091 VANTVM ad primum sic procedam. Primo,
98 2080 839 2121 enim ponam contritionis diffinitionem. Se¬
17 2112 844 2165 ndo ex dictis aliquorum doctorum instabo contra
5 2156 473 2200 m, & instantiis respondebo.
21 2190 839 2240 Contritio diffinitur communiter sic. Contritio est dolor
0 2228 835 2275 oluntarie assumptus pro peccatis cum proposito con¬
11 2273 836 2324 endi, & satisfaciendi. lsta descriptio, seu diffinitio
12 2317 842 2357 ua videtur esse conuenienter assignata: quia datur
10 2354 835 2397 rgenus, & differentias: nam dolor ponitur in ea pro
15 2396 840 2443 nere, cetera aut omnia ponuntur pro differentiis: namn
0 2435 838 2472 tr hoc, quod dicitur, voluntarie assumptus, differt con
12 2472 835 2525 tio a dolore naturali, & violento. Per hoc, quod di-
14 2511 839 2557 ur, pro peccatis, tangitur materia contritionis, por
3 2551 838 2596 lam distinguitur contritio a dolore habito pro qua¬
12 2588 842 2642 mque alia re, quam pro peccato. Per hoc, quod di¬
16 2628 839 2681 ur, cum proposito confitendi, & satisfaciendi, distin¬
5 2669 842 2720 itur ab attritione, & a qualibet alia displicentia pec¬
14 2708 773 2755 orum, quae huiusmodi propositum non includit
13 2746 553 2792 bed contra ista instatur primo sic¬
18 2790 831 2840 Deatus Aug. 14. de ciui. Dei dicit, quod dolor es
16 2823 838 2878 ensus ab his rebus, quae nobis nolentibus accidunt;
21 2873 839 2917 peccata accidunt nobis volentibus: quia sicut dicit
15 2907 827 2951 m Augusti. peccatum tantum est peccatum, quan¬
3 2941 830 2990 n voluntarium : ergo de peccatis non videtur esse dolor
24 2979 827 3031 Praeterea, contritio a Deo infunditur: ergo non as
9 3022 348 3078 uitur voluntarie.
30 3058 832 3109 Praeterea, contritione saluabantur homines in ve
21 3103 836 3148 testament o: sed pro tunc nondum fuit instituta con
12 3146 833 3193 o; ergo de ratione contritionis non videtur esse pro
9 3179 319 3248 itum confitendi
951 345 1747 405 Ad primum potest dici, quod hoc verbum Augusti
901 396 1751 440 non est intelligendum de omni dolore: sed de dolore
909 431 1754 480 naturali, qui secundum quod ait Augusti. est respectu
909 470 1752 520 praesentis mali, sicut timor respectu futuri. vel potest
909 514 1751 563 dici, quod ly nolentibus non debet referri ad tempus,
906 547 1738 596 in quo huiusmodi res accidit, de qua dolor est, sed de¬
913 589 1762 631 bet referri ad tempus, in quo ipse dolor cor dolentis af¬
901 627 1748 681 ficit, & pro illo tempore non volumus peccatum: quia
912 666 1567 708 pro tunc nobis displicet, quod peccauimus
948 707 1754 763 Ad secundum dicendum, quod licet sine gratia Dei
906 750 1754 792 cooperante non possimus salutiferam habere contritio
907 786 1763 829 nem, tamen actus contritionis est libere a voluntate eli
907 824 1632 865 citus, & ideo bene dicitur voluntarie essumptus.
937 857 1746 914 Ad tertium dicendum, quod ante institutionem con
899 900 1749 955 fessionis potuit esse contritio, prout est actus ponitentiae,
902 941 1745 990 vt poenitentia virtus est: sed non prout est pars poeniten
899 983 1757 1025 tiae, vt poenitentia sacramentum est; quia isto modo in¬
904 1018 1436 1066 cludit propositum consitendi.
1053 1091 1608 1180 ARTICVLVS I
1015 1176 1628 1265 Vtrum de quolibet mortali peccato sit
1079 1249 1544 1305 habenda spetialis contritio.
917 1331 1751 1386 VANTVI ad secundum articulum pono duas
930 1370 1223 1421 conclusiones.
935 1404 1762 1451 Prima est, quod generalis contritio, qua fimul, & in¬
900 1449 1735 1500 distincte conteritur homo de omnibus suis peccatis, qui
891 1484 1748 1542 bus auersus est a Deo, & diuinam bonitatem ofsendit,
888 1529 1745 1577 necessaria est ad hoc, quod peccata sibi remittantur, &
897 1564 1422 1620 gratia Dei, ac caritas infundantur.
909 1610 1748 1662 1 Quia, sicut patet ex praecedentibus, vnum pecca¬
886 1647 1745 1691 tum non dimittitur sine altero; ergo necessaria est vni¬
898 1687 1736 1734 uersalis de omnibus peccatis contritio ad hoc, quod fiat
899 1721 1234 1773 peccatorum remissio.
927 1765 1737 1813 2 Praeterea, istud dat intelligere hoc vocabulum con¬
885 1806 1728 1856 tritio. Dicitur enim, a con, quod est simul, & tero, teris
889 1846 1724 1884 quod est minutim frangere, quasi simul comminuere¬
896 1884 1745 1925 Et ideo si voluntas manet integra respectu alicuius mor¬
889 1926 1742 1966 talis peccati, tunc non est vera contritio :igitur cum mes
891 1959 1740 2014 humana non possit se simul conuertere ad singula pec¬
882 1999 1740 2050 cata secundum distinctam rationem cuiuslibet peccati;
892 2037 1742 2084 ideo necessarium est, quod in momento, quo a Deo iu¬
898 2079 1727 2123 stificatur, habeat vniuersalem displicentiam respectu
892 2116 1391 2163 omnium mortalium peccatorum
937 2155 1721 2200 Conclusio secunda est, quod huiusmodi generalis com
887 2197 1725 2238 tritio simultanea sufficit ex parte poenitentis ad sui iusti
890 2235 1717 2277 ficationem, puta ad peccatorum remissionem, & gra
889 2278 1733 2325 tiae, ac caritatis Dei infusionem. Quia sicut dicit quidam
888 2317 1721 2368 poeta. Vltra posse viri, non vult Deus vlla requiri Sed
887 2355 1718 2399 sicut iam dictum est, homo non potest simul habere di
892 2391 1724 2436 stinctam displicentiam de quolibet distincto peccato;
891 2432 1721 2481 ergo in necessitatis articulo, vbi non potest haberi di¬
888 2469 1721 2516 stincta peccatorum consideratio, nec per consequens di
888 2509 1717 2555 stincta detestatio, sufficit displicentia, & detestatio vni¬
882 2550 1717 2597 uersalis.
887 2583 1724 2627 Forte dicetur, quod contratium istius videtur dicere glo¬
882 2625 1720 2668 super illo verbo Psal. Lauabo per singulas noctes lectu
895 2661 1725 2709 neum, lacrvmis meis stractum meum rigabo, vbi, secun
889 2702 1717 2749 dum glosam per singulas noctes intelliguntur singula
889 2744 1719 2786 peccata, super quibus singulariter ffere debemus ad hoc
889 2788 1724 2831 vt lauetur lectus, qui est hominis conscientia.
905 2819 1744 2861 Respondeo, quod ista glosa potest habere duplicem bo¬
888 2863 1720 2912 num intellectum, quorum tamen neuter contradicit
898 2900 1724 2950 raemissae conclusioni. Vno enim modo potest intelligi
879 2950 1718 2984 ista glo. de tepore praecedenti contritionem sufficientem;
892 2976 1713 3027 Nam aliqui homines ita infecti sunt aliquibus peccatis, qua
878 3016 1720 3069 licet aliqua peccata detestentur,; tamen non habent vni
888 3066 1718 3106 uersalem displicentiam omnium suorum peccatorum;
903 3100 1717 3147 uia illa, quibus, vt dixi specialiter, infecti sunt, & illecti,
879 3143 1387 3188 non proponunt adhuc dimittere.
914 3175 1717 3232 Et istis hominibus necesse est, vt tandiu lamententur
