2416 3540
231 258 1087 320 ldem quod essentia: &ideo sicut corrumpitur corrupta
237 317 1089 360 essentia, sic idem numero reparatur diuina virtute repara
231 354 1082 395 ta eadem essentia hominis in mortuorum resurrectione.
240 394 1080 436 Aliud est esse existentiae. Et de isto sunt variae opiniones
243 432 1094 474 Quia quidam dicunt, quod etiam istud esse non differt ab es
238 472 1090 519 sentia: & ideo, secundum istos eodem modo dicedum est
243 514 1088 560 de esse existentiae, ficut iam dictum est de esse essentiae. Alij
241 550 1094 594 dicunt, & verius, vt tredo, quod esse existentiae differt ab es¬
237 590 1093 641 sentia. Et isti quantum ad esse hominis, sunt bifurcati. Quia
232 631 1092 666 quidam dicunt, quod esse existentiae in homine est simplici¬
244 664 1092 719 ter corruptibile, alias homo non posset corrumpi. Alij di
240 707 1092 754 cunt, & forte melius, quod istud esse non est simpliciter cor¬
243 755 1092 795 ruptibile, quia quamuis homo cotrumpatur, tamen cum
240 787 1085 837 isto esse existentiae; anima separatur a corpore quia
239 825 1094 874 quando anima separatur a corpore, non capit aliud es¬
240 863 1088 911 se existentiae, sed retinet illud idem, quod habuit in cor¬
233 906 1085 954 pore: quod quidem esse, licet dicatur esse hominis, quan¬
240 951 1084 997 do est esse totius coniuncti mediante anima, quae da
238 983 1079 1031 istud esse homini: tamen anima, separata a corpore, nos
236 1022 1091 1064 dicitur esse hominis, eo, quod protunc anima sola existat, se¬
234 1060 1094 1110 cundum istud esse. Respondeo igitur ad formam argumen
230 1097 1089 1145 ti, secundum vtramque opinionem, semper negandum ess
238 1138 1088 1186 antecedens. Ad probationem diceret prima opinio, quod li¬
233 1176 1091 1224 cet esse hommis morte corrumpatur: tamen quia omne
241 1215 1086 1267 quod corrumpitur, cedit in potentiam materiae; igitur vi
242 1257 1094 1307 tute diuina idem esse educetur de potentia materiae, in
246 1295 1093 1351 quam cessit. Sed iuxta secundam opinionem, neganda est
239 1334 1097 1390 praedicta probatio, inquatum dicit esse hominis ante mor
237 1376 1093 1422 tem essc corruptibile. Nec propter hoc negatur, quin ipse
242 1419 1088 1464 homo sit corruptibilis. Quia sicut non obstante, quod foi
239 1458 1086 1503 ma hominis est incorruptibilis, tamen ipse homo corrun
243 1495 1091 1545 pitur propter separationem huiusmodi incorrupribilis
241 1539 1095 1579 formae ab humano corpore, sic non obstante, quod tale es
237 1577 1089 1624 se, quod habet homo, ab huiusmodi incorruptibili form.
244 1609 1091 1660 sit incorruptibile: tamen homo potest corrumpi propte
236 1648 1100 1697 separationem istius esse cum ipsa forma, a qua habuit hu¬
239 1687 456 1738 iusmodi esse
283 1732 1089 1778 Ad septimum, nego antecedens. Ad probationem po
249 1773 1093 1818 test primo dici, quod peccat in forma propter duo. Primo
249 1811 1101 1861 quia procedit ex puris particularibus, vel ex indefinitis, quad
255 1844 1098 1899 aequipollent particularibus Secundo, quia in tertia figura
243 1886 1095 1936 minori existente negatiua, nihil sequitur: sed ista probatio
255 1922 1088 1972 habet apparentiam tertiae figurae, cum medium subiicia
246 1976 1096 2022 tur tam in maiori, quam in minori. & habet minorem no
245 2001 1099 2065 gatiuam: ergo &c. Etiam pot est dici ad minorem, quod ea
249 2043 1106 2092 dem portio materiae, quae suceessiue fuit sub multis formis
243 2082 1093 2134 humanis, diuina virtute in momento resurrectionis, mu
246 2121 1102 2173 tiplicabitur in tot portiones, quot sunt huiusmodi formae
241 2173 1098 2216 sub quibus primo fuerat suceessiue; & sic virtus diuina re¬
247 2200 1103 2251 ducet eadem corpora numero, quae cesserunt suceessiuc
245 2242 1097 2292 in ia dictam portionem materiae, & cuilibet corpori suan
246 2282 1097 2329 animam coaptabit, & sic vnus homo habebit plures ani¬
256 2326 1106 2370 mas, nec plures homines hab ebunt vnum corpus, sicut ar
250 2356 641 2420 gumentum praetendebat.
365 2465 989 2562 ARTICVLVS Itit.
323 2586 1033 2644 Vtrum resurrectio hat suceessiue vel subito.
340 2664 1109 2720 VANTVM ad quartum articulum est aduertendum,
318 2714 1111 2765 . quo suceessionem, vel simultatem fieri circa resurre
253 2751 1098 2812 ctionem, potest dupliciter intelligi. Vno modo, vt huius
253 2792 1103 2840 modi suceessio, vel simultas referatur ad ipsos resurgentes
260 2828 1111 2881 secundum hunc sensum in isto articulo quaeritur, vtrum
255 2866 1106 2918 vnus homo prius resurgat, quam alius, vel vtrum omnes s
256 2912 1102 2957 mul resurgant pro eadem mesura, siue illa mensura sit di
257 2948 1099 3005 ratiua, siue momentanea. Alio modo, vt simultas, vel suc
255 2989 1112 3039 eessio, referantur ad ipsos actus, quibus perficitur, & imple
255 3025 1108 3072 tur ipsa resurrectio, & est sensus, vtrum recollectio cinerum
264 3066 1111 3120 formatio corporum, & reunitio animarum, fiant simul in
1136 264 1973 324 eodem instanti; vel successiue fiant in tempore.
1137 315 1981 376 Quantum ad primum sensum istius inquisitionis, ess
1126 350 1989 407 aliquid certum, & aliquid dubium. Certum est enim, quod
1137 392 1984 442 omnes homines non resurgent simul, quia aliqui iam sur
1134 435 1975 479 rexerunt: Christus enim surrexit a mortuis, iam non mo
1134 467 1982 518 riuir, ficut ait Apostolus. Etiam beata virgo iam surrexit,
1131 509 1975 563 Et ilud idem pie creditur de beato Tohanne euangelista
1131 548 1978 601 quia nen est verisimile, quod tantae sanctitatis reliquias
1130 590 1984 635 Deus permitteret esse semper absconditas, si adhuc es¬
1134 628 1981 678 sent in terris, sicut ait Deatus Augustinus. Etiam Matth¬
1131 671 1985 711 27. dicitur, quod multa corpora sanctorum surrexerunt, &
1142 706 1990 752 post resurrectionem eius, scilicet Christi, introierunt in san¬
1138 753 1728 800 ctam ciuitatem, & apparuerunt multis
1167 779 1988 833 Dubium autem videtur esse, vtrum aliqui homines ma
1134 828 1986 878 neant viui cirta nouissimum diem, vel dato, quod omnes
1131 864 2009 910 moriantur, vtrum omnes, qui non surrexerunt ante nouis
1130 904 2009 956 simum die, simul resurgant in illo die; vel vnus prius alio.
1173 944 2010 986 Et de hoc videtur sentire beatus Augustinus. 2o. de ci¬
1144 981 2011 1023 ui. dei, quod illi qui mortui inuenti fuerint in aduentu iu
1144 1021 2011 1066 dicis, prius duratione resurgant, quam hi qui inuenientur.
1143 1061 2011 1111 viui: quia viui rapientur obuiam Christo, & in illo raptu mo.
1137 1099 1984 1143 rientur, & subito reuiuiscent Et praeter ea, quae Augusti¬
1146 1141 1987 1189 nus hic adducit in littera, etiam facit pro ista opinione
1148 1179 1986 1223 verbum Apostoli, vbi ait, Hoc enim uobis dicimus in ver
1136 1218 1979 1263 bo domini, quia nos, qui viuimus, qui residui sumus, in ac
1134 1260 1986 1307 uentu domini non praeueniemus eos, qui dormierunt, quo
1146 1298 1982 1341 niam ipse dominus in iussu, & in voce Archangeli, & in tu
1142 1332 1992 1378 ba Dei descendet de coelo, & mortui, qui in Christo sunt,
1141 1379 1982 1423 resurgentm primi, deinde nos qui viuimus, qui relinquimur
1144 1414 1988 1457 simul rapiemut cum illis in nubibus obuiam Christo in
1147 1451 1754 1500 aera. Idem ponit Deatus Ambrosius.
1141 1482 1983 1533 1 Sed Deatus Hieronvmus oppositum istius sentire u
1138 1531 1634 1581 detur, sicut hic apparet in littera
1150 1563 1985 1609 2 Praeterea, sicut apparet in svmbolo, Christus ventu¬
1142 1605 2004 1657 rus est iudicare viuos, & mortuos: ergo non omnes morien
1152 1648 1409 1693 tur ante iudicium
1164 1686 1995 1740 3 Praeterea, naturali desiderio cupimus gloria super¬
1142 1726 1992 1776 vestiri, & non corpore spoliari, vt patet per Apostolum. 2.
1142 1768 1996 1814 ad Cor. 5 Sed naturale desiderium non potest esse vniuer
1140 1807 1997 1850 saliter frustra: ergo aliquae animae non spoliabuntur suis
1151 1847 1989 1894 corporibus, & per consequens, non omues homines mo¬
1142 1887 1271 1934 rientur,
1166 1915 2003 1970 4 Praeterea, Deus & natura, nihil faciunt frustra, sed fi
1144 1963 1989 2006 aliqui vixerint vsque ad mortuorum resurrectionem, tuni
1156 2001 1994 2049 frustra morerentur. Maior patet in de celo, & mundo. Pro
1161 2040 1989 2100 patur minor: frustra fit per plura, quod aeque bene potest fie¬
1153 2077 1995 2125 ri per pauciora, vt patet. 1. physi. Sed virtute diuina aeque
1145 2122 1992 2175 bene, & per pauciora media possunt illi, qui adhuc uiueni
1149 2157 2001 2208 in die nouissimo, de temporali uita immediate transferri
1152 2202 1988 2244 ad perpetuam uitam, sicut de uita ad mortem, & de mor
1146 2238 1577 2289 te iterum ad uitam: ergo &c
1186 2276 1990 2320 His non obstantibus, uidetur, quod prima opinio sit veris
1147 2316 1991 2369 milior, & sacrae scripturae conformior, quia ait Apostolus)
1155 2352 1999 2399 Statutum est hominibus semel mori, & post hoc iudicium,
1145 2396 1998 2444 Sed non uidetur, quod aliquis huiusmodi dei statutum
1158 2436 2003 2483 possit transgredi: ergo necesse est omnes homines ante iu
1154 2472 2000 2527 dicium mori Praeterea, ait idem Apostolus. Sicut in Adam
1159 2517 2004 2563 omnes moriuntur, ita & in Christo omnes viuificabutur.
1149 2556 1999 2605 Et. 1. ad Cor. Omnes quidem resurgemus, sed non omnes
1149 2591 1392 2635 immutabimur,
1200 2632 2003 2675 Ad dictum Hieronvmi dicendum, quod quia breuissi¬
1157 2664 2002 2716 ma morula tales homines morte occupantur, & celerri¬
1164 2707 2004 2752 me redeunt ad uitam: ideo aliqui sancti quandoque lo¬
1173 2746 2007 2798 uuntur de eis, tamquam de semper viuentibus, & num¬
1156 2785 2005 2834 quam morientibus. Quem modum loquendi attendens
1155 2825 2007 2867 Arist. 2. physicor, ait, quod modicum distat, pro nihi¬
1158 2863 2010 2911 lo reputat intellectus. Nec Hicronvmus loquitur hic,
1158 2901 2012 2948 secundum opinionem propriam: sed videtur recitare
1155 2951 2003 2990 opinionem cuiusdam Qraeci, ut patet in epistola ad Mar¬
1164 2981 2010 3033 cellam. Datoetiam, quod beatus Hicronvmus absolu¬
1157 3022 2016 3070 te fuerit istius opinionis hoc tamen non praeiudita
1154 3063 2006 3126 uit Augustino, & Ambrosio, & alijs modernis doctori¬
