2158 3531
124 280 740 355 DISTINCTIO StIII.
105 374 775 463 Tractatus de penitentia non inepta diuuisic
195 429 665 494 ac praelentis distinctionis chara
342 483 521 538 subduusio.
351 566 849 617 OST haec de penitenria. Post¬
356 616 858 664 quam magister determinauit de
367 647 843 694 tribus sacramentis. sebaptismo
367 682 849 736 confirmatione, & fucharistia,
362 723 845 782 quorum i primo gratia donaturi
351 764 849 822 & in secundo roboratur, & in ter
364 803 844 861 tio consummatur, nunc ista. 14¬
357 842 851 889 dist. incipit tractare de peniten¬
15 887 848 936 tia, qua gratia si fuerit amissa misericorditer recupera¬
21 925 852 974 tur. Et diuiditur in tres partes: quia primo agit de peni¬
30 965 848 1017 entia quantum ad illud, quod est penitentiae proprium.
47 1006 848 1056 eundo, de ministrorum auctoritate penitentiam in¬
46 1042 842 1087 gentium. Tertio, de peccatorum remissione ex parte
49 1082 853 1122 tipientium. Secunda, Hic quaeri solet. Tertia, Scien¬
49 1119 848 1164 n est. Prima in duas; quia primo tractat de peniten¬
46 1155 839 1210 in generali. Secundo de partibus penitentiae in spe¬
49 1201 843 1245 ui, ibi. In perfectione aute penitentiae. Prima in duas
47 1237 837 1281 a primo e xcludit errorem eorum, qui dicunt, quod
25 1274 834 1320 era penitentia non potest iterari. Secundo refellit fa
36 1314 851 1357 n opinionem, quae ponit, quod penitentia potest di¬
44 1354 846 1397 iputa, quod manente vno peccato mortali, de alio
39 1392 836 1444 ssit vera penitentia fieri,. Secunda ibi. Et sicut praedi¬
47 1434 844 1480 Prima in duas quia primo ponit penitentiae descri
29 1471 833 1525 ionem. Secundo circa hoc recitat praedictum erro
45 1519 842 1560 ibi. His verbis quidam vehementius. Prima in
38 1560 839 1597 is: quia primo tangit penitentiae vtilitatem. Secun¬
48 1586 843 1632 nnuit eiusdem dignitatem, ibi, Apenitentia caepit.
37 1629 835 1679 uitur illa pars, His Verbis quidam vehementius. Ei
25 1671 842 1715 uditur in tres partes: quia primo praedictum errorem
44 1710 833 1751 suis motiuis recitat. Secundo auctoritates, supel
16 1748 842 1800 sibus fundatur, dando verum intellectum explanat.
30 1784 841 1827 rtio veritatem huic errori contrariam sanctorum au¬
25 1826 837 1877 ritate confirmat. Secunda, ibi, Sed Ambro. dicit. Ter
18 1866 830 1909 ibi, Quod vero penitentia. Secunda istarum in qua
25 1907 837 1960 or, secundum quod primo exponit auctoritatem Creg¬
2 1942 840 1993 ecundum lsid. Tertio Aug. Et quarto, Ambr. Secun¬
24 1982 841 2024 sibi, ltrisor autem ille est. Tertia, ibi, ltem illud inanis
12 2023 841 2071 Quarta, ibi, lllud autem, quod Ambr. ait. Hec est
15 2062 838 2109 ntentia istius distin in generali, circa quam quaero
21 2097 165 2155 speciali.
305 2176 554 2259 Quaestio r
100 2290 710 2344 An poenitentia sit moralis virtus.
46 2650 838 2700 IRVM penitentia sit virtus moralis. Videtur,
54 2690 247 2757 quod non
68 2725 845 2780 uia penitentia non est virtus; ergo non est virtus
3 2774 841 2820 oralis. Consequentia patet a destructione consequen
15 2813 837 2870 quia Virtus est necessarium consequens ad virtutem
15 2853 842 2902 ralem. Probatur antecedens: quia illud, quod est
9 2892 828 2937 Sio habens corporalem immutationem, &non est dis
6 2938 843 2976 ftio perfecti, hoc non est virtus: sed penitentia est hu
15 2970 836 3023 nodi. Maior patet 4. eth. vbi Arist. per haec duo pro¬
16 3005 846 3052 verecundiam non esse virtutem: quia virtus non est pas
21 3050 840 3096 rabens corporalem immutationem, & est disposito per
10 3086 842 3135 Minor etiam patet quo ad primum: quia penitentia dent
12 3126 837 3197 ere dolorem annexum, & quo ad secundum, quia peniten
897 293 1748 355 tia est disposito incipientium, qui tenent infimum, & imper
899 343 1667 391 fectissimum statum eorum, qui sunt in via salutis.
911 385 1755 442 Contra, penitentia est iustitia : ergo penitentia est vir¬
895 420 1740 472 tus moralis. Consequentia patet a positione anteceden
896 461 1755 519 tis: probatio antecedentis: quia super illo verbo Psal. Sa
890 499 1750 551 crificate sacrificium iusti. dicit glo sic. Quid iustius, quam vt
896 538 1752 596 homo suis peccatis potius, quam alienis irascatur, sequ
904 586 1715 628 puniens per penitentiam satissactionem Deo offerat.
938 618 1751 671 Hic quattuor sunt videnda. Primo de eo, quod quaeri.
894 665 1729 705 tur Secundo de subiecto penitentiae, puta, in quo ha¬
903 695 1730 744 beat esse subiectiue. Tertio de penitentiae iteratione, v¬
894 739 1730 791 trum scilicet vera penitentia possit iterari. Et quarto,
896 777 1736 832 videndum est, quae sit causa penitentiae, & qui sint effe¬
897 814 1154 865 ctus penitentiae.
1062 898 1538 975 RESOLVTI O.
898 975 1724 1043 cum ponitentia, inxta sententiam Dtati Aug. quaedam dolinti
926 1035 1724 1085 vindicta, poniens in se)qud dolat comisisse, ac virtus bona quam
932 1069 1726 1116 lita: mentis sit, qua rrcte vinitur, & nemo male vtitur, quam
929 1108 1730 1161 Deus in nobis sint nobis operatur: consequens igitur est, pae¬
921 1150 1733 1211 nitentiam virtutem esse; can praesertim virtutis descriptio si¬
918 1181 1178 1244 bi optime congruat.
1041 1288 1584 1376 ARTICVLVS 1.
1006 1366 1616 1460 Vtrum peuitentia sit virtus moralis.
957 1494 1738 1572 VANTVM ad primum primo videndum est, quid
934 1552 1737 1618 sit penitentia. Secudo, quid sit virtus. Et tertio,
887 1593 1367 1644 ex his apparebit de quaesito.
915 1619 1744 1693 Quo ad primum dico cum magistro, quod penitentia est
894 1676 1745 1721 gratia, seu virtus, qua commissa mala cum emendatio¬ I
894 1721 1743 1766 nis proposito plangimus, & odimus, & plangenda iterumi
891 1761 1727 1809 committere nolumus. Et accipitur ista descriptio ex di¬
884 1796 1714 1843 ctis Ambro. & Crego. Dicit enim Ambro. sic, Peniten¬
891 1834 1731 1893 tia est praeterita mala plangere, & plangenda iterum non
888 1874 1743 1933 committere. Et Orego. ait. Penitere est ante acta pec¬
900 1918 1724 1962 tata flere, & fendatiterum non committere. Et P. Au¬
900 1956 1731 2006 ust. in libro de penitentia: ait, Penitentia est quedam
893 1993 1731 2038 dolentis vindicta, puniens in se quod dolet commisisse
885 2027 1731 2079 lstae diffinitiones satis bene videntur esse ordinatae: nam
891 2066 1733 2112 in qualibet istarum diffinitionum diffinitur penitentia
898 2105 1729 2156 per genus, obiectum, & actum. In diffinitione enim da¬
885 2151 1721 2198 ta per magistrum tagitur penitentiae genus, cum dicitur virtus:
887 2193 1721 2238 obiectum, cum dicitur commissa mala: & actus in toto
884 2229 1726 2273 residuo. Sed in diffinitione data per Aug. tangitur ge¬
891 2268 1725 2315 nus, cum dicitur, dolentis vindicta: actus, cum additur
898 2305 1642 2349 puniens: obiectum, cum annectitur, in se quod &c.
931 2339 1729 2391 Et licet vtraque diffinitio sit bona: tamen data per
888 2383 1715 2429 Aug. in hoc est melior, quod magis datur per propria:
891 2429 1715 2485 quia penitentia non est quaecunque virtus, sed est vir¬
891 2456 1137 2509 tus vindicatiua.
907 2474 1710 2551 1 Forte dicetur, quod vnius rei vna debet esse diffi-
888 2535 1720 2591 nitio, vt patet in lib topicorum: ergo male assignantur
894 2577 1450 2623 plures diffinitiones ipsius Senitentiae
891 2615 1718 2671 2 Praeterea, stultitia est dolere de peccatis praeteri¬
886 2656 1716 2711 tis : ergo penitentia non includit planctum, vel dolorem
894 2694 1713 2749 de commissis peccatis, cuius oppositum assumit vtraque
886 2733 1717 2784 diffinitio. Probatur antecedens: quia magna videtur
884 2772 1719 2834 esse stultitia dolere de hoc, quod impossibile est aliter
887 2812 1711 2860 se habere: sed impossibile est, & contradictionem in¬
885 2859 1717 2903 cludit praeteritum non fuisse. Consequentia patet quia
885 2890 1706 2946 si datur oppositum consequentis stante antecedente
882 2932 1711 2976 tunc sequitur penitentiam esse stultitiam, & per conse¬
894 2974 1714 3020 uens non erit virtus: quia omnes virtutes morales ha¬
891 3016 1670 3061 bent annexam prudentiam, vt probaui lib. 3. dist. 10
915 3056 1721 3102 Ad primum dicendum, quod licet diffinitio data per
885 3089 1731 3143 essentialia, & per principia maxime ppinqua, seu ppria
882 3124 1721 3178 sit vna tantum vnius diffiniti: quia talis diffinitio datur
