2405 3527
684 294 967 373 Questio 1.
603 386 1066 468 An ordo sit sacramentum.
408 672 1262 740 TVTRVM ordo sit sacramentum. Et videtur, quod
472 730 558 773 non
417 752 1262 808 Quia ordo vere reperitur in Angelis: ergo ordo non est
414 805 1263 858 sacramentum. Antecedens patet ex dictis lib. 2 dist. 9.
418 846 1262 896 Consequentia probatur: quia illud non est sacramentum,
413 885 1251 933 quod vere reperitur in eo, in quo non reperitur sacra
412 923 1256 968 mentum: Sed in Angelis non reperitur sacramentum,
413 965 1256 1007 quod patet: quia ipsi non sunt ciues Ecclessae militantis;
414 1003 1258 1047 sed potius triumphantis: recipere autem sacramenta, so
411 1042 1132 1098 lum conuenit degentibus in Ecclesia militante
459 1081 1253 1125 Contra, illud est vere sacramentum, mediante quo
412 1127 1260 1171 cetera sacramenta conficiuntur, & dispensantur, sacra¬
412 1168 1239 1213 mentum ordinis est huiusmodi: maior patet, quia pro
423 1200 1244 1253 pter quod vnumquodque tale, & ipsum magis. vt dici
416 1236 1256 1283 tur i poster. Minor etiam patet, quia habens ordinem
417 1279 1252 1321 sacerdotalem conficit Eucharistiam, & ipsam, ac ceter.
420 1312 1250 1366 sacramenta dispensat. ic primo videndum est de ord
418 1358 1256 1399 ne quantum ad suam diffinitionem, & quidditatem. Se¬
424 1400 1244 1440 cundo, quantum ad suam distinctionem, & pluralita
417 1434 1245 1485 tem Tertio, quantum ad suam actionem, & virtuosita
423 1472 1246 1527 tem. Et quarto, quantum ad suam perfectionem, & di
419 1513 584 1570 gnitatem.
603 1591 1091 1659 RESOLVTIO.
426 1668 1262 1750 Licet ordo non in natur alibus solum, uerum in ecclesiacticis etiam
459 1750 1261 1790 reperiatur. Ecclesi asticus tamen ordo nil aliud est, quam signa
462 1778 1257 1832 culum quoddam seu sacrum quiddam, quo spiritualis facultas si¬
455 1815 1249 1871 uae officium traditur ordinato. Vude proprie loquenao septer
457 1857 1257 1920 ab Ecclesia enumerantur ordines, quamiis nonem a quibus
454 1895 914 1959 dam satis communit er ffatuantur.
567 1981 1118 2045 ARTICVLVS 1.
495 2064 1190 2149 De ordine quantum ad suam diffinitionem.
723 2129 967 2196 & quidditatem
462 2187 1262 2269 VANTVM ad primum artic. sciendum, quod
458 2253 1256 2308 quaestio quid est praesupponit questionem si est
423 2304 1261 2345 vt patet: posteri: ideo sic est procedendum. Primo
432 2333 1262 2384 enim videbitur, an ordo, de quo ad praesens loquimur
423 2373 1264 2420 sit aliquid. Secundo, quid sit. Tertio ex his videbitus
430 2413 1255 2465 de principali quaesito, scilicet vtrum ordo sit sacramen
429 2452 1230 2511 tum. Et iuxta haec tria puncta pono tres conclusiones
456 2495 1278 2543 Prima est, quod non solum in rebus naturalibus, de
435 2534 1264 2586 quibus locuti sunt philosophi: verum etiam in rebu; E¬
431 2566 1256 2628 clesiasticis, de quibus loquuntur theologi, vere est da
426 2610 606 2665 re ordinem
512 2621 1264 2703 Quia vbicunque est dare multitudinem diuerso.
425 2685 1267 2738 gradus potestans, & dignitatis includentem, ibi est dare
432 2727 1263 2781 ordinem: sed in sancta Dei Ecclesia est dare huiusmod
431 2771 1262 2824 multitudinem. Maior patet, quia huiusmodi graduali
434 2805 1260 2846 diuerstas dignitatis, & potestatis non potest esse sin
432 2844 1268 2899 ordine. Minor probatur, quia, sicut patet ex dictis in prae
434 2886 1280 2939 cedentibus distinctionibus, in Ecclesia est dare eum, qui
437 2931 1271 2976 ex officio potest baptixare, & subditis poenitentias salu¬
435 2965 1277 3009 tares iniungere, corpus Christi consecrare, v alteri mini
439 3006 1268 3068 strare, & sic de multis aliis actibus hierarchicis, de qui
438 3042 789 3097 bus dictum est superius
447 3077 1274 3138 2 Praeterea, quandocuque aliquid mediat inter duo
1305 237 2157 308 extrema, si ordo reperitur in vtroque extremo, tunc etiam
1298 293 2156 341 inuenitur ordo in medio: sed status ecclesiae tenet me¬
1311 327 2162 383 dium inter statum naturae, & statum gloriae, & tam in sta
1306 373 2155 428 tu naturae, quam in statu gloriae res sunt ordinatae : ergo
1302 415 2150 457 res ecclesiae non carebunt ordine. Maior patet ex eo.
1302 453 2146 495 quod medium sapiat naturam extremorum. Minor pa¬
1308 491 2156 542 tet, quantum ad primam partem: quia status ecclesiae est
1297 526 2145 575 infra statum gloriae, & super statum naturae. Quod auti
1305 565 2154 615 in istis extremis sit ordo, patet primo de statu gloriae;
1303 610 2151 649 quia pertinentia ad statum gloriae sunt sempiterna: in
1305 647 2147 690 sempiternis autem tantus est ordo, quod in eis nihil ac¬
1295 685 2150 731 cidit fortuite, vel ex casu, vt patet per commentato. 12.
1305 726 2149 778 metaphisicae. Vnde illa vita gloriae de seipsa loquens, me
1300 766 2180 817 rito dicere potest illud. Ab aeterno ordinata sum, & ex
1309 805 2149 846 antiquis, antequam terra fieret. Patet etiam de statu na
1296 843 2148 880 turae, de quo loquens Arist. 2 met ait, quod primum bo¬
1305 887 1958 923 num, post bonum ducis, est bonum ordinis
1311 927 2146 972 3 Praeterea, vbicunque est multitudo sine confusio¬
1302 962 2180 1005 ne, ibi est ordo: sed in rebus ecclesiasticis est multitudo.
1312 999 2159 1041 sine confusione Maior patet: quia ad oppositum praedi¬
1311 1039 2154 1091 cati sequitur oppositum subiecti: Nam in quacunque mul
1305 1080 2143 1125 titudine non est ordo, ibi necessario videtur esse confu¬
1304 1116 2147 1164 sio: Et ideo communiter consueuit dici, vbi multitudo
1300 1160 2158 1206 ibi confusio. Quod prouerbium isto modo verum est, si
1304 1200 2159 1244 sine ordine ponitur multitudo Minor etiam patet: quia
1299 1238 2144 1283 quanto director multitudinis est magis sapiens, tant
1304 1286 2151 1328 minus in huiusmodi multitudine accidit de confusio¬
1307 1317 2171 1358 ne, sed multitudinem ecclesiasticam sons sapientiae ver¬
1305 1357 2156 1409 bum Dei in excelsis primo per seipsum immediate dire
1300 1393 2180 1436 xit, quando iuxta vaticinium Daruch Prophetae in terris,
1309 1436 2156 1476 visus est, & cum hominibus conuersatus est. Postea Vi¬
1296 1477 2153 1522 carium constituit, scilicet D. Petrum, & spiritum sanctum,
1309 1516 2154 1563 qui est spiritus sapientiae, & intellectus, misit ad perfecte
1299 1560 2168 1604 dirigendum tam vicarium constitutum, quam subiectum
1298 1591 1662 1643 sibi populum, ergo &c
1371 1638 2147 1687 Praeterea, quae a Deo sunt, ordinata sunt, vt ait Apo
1304 1672 2180 1726 stolus. Sed, vt patet ex iam dictis, ecclesia, quae est con¬
1308 1717 2078 1765 gregatio fidelium, singulariter est a Deo: ergo &c.
1317 1746 2180 1796 IForte dicetur; illud, quod repugnat libertati, hoc
1309 1790 2151 1836 non debet poni in ecclesia Dei: sed ordo repugnat libes
1305 1832 2180 1888 tati: ergo &c. Maior est nota, quia vbi spiritus Domini,
1312 1870 2151 1923 ibi libertas, sicut ait Apostolus, sed multitudo fidelium
1304 1910 2156 1951 dirigitur spiritu sancto, sicut iam dictum est, ergo quie¬
1308 1946 2166 2011 quid repugnat libertati, hoc non debet poni in ecclesia
1305 1986 2150 2032 Dei. Probatur minor, quia ordo ecclesiasticus non po¬
1304 2025 2156 2070 test esse sine praelatione, & subiectione: sed vbi est subie
1311 2067 2150 2127 ctio, ibi non est libertas, ergo videtur, quod ordo repu¬
1317 2104 1519 2156 gnet libertati
1336 2147 2162 2202 Et confirmatur, quia non magis debet admitti in sta¬
1311 2187 2153 2236 tu gratiae, quod repugnat libertati, quam in statu inno¬
1310 2228 2152 2271 centiae: sed in statu innocentiae propter libertatem illius
1320 2264 2159 2310 status nulla fuit subiectio, nec per consequens ordo, er-
1314 2306 2166 2351 go nec in statu gratiae, qui est status ecclesiae, subiectio,
1320 2345 2163 2390 vel ordo poni debet. Maior patet, quia in statu gratiae, se
1316 2392 2153 2438 cundum Apostolum, filii sumus non ancillae, sed libers
1319 2423 2159 2467 ea libertate, qua liberauit nos Christus. Cum igitur
1320 2463 2162 2503 Christus met. dicat in fuang. si filius vos liberauerit, ue¬
1321 2503 2180 2545 re liberi eritis, sequitur, quod homines in statu gratiae a
1321 2541 2150 2595 filio liberati vitare debent omne repugnams libertati non
1320 2581 2151 2626 minus, quam in statu innocentiae Minor etiam patet per
1316 2618 2151 2673 Deatum oreg. super illo verbo. Dominamini piscibus
1310 2670 2147 2711 maris, & volatilibus celi, vbi sic ait, Mon dicit domina¬
1317 2704 2153 2754 mini hominibus, sed piscibus, quia contra naturam ho¬
1319 2744 2156 2793 minis primo institutam est, vt homo homini vellet do¬
1314 2773 1410 2828 minat
1340 2813 1790 2861 Ad primum nego minorem
1345 2835 2157 2910 Ad probationem, cum dicitur, quod vbi est subiectio,
1311 2890 2156 2952 ibi non libertas, dicendum, quod duplex est subiectio;
1321 2940 2166 2990 vna, quae non potest esse sine peccato, alia, quae nullum
1320 2971 2150 3027 implicat peccatum, sed potius auget vitae meritum. Mo¬
1319 3011 2153 3072 do licet prima subiectio non possit stare cum libertate
1320 3049 2160 3111 spiritus, quae est a spiritu sancto, de qua libertate ad prae
1315 3094 2164 3152 sens loquimur, quia implicat oppositam seruitutem: nam,
