2432 3549
740 1510 1133 1567 EDIT ADISSVS Vo¬
744 1555 1124 1608 CEM SVAM. Iuxta su¬
750 1599 1122 1644 perius factam distinctio¬
744 1637 1127 1688 nem illorum verborum,
750 1682 1121 1736 dixi, quod Magister senten¬
750 1715 1125 1765 tiarum in tertio libro con¬
755 1747 1130 1813 siderat supremorum, & in
753 1796 1130 1844 fimorum mirabilissimam
757 1832 1123 1888 coniunctionem, cum ib
756 1874 1118 1934 dem pertractat ineffabi¬
752 1905 1133 1961 lissimam, quamuis tamen
750 1949 1136 2000 verissimam, diuini verbi
281 1997 1126 2045 incarnationem. Haec enim incarnatio fuit a Deo fingu¬
277 2029 1121 2093 lariter admirabilis, & mirabiliter singularis, quod nes
285 2065 1130 2137 primam similem visa est, nec habere sequentem. Vnde
288 2106 1118 2173 propter huiusmodi incarnationis mirabilem singulari
281 2147 1126 2211 tatem, Volusianus in quadam epistola Deato August
282 2197 1132 2245 transmissa, cordis sui admirationem proponit in huc mo
290 2234 1130 2280 dum, Miror vtrum mundi rector, & dominus, intemera¬
290 2268 1121 2322 tae virginis corpus impleuerit, pertuleritque nouen men¬
291 2304 1123 2361 sium longa illa fastidia mater: & cum virgo enixa sit so
287 2342 1125 2407 lemnitate pariendi, post haec virginitas putatur intacta
293 2382 1133 2436 Intra corpusculum vagientis infantiae latet, cui par vix
302 2420 1129 2475 putatur vniuersitas: patitur puerilitatis annos, adolescit,
292 2462 1115 2518 uuentute solidatur, & tandiu a suis sedibus abest ille re
293 2498 1125 2567 gnator, atque ad vnum corpusculum totius mundi cura
288 2539 1127 2592 transfertur. Quibus admirationibus, & dubitationibus
294 2580 1123 2632 respondens August. in alia epistola Volusiano destinat,
287 2620 1139 2673 sic ait. Hic si ratio quaeritur, non erit admirabile: si
297 2659 1130 2713 exemplum poscitur, non erit singulare: demus igitui
293 2698 1135 2752 Deum aliquid posse, quod nos fateamur inuestigare non
300 2737 1121 2798 posse. in talibus enim rebus ratio facti est potentia fa
291 2774 1135 2828 cientis. Vnde etiam Leo papa de ista benedicta verbi
293 2817 1139 2869 Dei incarnatione loquens in quodam sermone, sic ait,
294 2855 1137 2908 Ecedit quidem dilectissimi, multumque supereminet
287 2895 1126 2945 humani eloquij facultatem diuini operis magnitudo: S
294 2937 1123 2985 inde oritur difficultas fandi, vnde adest ratio non tacen
297 2973 1132 3034 di: quia in Tesu Christo filio Dei non solum ad diuinam
292 3012 1124 3062 essentiam, sed ad humanam spectat naturam, quod di
294 3054 1126 3108 ctum est per prophetam lsaiam. Senerationem eius qui
294 3092 1132 3150 enarrabit : vtramque enim naturam in vnam conuenisse
300 3129 1130 3195 personam, nisi fdes credat, ratio non explicat. Et idec
1170 1508 2015 1564 numquam deficit materia laudis, quia numquam sufficit
1175 1561 2020 1606 copia laudatoris. Haec autem admtrabilis verbi Dei incan
1176 1595 2021 1642 natio, circa quam in tertio libro versatur Magistri consi¬
1182 1633 2022 1678 deratio, notatur in verbis superius introductis, cum dici¬
1176 1671 2019 1729 tur, V o cE M. Et hoc satis congrue, quia secundum bea
1184 1722 2025 1761 tum August. 15. de trin Verbum nostrum interius habet
1182 1754 2037 1800 similitudinem cum verbo dinino aeternaliter genito, &
1181 1798 2036 1850 verbum nostrum in voce prolatum, habet similitudinem
1175 1830 2014 1875 cum verbo diuino pro nobis incarnato, vt de hac voce in
1184 1871 2011 1919 telligatur dixisse ille diuinorum secretorum eximius pe
1189 1908 2036 1968 crutator, cum ait. Audiui vocem de coelo, tanquam vo¬
1179 1947 2037 1995 cem tonitrui magni: & vocem, quam audiui sicut citha¬
1178 1995 2020 2040 raedorum citharixantium in citharis suis, & cantabant
1184 2026 2008 2085 quasi canticum nouum ante sedem Dei, & agni. In qui¬
1180 2066 2008 2121 bus verbis sub triplici vocis metaphora tripartita terti
1177 2106 2019 2166 libri materia aliqualiter insinuatur. Nam in tertio libro,
1184 2143 2016 2192 primo tractatur de verbi incarnati purissima conceptio¬
1182 2182 2015 2232 ne, & singularissima generatione. Secundo, de humani¬
1188 2222 2019 2275 tatis assumptae crudelissima castigatione, & acerbissima
1178 2271 2014 2323 passione. Et tertio de animae Christi, suorum quoque
1175 2305 2017 2350 membrorum amoenissima perfectione, puta, virtutum, do
1186 2338 2010 2389 norum, ac praeceptorum fforidissima compositone.
1179 2379 2010 2427 lstorum primum notatur, CVM VOx DE CeL O
1181 2429 2008 2467 AVDITA, assimilatur aquarum multitudini. Secun¬
1176 2459 1870 2526 dum, cum aequiparatur tonitrui magnitudini.
1217 2488 2012 2543 Tertium, cum proportionatur citharix antium pulchri
1179 2526 2020 2587 tudini, seu citharaedorum sonitui. DICO IGITVR
1182 2571 2016 2633 primo, quod sententiam primae partis tertij libri, puta,
1185 2620 2020 2667 verbi incarnati, purissimam conceptionem intelligimus;
1182 2654 2018 2705 cum praemittitur, AVDTV1 VOCEM DE CAeLo,
1179 2692 2019 2747 TA MQVAM VOCEM AQVARVM MVLTARVM;
1176 2727 2028 2786 vbi ceteris aquae condicionibus praetermissis, quae val¬
1180 2773 2012 2821 de multae sunt, duas ad praesens potero applicare. Habes
1179 2809 2009 2865 enim aqua terrae nascentia specialiter foecundare; & su¬
1176 2849 2017 2910 diffluentia munditiam conseruare. Sic in praedictae vocis
1178 2901 2005 2945 expressione, seu in verbi incarnati conceptione, persona
1178 2929 2011 2981 concipienti fuit communicata verissimae maternitatis fo
1179 2977 2017 3020 cunditas, attamen in ipsa fuit conseruata mundissimae pu
1189 3011 2024 3060 citatis Virginitas Propter quod aquae huic voci assimi¬
1192 3039 2016 3092 atae, redundare videntur de isto viuo, & splendido ffu¬
1175 3085 2010 3134 uio, quem idem loannes vidit, vbi sic ait, Ostendit mih¬
1175 3126 2020 3197 fiuuium aquae viuae splendidum, tanquam crestallum
