2408 3524
477 235 1292 302 Quia illud, quo peccata remittuntur, & reliquiae pec
444 291 1283 336 catorum aliquo modo tolluntur valet ad spiritualem
439 322 1292 374 hominis sanitatem: sed istud sacramentum est huiusmo
432 365 1289 411 di. Maior est nota de se: minor etiam patet, quantum ad
444 407 1280 460 primam partem ex dictis Apostoli lac cum ait. Etsi it
437 443 1285 492 peccatis fuerit remittentur ei. Patet etiam, quantum ac
448 484 1286 525 secundam partem, quia multi sancti homines receper unt
444 521 1283 569 & etiam in futurum recipere poterunt istud sacramen¬
442 564 1289 610 tum, qui nullum habet peccatum pro tunc, quando iltud
451 600 1287 648 sacramentum recipiunt, ergo saltem tunc istud sacramen
451 642 1298 693 tum sanat a reliquiis peccatorum Da oppositum, tunc
445 679 1289 729 in talibus hominibus istud sacramentum non hab: ret
450 714 1286 766 aliquem specialem, & determinatum effectum, quod in
450 753 830 806 conueniens esse videtur,
528 791 1292 839 Forte contra istud dicetur, quod Toan. Apostolus
450 835 1299 879 ait, Si dixerimus, quia peccatum non habemus, nosipsos
450 872 1292 917 seducimus, & veritas in nabis non est: ergo non videtur,
449 917 1286 965 quod aliquis homo ita sanctus sit, quod nullum peccati
451 952 1049 999 habeat, cuius oppositum tu hic assumis
455 985 1294 1033 2 Praeterea, baptismus, & poenitentia valent ad remit
453 1030 1298 1079 tendum omne peccatum: Sed frustra ordinantur plura
443 1080 1288 1121 re media, vbi sufficiunt paucioratergo non videtur, quod
447 1111 1202 1156 istud sacramentum sit in remedium peccatorum.
535 1147 1293 1194 Praeterea, si isto sacramento peccata remitruntur,
462 1187 1292 1231 & reliquiae peccatorum tolluntur, tunc non minus istud
447 1226 1302 1275 sacramentum deberet dari sanis, quam infirmis: Sed con
449 1266 1297 1316 sequens est falsum, vt apparet de esus vsu communi: quia
449 1300 1294 1347 non debet dari, secundum consuetudinem, nisi infirmis
452 1343 1301 1389 & etiam talibus infirmis, de quorum conual escentia du
452 1381 1290 1426 bitatur prob atio consequentiae, quia vbi aequalis, vel ma
448 1422 1290 1468 ior est morbus, & vbi aequalis, vel maior est indigentia
447 1470 1293 1509 medicinae, ibi aequaliter, vel magis debet fieri adhibitio
445 1507 1296 1549 medicinae; sed sani non minus, sed magis laborant mor
448 1539 1294 1585 bo peccatorum, & reliquiarum eorum, nec minus indi
456 1584 1292 1624 gent medicina horum remissiua, vel curatiua, quam in¬
444 1616 1301 1660 firmi, ergo aequa ratione, vel potiori deberet istud sucra
444 1658 1289 1704 meutum ministrari sanis, sicut infirmis, si minor assum¬
444 1690 983 1750 pta pro ista conclusione esset vera
495 1734 1299 1779 Ad primum nego consequentiam quia antecedens
453 1775 1295 1823 potest esse verum, falso existente consequente, quamuis
456 1812 1298 1855 enim aliquis sanctus homo sit sine peccato, tamen quia
445 1855 1293 1892 hoc de certo non constat sibi, nescit enim homo, vtrum
450 1888 1295 1936 dignus sit odio, vel amore: ideo si diceret se esse sine nec
454 1931 1292 1981 cato, iam ipso suo dicto caderet in peccatum, quia affir¬
451 1968 1292 2012 maret illud, quod sibi de eerto non constaret : Propter
456 2008 1290 2062 quod dixit Apostolus Paulus: Nihil mihi conscius sum,
457 2047 1302 2096 sed non in hoc iustificatus sum, quasi dicat, Possibile est
453 2088 1291 2138 me habere huiusmodi culpam, de qua propter meam
448 2121 1046 2168 nescientiam non habeo conscientiam.
488 2164 1295 2205 Ad secundum dicendum ad minorem, quod licet sit
457 2207 1290 2253 vera, vbi pauciora remedia aeque bene sufficiunt, sicut
463 2243 1290 2285 plura: est tamen falsa, vbi non aeque bene sufrciunt: sic
452 2279 1285 2322 autem est in proposito: Nam licet in necessitatis attici
450 2319 1290 2363 lo vera poenitentia sufficiat ad consequendam salutem,
459 2361 1287 2406 tamen si tempus affuerit adhibendi istud sacramentum,
445 2400 1280 2445 remittuntur venialia, ratione cuius remissionis breuia
462 2434 839 2488 tur hominis purgatorium
487 2473 1003 2528 Ad tertium nego consequentiam
496 2500 1289 2558 Ad probationem dicendum, quod cum istud sacra¬
460 2552 1287 2600 mentum sit quaedam spiritualis curatio, ideo suam signi
451 2596 1292 2645 ficationem debet habere in illo, cui confertur: talem au
457 2635 1287 2672 tem significationem habet in infirmo, qui indiget cura¬
462 2670 1290 2713 tione, & non in sano, qui non indiget corporali curatio¬
451 2713 1286 2752 ne Et ideo licet sit maior quandoque necessitas spiritualis
445 2749 1285 2795 sanationis in sano, quam in infirmo, tamen quia huiui¬
460 2790 1292 2829 modi sacramenti representatio, vel significatio deficit
448 2827 1285 2879 in sano, & non in infirmo, ideo institutum est, vt istud sa
459 2866 1284 2915 tramentum non detur sanis, sed infirmis. Sufficienter
456 2913 1286 2955 ptiam prouisum est sanis per alia sacramenta, quorum
449 2947 1289 2996 vsu, & perceptione ipsi ab omni peccato, ac etiam a poe
454 2988 907 3034 na peccati poterunt expurgari
478 3025 1276 3078 Conclusso secunda est, quod istud sacramentum, va
449 3064 1287 3127 let ad recuperandam sanitatem corporalem, maxime
1328 214 2173 288 quando ex tali corporali sanitate non impeditur sanitas
1325 277 2184 324 spiritualis. Prima pars istius conclusionis probatur: quia
1330 318 2175 367 scriptura sacra mentiri non potest: Sed sacra scriptura ex
1338 356 2183 404 ore De at. laco, prolata, pronumciando istud sacramentum,
1334 402 2173 441 ait, Oratio fidei saluabit infitmum, & alleuiabit eum
1326 432 2186 484 Dominus Patet etiam secunda pars istius conclusionis:
1330 467 2176 521 quia, vt plurimum moriuntur homines postquam sunt
1338 515 2173 568 nuncti: ergo ad saluandam sacram scripturam, seu veri¬
1331 558 2173 603 tatem sacrae scripturae oportet illam propositionem, qua
1335 590 2171 639 dicitur, Dominus alleuabit infirmum, accipere sub illa
1331 636 2179 686 conditione, quod corporalis alleuiatio, seu sanitas non
1337 673 1598 725 deroget spirituali
1374 706 2173 755 Conclusio tertia est, quod sanitas spiritualis est princ
1331 752 2173 804 palis effectus istius sacramenti; sanitas autem corporali.
1331 789 2110 840 est eius effectus accessorius, & quasi ex consequenti
1366 824 2175 876 Quia sacramentum nouae legis semper principalem
1333 865 2180 910 consequitur effectum suum in eo, qui digne, & non ficte
1330 914 2171 962 recipit huiusmodi sacramentum: Sed multi sancti viri, re
1334 945 2179 998 cipientes istud sacramentum, moriuntur, & non conse¬
1347 997 2177 1038 quuntur per istud sacramentum sanitatem corporalem;
1341 1024 2189 1076 ergo sanitas spiritualis, & non corporalis erit principalis
1338 1065 1745 1114 effectus huius sacramenti.
1412 1103 2176 1155 Forte dicetur, quod minor istius rationis destruat
1340 1142 2174 1189 secundam conclusionem: quia corporalis sanctitas vir
1335 1184 2179 1233 sancti non impedit, sed promouet eius spiritualem sani¬
1339 1218 2183 1267 tatem: sed per sacramentum extremae vnctionis vir san¬
1338 1262 2171 1310 ctus quandoque non consequitur corporalem sanitaten
1337 1304 2173 1350 vt dicitur in ista minori propositone: ergo quandoquo
1335 1339 2186 1388 sacramentum extremae vnctionis non valet ad recupe¬
1339 1373 2190 1431 randam corporalem sanitatem, posito, quod huiusmodi
1334 1419 2174 1464 corporalis sanitas non impediat, sed potius promoueal
1338 1460 2192 1509 spiritualem sanitatem, cuius oppositum affirmatur a¬
1327 1497 1535 1549 cenclusione.
1375 1534 2187 1581 Hic possum dupliciter respondere: Primo, quod si ma
1344 1573 2171 1617 ior istius instantiae intelligitur vniuersaliter, tunc est fal
1350 1615 2171 1660 sa: quia in multis viris sanctis corporalis sanitas praestiti
1336 1655 2176 1696 impedimentum sanitati spirituali, sicut expresse patet in
1337 1695 2186 1739 legenda. ier qui multas tentationes passus fuit, quas
1347 1732 2182 1777 non sensisset, si corporalem sanitatem non habuisset,
1339 1770 2171 1817 Etiam ait Apostolus, quod virtus in infirmitate perfici¬
1331 1814 2171 1857 tur. 1intelligitur particulariter, sicut etiam debet intel
1334 1850 2177 1896 ligi, cum sit indefinit, nam indefinita aequipollet particu¬
1343 1892 2170 1934 lari, secundum doctrinam libus priorum, tunc nihil con¬
1338 1928 2171 1984 cluditur, quia etiam minor est particularis: ex puris au¬
1344 1971 2146 2009 tem particularis nihil sequitur, vt patet in eodem lib
1371 2007 2177 2051 Secundo potest dici, quod spiritualiter in proposito
1337 2050 2179 2091 maior non est vera, supposito, quod Deus talem homi¬
1332 2091 2173 2138 nem sanctum praedestinauerit ad certum gradum sancti
1334 2128 2164 2170 tatis, quia postquam aliquis adeptus est supremum gra
1338 2166 2183 2215 dum sanctitatis sibi praedestinatum a Deo, tunc nulla
1339 2203 2179 2253 corporali sanitate eius sanctitas ad vlteriorem gradum
1349 2249 2177 2290 potest promoueri: sed quilibet electus in hora mortis
1338 2287 2183 2335 suae attingit supremum gradum sanctitatis, ad quem est
1336 2321 2167 2370 praedestinatus ergo non videtur, quod secundum legen
1338 2370 2178 2419 communem eius sanctitas per corporalem sanitatem
1339 2401 1726 2450 valeat vlterius promoueri
1377 2435 2165 2489 Forte dicetur istud repugnare his, quae dixilib. 1. di¬
1335 2478 2177 2541 stin. 17. vbi posui, quod caritas viatoris possit augeri in
1341 2516 1485 2563 infinitum.
1370 2552 2161 2604 Respondeo, quod ibi loquebar de potentia Dei ab
1335 2595 2159 2655 soluta, hic autem loquor de potentia Dei praedestinati
1331 2642 2174 2689 ua, quae est potentia ordinata: & ideo in his dictis nulla
1332 2675 1587 2731 est repugnantia.
1433 2792 2059 2881 ARTICVLVS III1
1453 2880 2039 2965 De ordinat. dispensatione extremae
1664 2944 1824 3008 vnctionis.
1365 3027 2174 3088 VANTVM ad quartum articulum duo sunt vi¬
1393 3064 1556 3129 eodenda
