2369 3540
393 246 1247 308 humana dieatur vnita diuinae naturae, & ab ea assumpta:
393 305 1243 348 Et ideo ait Aug. quod forma Dei assumpsit formam serui.
391 343 1238 389 Et Oreg. ait, Carnem diuinitas mediante anima suscepit
434 388 1240 435 Ad tertium dicendum, quod sicut non oportet, quod
381 423 1248 465 quicquid est vnitum humanae naturae, eius praedicationem
389 472 1241 508 recipiat in abstracto, sed solum in concreto: albedo enim
388 508 1237 554 vere vnitur humanae naturae in homine albo, & tamen
387 541 1234 596 nec humanitas est albedo, nec econuerso, quamuis ho
401 578 1240 625 mo sit albus, & econuerso: sic in proposito &c. Si tamer
387 618 1250 671 vna istarum deberet concedi, tunc minus a veritate esset
398 659 1234 709 extranea ista proposito, deitas est homo, quam ista, hu
387 697 1253 746 manitas est Deus, quia persona filij, in qua per se, & pri¬
391 738 1244 787 mo facta est praedicta vnio, est sua deitas nullo modo rea¬
393 772 1237 818 liter ab ea differens: ideo quamuis non locutione forma
399 815 1248 857 li, tamen per identitatem, prout deitas est idem, quod per¬
386 852 1243 906 sona filij, posset ista concedi, deitas est homo, sicut dicit
395 889 1245 938 frater AEgid. 3. sententiarum dist. 5. qu. 4 sed homo non ess
393 929 1253 982 sua humanitas: ideo nec locutione formali, nec per iden
398 978 1127 1022 titatem debet concedi ista, humanitas est Deus.
524 1052 1109 1126 ARTICV LVS III
492 1137 1170 1218 Vtrum in cbristo facta sit vnio mn natura.
464 1246 1243 1297 VANTVM ad tertium articulum dico breuiter, quod in
396 1285 1244 1336 AChristo, proprie loquendo, non est facta vnio in natu¬
390 1325 1237 1370 ra, quia si in Christo esset vnio in natura, tuc in Christ.
400 1359 1241 1414 esset vna natura: sed consequens est falsum, & contra fidem
387 1413 1235 1451 quia si in Christo esset vna natura, vel illa esset tantumo
396 1439 1237 1491 do diuina, & tuc Christus non esset homo, vel tantumodo
397 1483 1243 1535 humana, & tunc non esset Deus quorum oppositum patet in
393 1518 1237 1572 svmbolo Athanasij, vbi dicitur de Christo, pfectus Deus
401 1559 1240 1604 perfectus homo ex anima rationali, & humana carne sub
396 1601 1238 1649 sistens. Nec potest dici, quod vna natura sit in Christo per con
393 1639 1242 1683 uersionem vnius naturae in alteram: quia ibidem dicitur,.
393 1673 1231 1721 Vnus autem non conuersione deitatis in carnem: sed as
390 1714 1229 1764 sumptione humanitatis in Deum. Nec per commixtio
402 1751 1235 1801 nem, Quia dicitur 1. de generatione. Mixtio est miscib
400 1792 1242 1839 bilium alteratorum vnio: sed natura diuina mutari non
405 1833 1234 1882 potest, iuxta illud, Ego Deus & non mutor, nec per consi
406 1877 1240 1924 quen sest miscibilis, nec alterabilis. Nec per accumula¬
393 1914 1243 1960 tionem: quia sola corporalia sic faciunt vnum. Nec per
392 1955 1243 1994 informationem: quia nec humana natura potest infor¬
391 1984 1244 2032 mare diuinam naturam, cum diuina natura sit purus actus,
397 2020 1238 2069 & infinitae perfectionis, & per consequens a nulla alia n¬
394 2070 1244 2112 tura perfectibilis; nec diuina potest informare humanam:
392 2109 1241 2154 quia omnis natura formaliter alicui inhaerens, aliquo mo
399 2147 1240 2195 do dependet ab eo, quod informat: diuina autem natu¬
394 2187 1248 2239 ra est penitus independens, & ideo non debet concedi,
409 2220 881 2277 quod in Christo sit vnio naturae
445 2263 1234 2306 FoRTE dicetur, quod ratione excessus infiniti, qui
396 2301 1246 2343 diuina natura excedit humanam, humana totaliter ab¬
406 2341 1242 2389 sorbetur a diuina, & per consequens conuertitur in eam,
400 2374 1242 2433 sicut si quis guttam vini proticit in mare, ipsa immedia¬
406 2420 893 2467 te conuertitur in naturam maris
437 2458 1250 2503 Respondeo, quod tales conuersiones non contingunt,
403 2502 1238 2539 nisi in his, quae communicant in materia, & quae apta eni¬
402 2542 1251 2590 ta sunt se mutuo alterare, & sic non est in proposito: igi¬
402 2580 749 2634 tur instantia non valet.
576 2656 1107 2710 ARTICVL S titi.
408 2740 1242 2798 Vtrum bimanae naturae vnio cum verbo duumo dif¬
522 2783 1111 2857 ferat ab assumptione eiusdem verbi.
478 2859 1242 2939 VANTVM ad quartum articulum, quia aliqui quan
407 2921 1250 2978 Adoque vertunt in dubium, vtrum praedicta vnio sit
408 2963 1238 3014 creatura. Quorum etiam aliqui dicunt, quod vt dicit actit
414 3009 1241 3055 nem, sic est in Deo, & est idem, quod diuina essentia: quam
404 3046 1251 3092 uis, ut dicit relationem ipsorum vnitorum, sit in creatu¬
407 3083 1239 3143 ra, & sit quid creatum; ideo ponam duas conclusiones.
1287 253 2138 304 PRIMa est, quod vnio siue sumatur pro actione, qua
1289 297 2132 349 Deus & homo vniuntur, siue pro relatione, qua huiusmo
1296 338 2125 387 di unita ad inuicem referuntur, semper predicta unio es
1289 372 2132 428 in creatura, & est quid creatum: Nam nulla actio transicus
1286 421 2125 465 est in agente: sed vnitio actio, qua sancta trinitas vnit nam
1277 454 2128 504 turam humanam verbo diuino, est actio transiens: & ideo
1292 503 2131 546 non est in Deo, & per consequens non poterit esse Deus
1281 533 2134 581 sed necessario erit creatura. Probo etiam istam conclu¬
1288 573 2131 621 sionem quo ad secundam partem: quia omnis relatio, qua
1284 612 2133 657 Deus refertur ad creaturam, & ecouerso, est solum secun
1295 650 2126 694 dum rationem in Deo, & in creatura est realiter, vt pro¬
1290 692 2131 740 baui libro primo distinctione 3o. ergo praedicta vnio, vt
1287 727 2148 777 est quaedam relatio, qua Deus & homo ad inuicem refe¬
1286 774 2126 817 runtur, non est in Deo realiter, sed solum in creatura.
1299 807 2138 860 2 Praeterea, quicquid est temporale necessario est erea
1291 851 2132 906 tura: sed vnio praedicta, siue sumatur pro ipsa actione Dei
1295 897 2131 939 transeunte, siue pro ipsa relatione, necessario est quid
1293 924 2135 979 temporale: ergo &c, SED forte dicetur, quod vnio est
1290 962 2126 1015 relatio aequiparantiae, & per consequens aequaliter repe¬
1294 1009 1776 1054 rietur in vtroque extremorum.
1326 1049 2155 1100 RESPONDEO, quod nulla relatio equiparantiae poterit
1293 1085 2126 1135 esse inter Deum, & creaturam: quia talis relatio requi¬
1279 1119 2138 1162 rit extremorum mutuam, & aequalem dependentiam:
1292 1161 2129 1215 Deus autem non dependet ab aliqua creatura. Vnde sicui
1290 1204 2141 1253 simititudo reperta inter duas creaturas est relatio aequi¬
1296 1244 2144 1292 parantiae, tamen, vt est inter Deum, & creaturam, non
1287 1281 2136 1332 est aequiparantiae, quamuiscunque homo vere dicatur ad
1290 1319 2129 1366 similitudinem Dei factus, vt patet in &en sic eodem mo
1287 1363 2139 1416 do est de vnione, quamuis enim vnio duarum creatu¬
1290 1400 1434 1454 rarum &c
1310 1407 2141 1490 SECVNDA conclusio est, quod praedicta vnio realiter
1287 1478 2131 1530 differt ab assumptione. Quia si non, tunc quicquid es¬
1280 1514 2138 1556 set alteri vnitum, esset ab eo assumptum: sed natura di¬
1297 1563 2133 1611 uina est vnita naturae humane, ergo esset assumpta, quod
1288 1592 1619 1647 est simpliciter falsum.
1296 1634 2145 1680 2 Praeterea, quae sic se habent, quod vnum naturaliter
1291 1669 2147 1723 est prius altero, illa realiter differunt: sed assumptio est
1288 1718 2139 1769 naturaliter prior vnione: est enim quasi via in vnionem,
1288 1749 2024 1806 & vnio est quasi terminus assumptionis: ergo &c,
1301 1802 2137 1848 3 Praeterea, assumens, quantumlibet sumat ad se, num
1295 1834 2144 1881 quam tamen ex hoc dicitur assumptum: sed omne vniens
1300 1880 2134 1923 ad se necessario dicitur vnitum : ergo aisumptio non est vnio
1311 1915 2131 1964 4 Praeterea, assumptio ex parte assumentis importa
1291 1956 2130 1997 mere actionem, & ex parte assumpti passionem: sed vnis
1294 1990 2147 2034 non solum ex parte agentis importat actionem, & ex par
1300 2032 2136 2085 te patientis passionem, verum etiam importat veram re¬
1295 2064 1520 2115 lationem ergo.
1332 2105 2141 2157 posTE dicetur, quod cum actionis non sit actio, vt
1298 2152 2135 2200 patet. 5. physicorum, nec ad aliquid possit esse terminus
1296 2187 2132 2236 motus vel actionis, vt patet 7. physicorum, ergo siue vnio
1293 2224 2145 2275 dicat actionem, siue relationem, ipsa non poterit esse ter
1295 2266 2138 2324 minus assumptionis, cuius oppositum dictum est in secun
1303 2296 1745 2355 da ratione istius conclusionis.
1308 2328 2132 2393 2 Praeterea, saepius dictum est superius, quod assumpti
1293 2387 2130 2439 terminata est ad personam verbi : ergo vnio non erit ter
1301 2414 1601 2470 minus assumptionis.
1301 2464 2141 2512 RESPONDEO ad primum, quod terminus assumptio
1287 2500 2144 2544 nis nec est ipsa vnio praecise, nec persona verbi praecisu;
1301 2545 2136 2585 ed implicatur vtrunque, puta, est ipsa persona, vt vnita
1296 2577 2135 2623 & ideo non dixi in illa secunda ratione, quod vnio essei
1296 2622 2142 2666 terminus: sed dixi, quod esset, quasi terminus: quia se¬
1286 2657 2140 2701 cundum naturalem intelligentiam prius intelligitur hu¬
1296 2695 2140 2750 mana natura assumpta a verbo, & postea intelligitur vni¬
1293 2733 1883 2781 ta verbo. Et per hoc patet ad secundum
1335 2769 2142 2821 Per hoc etiam apparet, quod ratio quorundam non
1296 2816 2134 2868 concludit, qua ipsi probare nituntur, quod persona diui¬
1300 2857 2134 2899 na non possit esse terminus diuinae assumprionis, ex
1290 2899 2144 2942 quod praeexistat assumptioni: ergo &c. Quia licet perso¬
1296 2934 2144 2981 na secundum se praeexistat assumptioni; tamen non prae¬
1286 2967 2145 3020 existit persona, vt humanitati vnita: Sicut quamuis locus
1287 3008 2133 3056 secundum se non sit terminus motus; quia terminus ac
1306 3056 2142 3101 quiritur per motum, locus autem secundum se non ac¬
1287 3087 2146 3135 quiritur per motum, cum preexistat motui, tamen locus
