2428 3529
447 264 1295 329 in proposito: quia supponitur in ista minori, quod talis ani¬
446 320 1295 367 ma sit a corpore separata. Nec secundum: quia supponi¬
457 357 1287 405 tur, quod sit perfecte purgata. Nec tertium: quia huiusm;
452 398 1292 445 di reatus solutus fuit merita passionis domini nostri lest
462 439 1299 487 Christi, iuxta quod dicitur de Christo in lsa. Ipse autem
456 486 1298 528 vulneratus est propter iniquitates nostras, attritus est pro
464 514 1307 564 pter scelera nostra, disciplina pacis nostrae super eum, &
455 561 1305 607 liuore eius sanati sumus: Vnde etiam Hicre, ait, Spiritus
455 592 1298 644 oris nostriChristus dominus captus est in peccatis nostris
459 638 1296 689 &c. Et ponunt isti prophatae praeteritum pro futuro pro¬
455 677 902 725 pter certitudinem prophetiae.
482 707 1289 760 V Praeterea, fidelis anima, ab omni peccato purgata
463 751 1295 796 non potest consequi suam hereditatem, nisi clare videat
450 790 1299 835 deum: Sed immediate post mortem tunc fidelis anima
459 828 1292 871 ab omni peccato purgata, consequitur suam haereditaten
453 868 1290 920 ergo immediate post mortem clare videt deum. Maior
453 913 1288 956 patet: quia deus est haereditas talis animae, iuxta quod in
454 951 1296 997 sa ait in psalmo, Dominus pars haereditatis meae: Propter
455 986 1295 1036 quod subdit ibidem, Funes ceciderunt mihi in praeclaris:
453 1024 1290 1073 etenim haereditas mea praeclara est mihi; Vnde etiam Hu¬
461 1067 1301 1116 go de sancto victore, in expositone regulae beati Aug. ait
456 1103 1286 1149 Partes sibi faciunt homines in saeculo, alius hoc, alius il¬
455 1143 1289 1192 lud; pars autem priorum est ipse deus. Minor eriam patet
475 1179 1285 1219 er illud psalmi, Cum dederit dilectis suis somnum, ecc¬
457 1223 1291 1268 haereditas domini. Quod verbum pertractans Oreg. in
456 1259 1298 1304 quadam homilia, quae legitur de Apostolis ait, Cum ele¬
453 1299 1288 1352 cti dei perueniunt ad mortem, tunc inueniunt haeredi¬
449 1341 560 1391 tatem.
452 1383 1289 1425 S Praeterea anima fidelis non potest habere requi em
459 1417 1293 1458 nisi per ipsius dei visionem, & fruitionem: Sed immedia¬
455 1456 1292 1509 te post mortem tunc fidelis anima plene purgata, veram
453 1492 1291 1546 habet requiem; ergo &c. Maior patet per Aug. in confess¬
459 1531 1299 1579 vbi ait, Ad te fecisti nos domine, & inquietum est cot non
455 1570 1285 1615 strum, donec requiescat in te. Minor etiam patet in Apo.
453 1613 1285 1654 cat. vbi dicitur, beati mortui, qui in domino moriuntur
459 1652 1289 1704 admodo. n.m iam dicit spiritus, vt requiescant a labori¬
456 1692 590 1742 bus suis.
481 1722 1298 1772 9 Praeterea, deus tamquam iustissimus paterfamilias
451 1771 1286 1815 non differt dare mercedem, & praemium his, quorum mo
454 1809 1286 1856 ritum perfecte est consummatum; Sed meritum cuiusli¬
447 1849 1296 1888 bet animae purgatae a corpore exutae est perfecte consum
453 1887 1289 1935 matum: quia vlterius non est in statu merendi, & deus ess
447 1929 1296 1978 merces totius nostri meriti, iuxta quod ait deus ipsi Abra
453 1964 1287 2008 hae, Ego protector tuus sum, & merces tua magna nimis
458 2004 1292 2051 Nec etiam proprie datur deus per modum mercedis, nisi
447 2041 1299 2089 in actu visionis, & fruitionis, iuxta quod ait anima fidelis
448 2083 1292 2131 in psalmo, Adimplebis me laetitia cum vultu tuo, delecta
458 2123 1286 2165 tiones in dextera tua vsque in finem; Ergo quaelibet ani¬
465 2161 1298 2205 ma purgata, a corpore separata, clare videt deum, & beati
461 2203 1280 2244 fice fruitur eo. Et hanc rationem innuit propheta cun
456 2241 1285 2286 ait, lbunt de virtute in virtutem, & videbitur deus deo¬
456 2278 1283 2327 rum in Svon. Vnde alia translatio habet, Do nec videa
456 2316 1284 2366 tur deus deorum. vbi expresse innuitur, quod meritum
451 2364 1291 2410 sanctorum, quo de virtute in virtutem procedunt in via,
450 2403 1288 2442 non terminatur, donec in patria, scilicet in coelesti Sion
456 2439 1291 2492 recipiendo praemium clare videant Deum: luxta quod
456 2479 1286 2524 etiam dicitur in alio Psalmo. Aedificabit dominus Sion
453 2520 1280 2569 & hoc quantum ad fidelis animae meritum, & videbitur
454 2554 1094 2603 in gloria sua, & hoc quantum ad praemium.
493 2601 1292 2637 10 Praeterea, Apost. 1. ad Cor. 13. ait, Nunc videmus
462 2629 1279 2674 per speculum, & in aenigmate, tunc autem facie ad fa¬
448 2676 1283 2726 ciem. Ibi, sicut communiter exponitur, Apostolus por
466 2709 1281 2760 unc intelligit statum praesentis vitae, & per tunc intel¬
453 2750 1277 2796 ligit statum futurae vitae : Ergo immediate ani ma pur¬
453 2789 1288 2840 gata exiens statum huius vitae, & intrans statum futurae
447 2829 1070 2876 vitae, videt Deum facic ad faciem, ergo &c
497 2861 1295 2913 I1 Praeterea, anima latronis ad dexteram Christi
453 2907 1286 2956 crucifixi pendentis eodem dic, quo ab hac vita decessit,
450 2949 1289 2993 vidit nudam Dei essentiam: ergo etiam aliae animae pur¬
441 2989 1277 3037 gatae ipsam clare vident separatae a corpore. Consequer
456 3027 1286 3069 tia patet. Probo antecedens, quia vt habetur in Lu¬
451 3061 1286 3117 ca, Christus dixit illi latroni; Hodie mecum eris in pa¬
1334 263 2186 318 radiso. Sed hoc verbum non est intelligendum de para¬
1340 313 2186 356 diso corporali, quia Christus illo die descendit ad infer¬
1347 359 2186 403 num, siue ad lvmbum patrum, ergo est intelligendum
1345 390 2190 436 de paradiso spirituali, quae consistit in visione, atque frui¬
1345 430 2178 476 tione ipsius diuinae essentiae. Et istud confirmatur,
1344 483 2189 521 quia Christus promittendo paradisum, respondit la¬
1346 506 2183 561 troni postulanti de regno Christi; ergo idem expres¬
1334 549 2186 599 sit Christus per paradisum, quod latro expressit per
1341 585 2173 626 Christi regnum: sed Christi reguum consistit in vi
1349 624 2209 672 sione, & fruitione diuinae essentiae, vt patet ex di¬
1341 667 2210 708 ctis August. in soliloquus animae. Etiam beatus Aug.
1342 703 2210 749 in sermone de martvribus, quasi admirans de prudentia
1347 745 2208 796 petitionis istius latronis, ait. Quis ipsum docebat, nisi
1350 783 2209 834 qui iuxta ipsum pendebat, erat enim fixus inlatere: sed
1345 821 1628 874 habitabat in corde¬
1339 867 2183 918 12 Praeterea, quaelibet anima sancta a corpore separa
1341 900 2184 948 ta accipit coronam vitae; ergo est beata diuinae essentiae vi
1337 944 2186 987 sione, & fruitione. Antecedens patet per. D. Tacobuma
1340 987 2193 1031 qui ait, Deatus vir, qui suffert tentationem, quoniam
1344 1022 2178 1072 cum probatus fuerit, accipiet coronam vitae, quam repro
1338 1060 2179 1111 misit deus diligentibus se; Sed planum est, quod quili¬
1339 1098 2206 1138 bet sanctus homo, antequam anima sua separetur a cor¬
1349 1138 2179 1182 pore, sustinuit tentationes, & vsque ad mortem vincendo
1340 1182 2183 1226 probatus inuenitur: ergo post mortem clare videbit Dei
1344 1215 2206 1262 essentiam, sine cuius visione nullus obtinet coronam, vi¬
1338 1258 1932 1298 tae, quam Deus promisit diligentibus se
1356 1292 2205 1339 13 Praeterea, pro ista veritate sunt expressae auctorita¬s
1341 1336 2205 1380 tes sanctissimi patris nostri August. qui in lib. supputatio.
1334 1376 2204 1417 num diuinarum scripturarum, sic ait, vtinam concessami
1335 1410 2205 1467 hi peccatorum venia, moxque hac carnis sarcina deposi¬
1335 1451 2182 1500 ta, domine in tua gaudia Veram requiem habiturus intra¬
1335 1495 2180 1546 rem, & tuae ciuitatis praeclara, ac speciosa menia coronam
1335 1530 2186 1574 vitae accepturus ingrederer, vt illis sanctissimis choris in¬
1344 1571 2190 1621 teressem, vt cum beatissimis spiritibus gloriae conditoris
1332 1609 2190 1655 assisterem, vt praesentem Christi vultum cernerem, vt il¬
1335 1651 2181 1691 lud summum, & ineffabile, & incircumscriprum lumen
1337 1691 2180 1740 semper aspicerem, sicque nullo metu mortis affici, sed de
1341 1728 2180 1773 incorruptionis perpetuo munere laetari possem sine fine¬
1345 1764 2187 1809 Felix anima, quae terreno resoluto corpore libera coe¬
1337 1804 2172 1858 lum petit: haec enim semper praesentem cernit pulcherri
1341 1847 2190 1891 mum dominum, quem dilexit Hanc vero tantae beatitu¬
1344 1882 2179 1929 dinis gloriam nulla dies minuet, nullus improbus pote¬
1345 1922 2202 1973 rit auferre. Et quibusdam interpositis dirigit Augusti¬
1338 1971 2200 2017 nus sermonem ad sanctos, qui iam regnant in patria, di¬
1340 1999 2200 2046 cens, Felices sancti Dei omnes, qui pertransistis hoc mor
1335 2046 2176 2096 talitatis pelagus, & peruenire meruistis ad portum per¬
1347 2083 2174 2125 petuae quietis, & securitatis: Obsecro per matris carita¬
1337 2124 2175 2173 tem, qui securi estis de vestra immareessibili gloria, solli¬
1336 2157 2174 2202 citi estote de nostra multiplici miseria, per ipsum vos ro
1341 2198 2179 2248 go, qui uos elegit, qui vos tales fecit, de cuius pulchritudi
1339 2239 2181 2282 ne iam satiamini, de cuius immortalitate iam immorta¬
1331 2277 2184 2323 les facti estis, de cuius beatissima visione semper gaude¬
1332 2320 2175 2365 tis; estote iugiter memores nostri, subuenite nobis mi¬
1332 2354 2167 2396 seris, qui adhuc huius vitae giro fiantibus agitamu
1344 2395 1484 2442 procellis.
1362 2435 2171 2486 Sed nostris temporibus surrexerunt quidam, qui di¬
1344 2475 2174 2521 cunt, quod ista verba August non sint intelligenda de vi
1335 2514 2177 2556 sione Deitatis: sed solum de visione humanitatisChristi:
1338 2554 2170 2598 Deitatem enim non vident, nisi tales animae, quae iam
1323 2597 2168 2640 sua corpora resumpserunt, sicut est anima Christi, & ani¬
1339 2631 2184 2677 ma virginis gloriosae. Et ideo si verba iam dicta Deati
1337 2671 2168 2713 Augustini reseruntur ad visionem deitatis, tunc isti dice¬
1339 2709 2181 2757 rent, quod August. huiusmodi verba dirigit ad illas ani¬
1337 2747 1963 2792 mas, quae iam sunt suis corporibus reunitae
1365 2790 2177 2836 Sed salua reuerentia omnium verorum doctorum, tali
1332 2825 2183 2869 bus non tamquam doctoribus, sed tamquam veritatis
1337 2866 2180 2915 subuersoribus dicere possum illud lob. Ad omipo¬
1330 2905 2170 2952 tentem loquor, id est coram omnipotente, ostendens
1336 2946 2173 2990 vos fabricatores mendacij: & cultores peruersorum do¬
1335 2989 2165 3038 gatum. Et istud patet in eodem lib. Augustin
1328 3027 2159 3076 per verba sequentia: Describit enim Augustinus multi
1332 3068 2164 3114 tudinem illius supernae societatis, dicens, lbi prophe
