2408 3580
457 281 1271 342 Sed nec istud valet; Quia maniseste hic committitur
414 331 1270 387 fallacia consequentis, vt patet ex dictis superius. Etiam sup
427 381 1265 427 ponitur, quod ens infinitae perfectionis opponitur enti fi¬
421 422 1262 463 nito, sicut priuatio opponitur habitui, cuius oppositum su
425 464 1264 513 perius probaui, procedendo contra secundum fundamen
429 495 623 543 tum; ideo &c
432 530 1255 582 Deinde contra ea, quae dixi impugnando minorem se
421 573 1265 616 cundae rationis, iste socius probat, quod conceptus priua¬
426 613 1265 666 tiuus tirca idem subiectum sit magis perfectus, quam con¬
432 649 1271 697 ceptus positiuus. Et arguit sic. lste conceptus est perfectior.
426 690 1276 735 quo maior exprimitur perfectio illius rei, cuius dicitur es
423 730 1273 784 se conceptus, Sed conceptu priuatiuo quandoque expri¬
420 778 1264 817 mitur maior perfectio. Ista patet, quia quando concipis
435 814 1271 856 animam humanam esse ens immortale, concipio ipsam
417 846 1267 895 conceptu priuatiuo, & tamen per huiusmodi conceptum
423 888 1268 946 magis exprimitur perfectio animae, quam si conciperem
433 929 780 978 eam conceptu posituo.
456 959 1264 1013 Sed nec istud valet, quia minor est simpliciter falsa; n¬
427 1002 1261 1052 conceptus priuatiuus per se nullam exprimit perfectio
420 1053 1271 1093 nem, quamuis per accidens exprimat perfectionem habi
427 1087 1263 1132 tus, quem priuat. Ad probationem dicendum, quod con
425 1123 1271 1169 ceptus entis immortalis non est conceptus priuatiuus; nam
435 1161 1262 1208 sicut grammatice loquendo, negatio negationis facit at
431 1198 1272 1244 firmationem, quia duae negationes faciunt vnam affirma
435 1236 1281 1286 tionem, sic priuatio priuationis, naturaliter loquendo, di
439 1276 1269 1330 cit positionem. Cum igitur conceptus entis immortalis
432 1319 1264 1370 exprimat priuationem, seu negationem priuationis, put
421 1354 1274 1406 negationem mortis, quae est priuatio vitae: ideo conceptus
432 1399 1281 1441 quo concipitur anima esse ens immortale, est conceptus
426 1433 745 1487 simpliciter positiuus.
474 1478 1276 1523 Ad illa, quae dixi contra probationem praedicte mino¬
426 1515 1264 1560 ris respondet iste socius dicens, quod quando dixit nati
434 1549 1278 1595 ram superiorem solum distingui a natura inferiori per con
435 1586 1271 1642 ceptum entis infiniti, tunc ipse intellexit de conceptu quid¬
432 1629 1276 1677 ditatiuo: Cum igitur conceptus improducibiis, & conce¬
428 1678 1279 1718 ptus summi boni, & ceterorum, de quibus instantiae meae
442 1712 1268 1760 procedunt, non sint conceptus quidditatiui; ideo quauis
442 1747 1274 1798 per conceptum improducibilis, & summi boni, natura su
443 1784 1268 1831 perior distinguatur ab inferiori, tamen adhuc stat ista vo
435 1833 1271 1878 ritas, quod natura superior solum distinguitur a natura
425 1860 1269 1923 inferiori per conceptum entis infiniti, referendo Iy soli
435 1904 889 1957 ad conceptum quidditatiuum.
461 1947 1266 1994 Sed ista responsio primo deficit: quia non saluatur pri¬
430 1988 1272 2033 mum dictum istius socii; nam ipse absolute dixit sine con
435 2021 1269 2067 tractione ad conceptum quidditatiuum, quod natura su¬
434 2061 1268 2111 porior solum distinguitur a natura inferiori per conce¬
434 2109 1262 2151 ptum entis infiniti, Secundo deficit: quia sic responden
429 2146 1265 2188 do, iste socius, volens vitare praedicta inconuenientia, inc
438 2176 1274 2225 dit in alia maiora: quia ex ista responsione sequitur, quod
434 2223 1259 2266 nullo conceptu quidditatiuo natura superior distingua
424 2258 1265 2308 tur a natura inferiori, nisi tantummodo illo conceptu, qu
432 2294 1272 2346 est conceptus entis infiniti, & sic conceptu deitatis, qui est
425 2340 1272 2383 primus quidditatiuus, & simplicissimus conceptus natu¬
431 2380 1277 2424 rae superioris, ipsa natura superior non distingueretur a na¬
430 2412 1271 2459 tura inferiori, quod est valde absurdum dicere. Quod au
431 2460 1269 2503 tem istud sequatur ad iam dictam responsionem, probo
429 2489 1265 2540 sic. Sicut dictio exclusiua addita vni rei excludit omnem
429 2529 1265 2578 aliam rem a consortio illius, quod sub talis solitudinis ex
425 2572 1262 2617 pressione attribuit illi rei: sic dictio exclusiua addita vn
428 2605 1262 2656 conceptui excludit a quolibet alio conceptu illud, quod
423 2646 1267 2687 sub expressione huiusmodi solitudinis attribuitur illi con
435 2682 1267 2731 ceptur. Sed secundum istam responsionem distinctio na¬
429 2722 1273 2772 turae superioris ab inferiori inter omnes conceptus quid
426 2759 1259 2806 ditatiuos attribuitur soli conceptui entis infiniti: ergo nm
435 2804 1250 2852 tura superior nullo alio conceptu quidditatiuo distingu
1314 271 2177 344 tur a natura inferiori. Cum igitur conceptus deitatis sit
1322 323 2172 374 alius conceptus quidditatiuus a conceptu entis infiniti,
1321 363 2166 417 sicut patet ex dictis istius socij:igitur &c. Alia dicta istius
1326 415 2159 466 reuerendi socij vlterius non recito: quia vel manifeste appa
1311 443 2172 490 ret, quod non tangunt ea, quae ego dixi contra eum, vel si quam
1323 481 2160 542 habent apparentiam, illa tollitur per ea, quae adduxi su¬
1332 525 2097 585 perius contra tria istius socij reuerendi fundamenta
1356 564 2164 620 Erat etiam alius socius concurrens mecum in lectura,
1314 613 2159 657 qui posuit eaudem conclusionem, cuius ratio fuit haec
1318 653 2161 697 Quando ab intellectu sub aliquo statu non attingitur ra
1319 678 2152 736 tio propria subiecti alicuius scientiae, tunc ratio subiecti
1314 735 2165 781 ua pro statu illo est ratio propinquior, & vicinior rationi
1315 761 2163 815 primae, & propriae illius subiecti. Sed ratio propria deita¬
1314 811 2165 854 tis pro statu viae est nobis ex naturalibus simpliciter im¬
1319 837 2159 897 possibilis, quia nec continetur formaliter, nec virtualiter
1315 879 2174 933 in conceptibus creaturae: ergo ratio entis infiniti, quae est
1315 921 2168 977 illi primae rationi vicinior, erit ratio subiectiua in satta
1314 954 1943 1006 theologia, in qua subiectum est ipse Deus.
1359 1000 2165 1039 Sed quia iste socius quasi nihil videtur addere super
1321 1036 2156 1083 dicta prioris socii, nisi illud solum, quod dicit probande
1317 1078 2161 1130 suam minorem: ideo contra ipsum non faciam singulare
1323 1123 2165 1176 processum, sed solum vnico medio arguam contra illam
1316 1158 1697 1213 minoris probationem sic
1359 1191 2169 1250 llla probatio non expedit, sed potius impedit, ex cu¬
1317 1233 2166 1283 ius virtute probantis principale oppositum sufficienter
1320 1275 2177 1324 impeditur, ac improbatur. Sed talis est probatio adducta
1326 1313 2164 1365 per istum socium: ergo &c. Maior patet. Minorem pro¬
1320 1359 2161 1396 bo: quia ratio propria entis infiniti, nec formaliter
1316 1392 2171 1446 nec virtualiter continetur iu conceptibus creaturae: igi¬
1320 1439 2172 1488 tur si per huiusiuodi non continentiam sufficienter proba
1328 1473 2159 1521 tur, quod ratio deitatis sit simpliciter a nobis pro statu via
1320 1511 2165 1553 inattingibilis, & per hoc huiusmodi ratio non possit esse ra
1322 1552 2166 1602 tio subiectiua in theologia viatoris, tuc per idem medium
1321 1591 2168 1646 sufficienter probabitur, quod ratio entis infiniti non pos
1317 1629 2159 1684 sit attingi a nobis, nec per consequens possit esse ratio siu
1326 1667 2158 1715 biectiua in theologia viatoris, quod est oppositum princi
1326 1714 2172 1764 palis intenti istius reuerondi socij. Quod autem ratio en
1316 1752 2171 1806 tis infiniti, loquendo semper de infinitate perfectionis, non
1324 1794 2174 1834 contineatur in conceptibus creaturae formaliter, nec vir
1331 1837 2171 1881 tualiter, patet, quia in continentia formali continentis pro
1320 1866 2174 1916 sectio aequatur perfectioni contenti; & in continentia vir
1320 1911 2162 1956 tuali continens est perfectius contento, Sed nullius creatu
1320 1948 2169 1993 rae ratio, seu conceptus est aeque perfectus sicut conceptus
1329 1993 2166 2033 entis infiniti infinitate perfectionis, nec est perfectior eo¬
1326 2029 2159 2075 ergo ratio talis entis infiniti, nec formaliter, nec virtual
1327 2067 2166 2106 ter continetur in conceptibus creaturae. Si diceret iste so
1325 2102 2174 2156 cius, quod ratio entis infiniti infinitate perfectionis salten
1319 2148 2162 2191 quo ad cognitionem quia est, continetur in conceptibus cres
1325 2188 2177 2232 turae, tunc dico, quod isto modo conceptus, vel ratio deitatis
1329 2226 2171 2272 potius continetur in conceptibus creaturae, quam conceptus
1332 2265 2166 2312 entis infiniti, vt supra probaui contra alium socium istam
1320 2304 2159 2352 eandem conclusionem asserentem. Etiam sola cognitio quod
1326 2337 2171 2392 est non sufficit ad habendum rationem propriam subiectiuam
1314 2377 2171 2429 in aliqua scientia, & maxime si illa scientia non est simpli¬
1320 2419 2172 2466 citer, & proprie subalterna, scientia autem theologiae non
1319 2450 2161 2502 est proprie subalterna, vt patet per ea, quae dixi in prolo¬
1319 2501 2159 2552 go primi libri. Vt igitur finis principio rudeat, concludo il
1314 2535 2165 2582 lud, quod dixi in prima quaestione prologi, s. quod deus
1323 2576 2156 2626 est subiectum in theologia viatoris sub ratione veri sun
1310 2620 2171 2658 me diligibilis, vt huiusmodi verum est proportionatum
1308 2655 2156 2706 rationali animae habitu fidei dispositae, & nondum perfe¬
1314 2693 2152 2737 ctae per habitum luminis gloriae. Ad quam gloriam me¬
1314 2729 2157 2793 fratre Thomam, ordinis sancti Aug. cum istius lecturae lecto
1323 2767 2169 2836 tibus perducere dignetur ipse glorificator sanctorum, qui
1316 2811 1965 2869 viuit, & regnat in secula saeculorum. Amen¬
