2408 3564
407 278 857 347 diem iudicii vere sint beatae.
469 340 1274 392 Ad vige simumquartum patet ex predictis, quia ibi lo
441 381 1278 447 uitur Saluator de vita aeterna, prout conueniet per¬
417 421 667 475 fectis suppositis
463 452 1256 516 Etiam faciendo vim in hoc verbo, quo dicitur possi
420 498 1264 555 debit, tunc auctoritas illa in nullo est contra nos. Quis
416 554 1268 593 aliquis nunc potest accipere, quod tunc adhuc posside¬
412 581 1265 627 bit. Centuplum igitur tunc accipiet pensando ea, qua
409 615 1265 659 tunc dantur de nouo, quantum ad corporis glorificatio¬
408 657 1262 710 nem, & vitam aeternam possidebit, quantum ad lanima
412 700 1265 765 beatitudinem, quam tamen possidendam ante resurre¬
417 738 671 794 ctionem accepit
458 767 1262 824 Ad vigesimumquintum dicendum, quod verba illius
421 819 1260 869 glosae congrue possunt intelligi de iudicio particulari
408 857 1260 903 quo immediate post mortem Apostoli anima sua iudica
408 892 1258 937 batur esse digna vita aeterna. vel dato, quod intelligan
402 941 1264 985 tur de extremo iudicio, tunc per coronam debet intelli¬
407 974 1262 1020 gi beatitudo consummata quantum ad supremum gra¬
404 1016 1250 1067 dum eius, quo modo solum habebitur a quolibet tele
417 1054 1263 1121 cto post resumptionem sui corporis, prout dictum est
411 1092 542 1143 superius
456 1121 1256 1190 Ad argumentum princi. dicendum, quod quamuis
418 1165 1259 1218 maior sit vera, loquendo de corpore materiali obscuro,
414 1211 1265 1261 & corruptibili, quia tale corpus est impeditiuum intelle
407 1248 1249 1297 ctualis cognitionis, tamen non est vera loquendo di
408 1292 1262 1353 corpore glorificato, & incorruptibili: sicut est in proposi
402 1328 782 1395 to, vt patet ex praedictis.
571 1436 1071 1529 DISTINCT. R.
408 1555 1263 1638 Absoluta huius postremae distinctionis huiusce postre
468 1608 1187 1680 mi volimuus diuisio in qua tandem de malo
586 1672 1091 1721 rum condemnatione per agiti.
662 1788 1253 1855 TIC oritur questio. Postquam magi¬
732 1842 1265 1887 ster superius determinauit de mor
727 1882 1252 1922 tuorum resurrectione, & de ipsori
729 1918 1255 1965 resurgentium iudiciali examinatio
735 1961 1249 2004 ne, & ostendit, qualiter in illo iud
727 1999 1250 2051 cio boni remunerantur: nunc in ist¬
735 2042 1246 2090 vltima dist. quarti li. ostendit, quo
725 2073 1250 2122 modo in fine illius iudicii mali com¬
402 2114 1253 2158 de mnantur. Et diuiditur in duas partes, quia primo retri
406 2156 1255 2208 butionem malorum pertractat. Secundo circa materiam
405 2196 1244 2245 praemissorum quatuor librorum epilogat, ibi, Haec di
401 2239 1253 2285 pedibus. Prima est praesentis lectionis. Et diuiditur in duas
409 2275 1244 2313 partes, quia primo innuit malorum retributionem absi
402 2314 1252 2361 lute. Secundo facit hoc idem inquisitiue, & respectu alio
409 2353 1240 2399 tum comparatiue, ibi, praeterea solet quaeri. Prima in dua
406 2394 1256 2446 quia primo inquirit de conditione damnatorum quo ad
395 2433 1242 2475 malum culpae, respectu cuius Deus se habet permissiue
399 2470 1248 2512 Secundo quo ad malum poenae, respectu cutus Deus se
397 2503 1248 2556 habet effectiue, ibi, Hic quaeri potest. sequitur illa pars,
392 2548 1242 2591 Praeterea, solet quaeri. Et diuiditur in tres partes, quia
408 2587 1254 2634 primo magister considerat poenam damnatorum, respe
404 2625 1238 2668 ctu eorum, qui adhuc viuunt in hoc mundo Secundo ru
397 2664 1235 2710 spectu eorum, qui fuerunt in limbo Tertio respectu eo
392 2705 1241 2750 rum, qui sunt in caelesti paradiso. Secunda ibi, Si quis au
391 2743 1237 2785 tem querat Tertia ibi, Quaeri etiam solet Et haec in tres
390 2783 1253 2831 4a 1. inquirit, vtrum boni, & mali se mutuo videant vs
397 2819 1228 2870 que ad iudicium. Secundo ostendit, quod malorum poe
386 2862 1235 2908 na a beatis visa non prouocat beatos ad compassioni
385 2902 1242 2948 affectum. Tertio, quod horror illius poenae visus a beatis
384 2941 1223 2992 non minuit, sed potius auget suae felicitatis effectum. Se
391 2981 1230 3021 cunda, ibi, Sed cum sancti. Tertia ibi, Postremo quaeritur
427 3019 1228 3065 Et in hoc terminatur diuisio, & sententia istius lectio
381 3048 1088 3119 nis in generali Circa quam quaero in speciali.
1607 337 1890 418 Questio 1.
1323 449 2173 497 An animae humanae corporibus exutae, quicquam
1418 493 2081 570 quam eorum, quae hic sunt, intelligant.
1353 842 2157 912 VTRVM anima humana a corpore separata intelli¬
1326 882 2156 934 Vgat ea, quae fiunt in hoc mundo. Et videtur, quod non¬
1357 925 2159 977 Quia sicut se habent colores ad visum, sic se habeni
1311 967 2165 1025 phantasmata ad intellectum. Sed visus nihil potest vide
1306 1018 2164 1063 re sine colore: ergo anima nihil poterit intelligere sine
1307 1051 2169 1103 phantasmate. Cum igitur anima separata careat phanta
1303 1094 2162 1137 sia, quae fundatur in organo corporali, & per consequens,
1301 1128 2158 1190 careat phantasmate: ergo videtur, quod nihil possit intel
1311 1169 2158 1222 ligere. Maior habetur;. de anima. Veritatem etiam mi
1302 1214 1818 1261 noris quilibet experietur in seipso
1340 1247 2159 1298 Contra sicut hic patet in littera diues rogauit pro fra
1301 1289 2148 1331 tribus suis, quando anima sua fuit in inferno, & per con¬
1296 1330 2154 1374 sequens a corpore fuit separata, quia nondum ille diues
1296 1371 2148 1413 surrexit a mortuis. ereo cognouit fratres suos, qui adhus
1304 1411 2151 1453 vixerunt in hoc mundo Circa istam quaestionem, more
1297 1445 2156 1492 solito hucusque seruato, quattuor sunt videnda. Primo
1296 1484 2147 1533 vtrum anima separata aliquid intelligat. Secundo, vtrum
1304 1529 2151 1575 intelligat per speciem ab actu realitet differentem. Ter
1298 1566 2159 1614 tio de principali quaesito. Quarto vtrum damnati videant
1299 1607 1926 1676 gloriam existentium in coelesti paradiso.
1489 1676 1965 1767 RESOLVTIO
1296 1791 2162 1840 Et si anima humana a corpore se iuncta intelligentias, ceteraque
1328 1838 2150 1880 natur aliter cognoscibilia (ni per accidens prohibeatur, ne apre
1337 1880 2157 1929 pria videatur destitui operatione) perfecte intelligat : Verum
1332 1923 2154 1969 tamen, ut magnitudini coniuncta, nil extrase, nisi mediante spe
1340 1954 2147 1997 tie intelligibili, ac indiuiduum per se, licet non primo cogno¬
1327 1990 2156 2038 scat ita ab eadam separata res particulares per species ab idas
1325 2036 1925 2087 diuinis deriuatas immediate intelligi possunt
1409 2111 2010 2193 ARTICVLV S 1.
1386 2200 2141 2281 Vtrum anima separata aliquid intelligat.
1360 2305 2146 2368 VANTVM ad primum tria sunt videnda. Primo
1407 2356 2151 2399 de eo, quod petitur, scilicet vtrum anima separata
1289 2394 2147 2448 aliquid itelligat Secundo, vtrum substantias separatas in
1298 2429 2141 2486 telligat. Tertio, vtrum omnia naturaliter cognoscibili¬
1289 2472 2108 2518 cognoscat. Et secundum hoc pono tres conclusiones.
1335 2514 2163 2564 Prima est, quod anima a corpore separata vere intel
1290 2537 2140 2604 ligit aliqua: Quia nulla res penitus destituitur a sua pro
1305 2594 2151 2642 pria operatione, vt patet. 2. coe. & mun Sed intelligere est
1300 2633 2141 2679 propria operatio animae: ergo si manet anima post mot
1291 2676 2142 2727 tem hominis, sicut ponit fides catholica, ac etiam vera phi
1292 2707 2146 2760 losophia, oportet, quod aliquid intelligat. Et istam veri
1289 2748 2151 2804 tatem asterit Auic. in o, suorum nataralium, dicens, quod aia
1290 2785 2086 2833 se parata clarius intelligit veritatem, quam coniuncta.
1284 2823 2140 2878 Sed contra istam conclonem pot argui multipliciter. 1. sic¬
1301 2866 2125 2924 1 Deus, & natura nihil faciunt frustra, vt dicitur 1
1287 2905 2141 2958 li: Sed si aia posset intelligere sine corpore, tunc frustra
1288 2944 2144 3002 coniugeretur corpori: ergo aia nihil itelligit sine corpore¬
1365 2984 2135 3037 Praeterea, aia humana nihil intelligit, nisi medianti¬
1285 3012 2139 3078 bus formis acceptis ab ipsis sensib Sed post hanc vita ni
1275 3059 2133 3119 hil accipit a sensibus: ergo &c. Maior patet. 3. de anima,
1292 3105 2132 3156 vbi dicitur, quod aia in suo primordio nascitur sicut ta¬
1284 3144 2103 3199 bula rasa, in qua nihil est depictum, aptatmen nata depingi
1320 3182 2123 3251 Ex quo patet, quod anima non, habet aliquas rerum
