<?xml version="1.0" encoding="UTF-8" standalone="yes"?>
<PcGts xmlns="http://schema.primaresearch.org/PAGE/gts/pagecontent/2013-07-15" xmlns:xsi="http://www.w3.org/2001/XMLSchema-instance" xsi:schemaLocation="http://schema.primaresearch.org/PAGE/gts/pagecontent/2013-07-15 http://schema.primaresearch.org/PAGE/gts/pagecontent/2013-07-15/pagecontent.xsd">
    <Metadata>
        <Creator>prov=University of Rostock/Institute of Mathematics/CITlab|PLANET AI GmbH/Gundram Leifert/gundram.leifert@planet-ai.de:name=cod-P122zz-m2(htr_id=26330)::::v=2.6.7
prov=University of Rostock/Institute of Mathematics/CITlab|PLANET AI GmbH/Tobias Gruening/tobias.gruening@planet-ai.de:name=de.uros.citlab.module.baseline2polygon.B2PSeamMultiOriented:v=2.6.7
prov=University of Rostock/Institute of Mathematics/CITlab|PLANET AI GmbH/Tobias Gruening/tobias.gruening@planet-ai.de:name=/net_tf/LA73_249_0mod360.pb:de.uros.citlab.segmentation.CITlab_LA_ML:v=2.6.6
Transkribus</Creator>
        <Created>2020-10-05T23:24:18.190+02:00</Created>
        <LastChange>2020-10-23T22:21:49.041+02:00</LastChange>
        <TranskribusMetadata docId="505580" pageId="20954795" pageNr="517" tsid="46655398" status="IN_PROGRESS" userId="25065" imgUrl="https://files.transkribus.eu/Get?id=ZHDZZPRITNIPXHBXOBYGGUHA&amp;fileType=view" xmlUrl="https://files.transkribus.eu/Get?id=DXBCIJHMHTVWHCTUSHGSGFXG" imageId="16095992"/>
    </Metadata>
    <Page imageFilename="516.jpg" imageWidth="2394" imageHeight="3549">
        <ReadingOrder>
            <OrderedGroup id="ro_1603931047427" caption="Regions reading order">
                <RegionRefIndexed index="0" regionRef="TextRegion_1603041028017_3374"/>
                <RegionRefIndexed index="1" regionRef="TextRegion_1603041028017_3373"/>
            </OrderedGroup>
        </ReadingOrder>
        <TextRegion orientation="0.0" id="TextRegion_1603041028017_3374" custom="readingOrder {index:0;}">
            <Coords points="207,261 1090,261 1090,3223 207,3223"/>
            <TextLine id="line_1603041011156_3364" custom="readingOrder {index:0;}">
                <Coords points="202,355 1057,362 1088,358 1088,302 202,313"/>
                <Baseline points="207,350 215,350 266,350 317,350 368,350 419,350 470,350 521,350 572,350 623,350 674,350 725,350 776,350 827,350 878,350 929,350 980,350 1031,351 1083,351"/>
                <TextEquiv>
                    <Unicode>.SIMIIIIER contra secundam conclusionem ali¬</Unicode>
                </TextEquiv>
            </TextLine>
            <TextLine id="r1l7" custom="readingOrder {index:1;}">
                <Coords points="253,408 1091,402 1091,356 253,356"/>
                <Baseline points="258,389 299,390 340,390 382,392 423,392 465,392 506,392 547,392 589,392 630,392 672,392 713,392 754,392 796,390 837,390 879,390 920,391 961,392 1003,392 1044,393 1086,395"/>
                <TextEquiv>
                    <Unicode>ui haeretici, qui peccatum hominis retorquent in Deum,</Unicode>
                </TextEquiv>
            </TextLine>
            <TextLine id="r1l10" custom="readingOrder {index:2;}">
                <Coords points="249,439 349,438 382,454 409,437 456,445 516,441 515,408 495,399 466,408 416,401 404,410 372,400 318,408 294,397 249,410"/>
                <Baseline points="255,432 280,431 306,431 331,429 357,429 382,429 408,428 433,428 459,429 484,430 510,432"/>
                <TextEquiv>
                    <Unicode>possent arguere sic</Unicode>
                </TextEquiv>
            </TextLine>
            <TextLine id="r1l11" custom="readingOrder {index:3;}">
                <Coords points="249,475 1082,482 1082,435 1033,428 249,439"/>
                <Baseline points="255,470 296,470 337,470 378,470 419,470 460,468 501,468 542,468 583,468 624,468 666,468 707,468 748,468 789,470 830,470 871,470 912,470 953,470 994,471 1035,471 1077,471"/>
                <TextEquiv>
                    <Unicode>1 Quia ille, qui tradit aliquem in sensum peruersum,</Unicode>
                </TextEquiv>
            </TextLine>
            <TextLine id="r1l14" custom="readingOrder {index:4;}">
                <Coords points="240,517 1085,520 1085,482 1025,478 240,475"/>
                <Baseline points="246,510 287,509 329,509 371,509 412,509 454,507 496,507 537,507 579,507 621,507 663,506 704,506 746,506 788,506 829,506 871,507 913,507 954,507 996,507 1038,509 1080,509"/>
                <TextEquiv>
                    <Unicode>videtur esse causa suae peruersitatis: sed dicit Apost. Tra¬</Unicode>
                </TextEquiv>
            </TextLine>
            <TextLine id="r1l17" custom="readingOrder {index:5;}">
                <Coords points="231,562 964,567 1081,557 1081,518 231,524"/>
                <Baseline points="236,549 278,548 320,548 362,548 404,548 446,548 488,548 530,546 572,546 614,546 656,546 698,546 740,546 782,546 824,546 866,546 908,546 950,548 992,548 1034,548 1076,549"/>
                <TextEquiv>
                    <Unicode>didit eos Deus in reprobum sensum, vt faciant quae non </Unicode>
                </TextEquiv>
            </TextLine>
            <TextLine id="r1l20" custom="readingOrder {index:6;}">
                <Coords points="229,599 1066,600 1079,556 229,562"/>
                <Baseline points="234,587 276,587 318,588 360,588 402,587 444,587 486,587 528,587 570,587 612,587 654,585 696,585 738,585 780,585 822,585 864,585 906,585 948,585 990,585 1032,587 1074,587"/>
                <TextEquiv>
                    <Unicode>conueniunt. Et ibidem ait glosa, quae accepta est de libro</Unicode>
                </TextEquiv>
            </TextLine>
            <TextLine id="r1l22" custom="readingOrder {index:7;}">
                <Coords points="240,637 1082,635 1073,596 240,596"/>
                <Baseline points="245,627 286,627 328,627 369,626 411,626 452,626 494,626 535,626 577,624 618,624 660,624 702,624 743,624 785,624 826,624 868,624 909,626 951,626 992,626 1034,626 1076,627"/>
                <TextEquiv>
                    <Unicode>Aug. qui intitulatur de gratia, &amp; libero arbitrio. Manife¬</Unicode>
                </TextEquiv>
            </TextLine>
            <TextLine id="r1l26" custom="readingOrder {index:8;}">
                <Coords points="235,672 1078,676 1078,635 235,636"/>
                <Baseline points="240,665 281,666 323,666 364,666 406,666 448,665 489,665 531,665 573,665 614,665 656,665 698,665 739,665 781,665 823,665 864,665 906,665 948,665 989,665 1031,666 1073,666"/>
                <TextEquiv>
                    <Unicode>stum est Deum operari in cordibus hominum, inclinan¬</Unicode>
                </TextEquiv>
            </TextLine>
            <TextLine id="r1l28" custom="readingOrder {index:9;}">
                <Coords points="218,713 1075,718 1075,673 218,680"/>
                <Baseline points="224,704 266,704 308,704 350,705 393,705 435,705 477,705 520,704 562,704 604,704 647,704 689,704 731,704 773,704 816,704 858,704 900,704 943,704 985,704 1027,705 1070,707"/>
                <TextEquiv>
                    <Unicode>do voluntates eorum in quodcuque voluerit, siuc bonum,</Unicode>
                </TextEquiv>
            </TextLine>
            <TextLine id="r1l30" custom="readingOrder {index:10;}">
                <Coords points="228,752 1070,756 1058,711 228,714"/>
                <Baseline points="234,746 275,746 317,746 358,746 400,746 441,746 483,746 524,744 566,744 607,744 649,744 691,744 732,744 774,744 815,744 857,744 898,744 940,744 981,744 1023,744 1065,744"/>
                <TextEquiv>
                    <Unicode>siue malum: sed inclinare aliquem ad malum videtur esse</Unicode>
                </TextEquiv>
            </TextLine>
            <TextLine id="r1l32" custom="readingOrder {index:11;}">
                <Coords points="215,804 255,795 278,802 294,790 439,803 527,792 526,755 333,754 286,765 259,753 215,756"/>
                <Baseline points="221,789 246,787 271,785 296,785 321,784 346,783 371,783 396,783 421,783 446,784 471,785 496,785 521,785"/>
                <TextEquiv>
                    <Unicode>peccatum: ergo &amp;c.</Unicode>
                </TextEquiv>
            </TextLine>
            <TextLine id="r1l34" custom="readingOrder {index:12;}">
                <Coords points="246,838 1071,830 1071,793 981,782 246,791"/>
                <Baseline points="252,824 292,824 333,824 373,824 414,824 455,824 495,824 536,824 577,822 617,822 658,822 699,822 739,822 780,822 821,822 861,822 902,822 943,822 983,823 1024,824 1065,824"/>
                <TextEquiv>
                    <Unicode>2 Praeterea, quicquid est causa causae, videtur esse causa</Unicode>
                </TextEquiv>
            </TextLine>
            <TextLine id="r1l36" custom="readingOrder {index:13;}">
                <Coords points="216,874 1064,876 1077,835 216,842"/>
                <Baseline points="222,864 264,863 306,863 349,863 391,862 434,861 476,861 519,861 561,861 604,861 646,861 688,861 731,861 773,863 816,863 858,863 901,863 943,863 986,863 1028,863 1071,864"/>
                <TextEquiv>
                    <Unicode>causati: sed Deus est causa liberi arbitrij, quod est causa</Unicode>
                </TextEquiv>
            </TextLine>
            <TextLine id="r1l38" custom="readingOrder {index:14;}">
                <Coords points="219,925 1059,913 1067,874 218,876"/>
                <Baseline points="224,905 265,903 307,903 349,903 391,903 433,903 475,902 517,902 559,902 601,902 643,902 684,902 726,902 768,902 810,902 852,902 894,902 936,902 978,902 1020,902 1062,903"/>
                <TextEquiv>
                    <Unicode>peecati, est etiam causa omnium qualitatum nos inflam¬</Unicode>
                </TextEquiv>
            </TextLine>
            <TextLine id="r1l40" custom="readingOrder {index:15;}">
                <Coords points="220,954 904,963 985,947 985,910 220,923"/>
                <Baseline points="225,941 262,941 300,942 338,942 376,941 413,941 451,941 489,941 527,941 564,939 602,939 640,939 678,939 715,939 753,939 791,939 829,939 866,939 904,939 942,941 980,942"/>
                <TextEquiv>
                    <Unicode>mantium, &amp; inclinantium ad peccandum: ergo &amp;c</Unicode>
                </TextEquiv>
            </TextLine>
            <TextLine id="r1l42" custom="readingOrder {index:16;}">
                <Coords points="218,983 985,996 1064,988 1064,946 218,954"/>
                <Baseline points="224,980 265,980 307,980 349,980 390,980 432,980 474,980 515,980 557,980 599,980 641,980 682,978 724,978 766,978 807,978 849,978 891,980 932,980 974,980 1016,981 1058,983"/>
                <TextEquiv>
                    <Unicode>3 Praeterea, ex determinatione Inmocentij dicitur in</Unicode>
                </TextEquiv>
            </TextLine>
            <TextLine id="r1l44" custom="readingOrder {index:17;}">
                <Coords points="229,1030 1073,1025 1073,998 999,989 229,991"/>
                <Baseline points="234,1020 275,1020 317,1019 359,1019 400,1019 442,1019 484,1018 525,1017 567,1017 609,1017 651,1017 692,1017 734,1017 776,1017 817,1017 859,1017 901,1019 942,1019 984,1019 1026,1019 1068,1020"/>
                <TextEquiv>
                    <Unicode>decretis. Nec caret serupulo societatis occultae, qui ma¬</Unicode>
                </TextEquiv>
            </TextLine>
            <TextLine id="r1l46" custom="readingOrder {index:18;}">
                <Coords points="219,1069 1035,1072 1073,1067 1073,1032 219,1039"/>
                <Baseline points="224,1059 266,1059 308,1059 350,1059 392,1059 434,1059 476,1059 519,1058 561,1058 603,1058 645,1058 687,1058 729,1058 771,1058 814,1058 856,1058 898,1058 940,1058 982,1059 1024,1059 1067,1059"/>
                <TextEquiv>
                    <Unicode>nifesto facinori desinit obuiare: Sed Deus peccatum cuius¬</Unicode>
                </TextEquiv>
            </TextLine>
            <TextLine id="r1l48" custom="readingOrder {index:19;}">
                <Coords points="216,1112 985,1103 1064,1123 1053,1070 216,1070"/>
                <Baseline points="221,1100 262,1100 304,1099 346,1098 388,1098 430,1098 472,1097 513,1097 555,1097 597,1095 639,1095 681,1095 723,1095 765,1095 806,1095 848,1095 890,1096 932,1097 974,1097 1016,1098 1058,1100"/>
                <TextEquiv>
                    <Unicode>libet creaturae posset, si vellet, totaliter praeuenire. ergo</Unicode>
                </TextEquiv>
            </TextLine>
            <TextLine id="r1l51" custom="readingOrder {index:20;}">
                <Coords points="240,1156 1067,1153 1067,1109 984,1104 241,1108"/>
                <Baseline points="246,1137 286,1137 327,1137 368,1137 409,1137 449,1137 490,1136 531,1136 572,1136 612,1136 653,1136 694,1136 735,1136 775,1137 816,1137 857,1137 898,1137 938,1139 979,1139 1020,1139 1061,1140"/>
                <TextEquiv>
                    <Unicode>4 Praeterea, qui indurat alium, ne resiliat a peccato, seu</Unicode>
                </TextEquiv>
            </TextLine>
            <TextLine id="r1l53" custom="readingOrder {index:21;}">
                <Coords points="212,1185 1070,1189 1070,1151 1005,1146 212,1143"/>
                <Baseline points="218,1179 260,1179 302,1178 344,1178 387,1178 429,1176 471,1176 514,1176 556,1176 598,1175 641,1175 683,1175 725,1175 767,1175 810,1175 852,1176 894,1176 937,1176 979,1178 1021,1178 1064,1179"/>
                <TextEquiv>
                    <Unicode>inclinat ad perseuerandum in peccato, ille videtur peccare:</Unicode>
                </TextEquiv>
            </TextLine>
            <TextLine id="r1l56" custom="readingOrder {index:22;}">
                <Coords points="219,1230 1043,1230 1043,1194 986,1184 219,1187"/>
                <Baseline points="224,1217 264,1217 305,1217 346,1217 386,1217 427,1217 468,1215 508,1215 549,1215 590,1215 631,1215 671,1214 712,1214 753,1214 793,1214 834,1214 875,1215 915,1215 956,1217 997,1218 1038,1218"/>
                <TextEquiv>
                    <Unicode>sed Deus indurauit cor Phar, vt saepius apparet in Exo.</Unicode>
                </TextEquiv>
            </TextLine>
            <TextLine id="r1l58" custom="readingOrder {index:23;}">
                <Coords points="238,1271 1074,1271 1074,1227 237,1230"/>
                <Baseline points="243,1259 284,1258 325,1257 366,1256 408,1255 449,1254 490,1254 531,1253 573,1253 614,1253 655,1253 696,1253 738,1253 779,1253 820,1254 861,1254 903,1254 944,1255 985,1256 1026,1257 1068,1257"/>
                <TextEquiv>
                    <Unicode>3 Praeterea, qui subtrahit illud, sine quo peccatum vi¬</Unicode>
                </TextEquiv>
            </TextLine>
            <TextLine id="r1l60" custom="readingOrder {index:24;}">
                <Coords points="214,1308 1058,1305 1026,1259 214,1267"/>
                <Baseline points="219,1299 260,1298 302,1296 344,1296 385,1295 427,1295 469,1293 510,1293 552,1293 594,1292 636,1292 677,1292 719,1292 761,1292 802,1292 844,1292 886,1293 927,1293 969,1295 1011,1296 1053,1296"/>
                <TextEquiv>
                    <Unicode>tare non possumus, est causa peccati: sed Deus subtrahen¬</Unicode>
                </TextEquiv>
            </TextLine>
            <TextLine id="r1l62" custom="readingOrder {index:25;}">
                <Coords points="229,1352 1064,1343 1064,1311 980,1302 229,1306"/>
                <Baseline points="234,1337 275,1337 316,1335 357,1335 399,1335 440,1334 481,1334 522,1333 564,1332 605,1332 646,1332 687,1331 729,1331 770,1331 811,1331 852,1332 894,1332 935,1334 976,1334 1017,1335 1059,1337"/>
                <TextEquiv>
                    <Unicode>dso gratiam suam, subtrahlt illud, sine quo nec possumus</Unicode>
                </TextEquiv>
            </TextLine>
            <TextLine id="r1l64" custom="readingOrder {index:26;}">
                <Coords points="218,1390 1015,1396 1070,1388 1070,1343 218,1351"/>
                <Baseline points="224,1376 266,1376 308,1374 350,1374 392,1373 434,1373 476,1371 518,1371 560,1371 602,1371 644,1371 686,1371 728,1371 770,1371 812,1371 854,1371 896,1372 938,1373 980,1373 1022,1374 1065,1376"/>
                <TextEquiv>
                    <Unicode>operari bonum, nec vitare malum, vt patet per August.</Unicode>
                </TextEquiv>
            </TextLine>
            <TextLine id="r1l65" custom="readingOrder {index:27;}">
                <Coords points="219,1429 1064,1425 1064,1390 909,1380 219,1390"/>
                <Baseline points="225,1415 266,1415 308,1413 350,1413 391,1412 433,1412 475,1412 516,1410 558,1410 600,1410 642,1410 683,1410 725,1410 767,1410 808,1410 850,1410 892,1410 933,1412 975,1412 1017,1413 1059,1415"/>
                <TextEquiv>
                    <Unicode>qui in libro de natura, &amp; gratia, sic ait. Cratia in anima</Unicode>
                </TextEquiv>
            </TextLine>
            <TextLine id="r1l69" custom="readingOrder {index:28;}">
                <Coords points="216,1461 1071,1468 1071,1425 994,1419 216,1427"/>
                <Baseline points="221,1454 263,1454 305,1452 347,1452 389,1451 432,1451 474,1449 516,1449 558,1449 600,1448 643,1448 685,1448 727,1448 769,1448 811,1448 854,1449 896,1449 938,1451 980,1451 1022,1452 1065,1454"/>
                <TextEquiv>
                    <Unicode>est sicut lux, per quam homo bonum operatur, &amp; sine qua</Unicode>
                </TextEquiv>
            </TextLine>
            <TextLine id="r1l72" custom="readingOrder {index:29;}">
                <Coords points="219,1502 1061,1500 1060,1462 988,1456 219,1463"/>
                <Baseline points="224,1493 265,1493 307,1493 348,1493 390,1491 431,1491 473,1491 514,1490 556,1490 597,1490 639,1490 681,1490 722,1490 764,1490 805,1490 847,1490 888,1490 930,1490 971,1491 1013,1491 1055,1493"/>
                <TextEquiv>
                    <Unicode>bonum operari non potest. Et in lib confestait. Oratia</Unicode>
                </TextEquiv>
            </TextLine>
            <TextLine id="r1l74" custom="readingOrder {index:30;}">
                <Coords points="222,1543 1038,1541 1067,1539 1067,1501 222,1511"/>
                <Baseline points="228,1533 269,1533 311,1532 353,1530 394,1530 436,1529 478,1529 519,1529 561,1527 603,1527 645,1526 686,1526 728,1526 770,1526 811,1527 853,1527 895,1528 936,1529 978,1530 1020,1532 1062,1533"/>
                <TextEquiv>
                    <Unicode>tuae deputo quaecumque mala non feci, sed malum non</Unicode>
                </TextEquiv>
            </TextLine>
            <TextLine id="r1l75" custom="readingOrder {index:31;}">
                <Coords points="209,1592 1010,1590 1064,1581 1064,1538 209,1549"/>
                <Baseline points="215,1572 257,1571 299,1571 341,1571 383,1571 426,1571 468,1571 510,1571 552,1571 594,1571 637,1571 679,1569 721,1569 763,1569 805,1569 848,1571 890,1571 932,1571 974,1571 1016,1571 1059,1572"/>
                <TextEquiv>
                    <Unicode>facere non esset imputandum gratiae, si carens gratia pos¬</Unicode>
                </TextEquiv>
            </TextLine>
            <TextLine id="r1l77" custom="readingOrder {index:32;}">
                <Coords points="223,1620 313,1618 327,1625 337,1619 350,1627 361,1616 396,1614 425,1625 457,1616 457,1579 411,1586 395,1578 339,1580 315,1588 281,1582 267,1590 232,1579 222,1583"/>
                <Baseline points="228,1614 256,1612 284,1611 312,1610 340,1610 368,1610 396,1608 424,1610 452,1610"/>
                <TextEquiv>
                    <Unicode>set non peccare</Unicode>
                </TextEquiv>
            </TextLine>
            <TextLine id="r1l82" custom="readingOrder {index:33;}">
                <Coords points="268,1658 1067,1662 1067,1615 268,1623"/>
                <Baseline points="273,1650 312,1650 351,1649 391,1649 430,1649 470,1647 509,1647 549,1647 588,1647 628,1647 667,1646 706,1646 746,1646 785,1646 825,1647 864,1647 904,1647 943,1648 983,1649 1022,1650 1062,1650"/>
                <TextEquiv>
                    <Unicode>Ad primum primae conclusionis dicendum ad minoren</Unicode>
                </TextEquiv>
            </TextLine>
            <TextLine id="r1l86" custom="readingOrder {index:34;}">
                <Coords points="234,1710 1074,1695 1074,1661 1018,1655 234,1653"/>
                <Baseline points="239,1691 280,1690 321,1689 363,1688 404,1687 446,1686 487,1686 529,1686 570,1685 612,1685 653,1685 694,1685 736,1686 777,1686 819,1686 860,1686 902,1686 943,1688 985,1688 1026,1688 1068,1688"/>
                <TextEquiv>
                    <Unicode>quod quamuis consequentia, quae producitur, praetendi¬</Unicode>
                </TextEquiv>
            </TextLine>
            <TextLine id="r1l89" custom="readingOrder {index:35;}">
                <Coords points="230,1738 1064,1742 1064,1704 328,1710 307,1691 230,1710"/>
                <Baseline points="236,1730 277,1730 318,1728 359,1728 400,1728 441,1727 482,1727 524,1726 565,1725 606,1725 647,1725 688,1725 729,1725 770,1725 812,1725 853,1725 894,1725 935,1725 976,1727 1017,1727 1059,1728"/>
                <TextEquiv>
                    <Unicode>turque in illa propositone condicionali, sit vera: tamen an¬</Unicode>
                </TextEquiv>
            </TextLine>
            <TextLine id="r1l93" custom="readingOrder {index:36;}">
                <Coords points="225,1777 1058,1781 1058,1739 1013,1732 225,1739"/>
                <Baseline points="230,1769 271,1768 312,1767 353,1767 394,1767 435,1766 476,1766 517,1766 558,1764 599,1764 641,1764 682,1764 723,1764 764,1763 805,1764 846,1764 887,1764 928,1764 969,1766 1010,1766 1052,1767"/>
                <TextEquiv>
                    <Unicode>tecedens, &amp; consequens sunt impossibilia; impossibili</Unicode>
                </TextEquiv>
            </TextLine>
            <TextLine id="r1l96" custom="readingOrder {index:37;}">
                <Coords points="222,1820 1064,1816 1063,1782 892,1767 222,1788"/>
                <Baseline points="227,1808 268,1808 310,1808 351,1806 393,1806 434,1806 476,1805 517,1805 559,1805 600,1803 642,1803 684,1803 725,1803 767,1803 808,1803 850,1803 891,1803 933,1803 974,1805 1016,1805 1058,1805"/>
                <TextEquiv>
                    <Unicode>enim est, quod Deus velit peccare, &amp; impossibile est cum</Unicode>
                </TextEquiv>
            </TextLine>
            <TextLine id="r1l98" custom="readingOrder {index:38;}">
                <Coords points="222,1865 1070,1858 1070,1813 222,1820"/>
                <Baseline points="227,1847 268,1847 310,1847 352,1845 394,1845 436,1845 478,1844 520,1844 562,1844 604,1844 646,1843 687,1842 729,1842 771,1842 813,1842 855,1842 897,1844 939,1844 981,1844 1023,1845 1065,1847"/>
                <TextEquiv>
                    <Unicode>posse peccare. Vnde simile est de praedicta consequentia:</Unicode>
                </TextEquiv>
            </TextLine>
            <TextLine id="r1l100" custom="readingOrder {index:39;}">
                <Coords points="226,1896 1064,1892 1053,1852 226,1855"/>
                <Baseline points="231,1886 272,1886 313,1886 355,1886 396,1884 438,1884 479,1884 520,1883 562,1883 603,1883 645,1883 686,1883 727,1881 769,1881 810,1883 852,1883 893,1883 934,1883 976,1884 1017,1884 1059,1886"/>
                <TextEquiv>
                    <Unicode>sicut, si diceretur: asinus habet penas, si volat: consequen</Unicode>
                </TextEquiv>
            </TextLine>
            <TextLine id="r1l102" custom="readingOrder {index:40;}">
                <Coords points="223,1936 1022,1941 1065,1934 1065,1892 223,1897"/>
                <Baseline points="228,1926 269,1925 311,1925 352,1925 394,1923 435,1923 477,1923 518,1922 560,1922 601,1922 643,1922 685,1922 726,1922 768,1922 809,1923 851,1923 892,1923 934,1925 975,1925 1017,1926 1059,1926"/>
                <TextEquiv>
                    <Unicode>tia enim est vera, quamuis antecedens sit impossibile, &amp; </Unicode>
                </TextEquiv>
            </TextLine>
            <TextLine id="r1l104" custom="readingOrder {index:41;}">
                <Coords points="234,1983 275,1971 677,1972 677,1933 656,1930 521,1941 357,1926 234,1933"/>
                <Baseline points="240,1965 265,1964 290,1964 316,1964 341,1962 367,1962 392,1962 417,1962 443,1961 468,1961 494,1961 519,1961 544,1961 570,1961 595,1961 621,1962 646,1962 672,1962"/>
                <TextEquiv>
                    <Unicode>similiter consequens: ideo &amp;c.</Unicode>
                </TextEquiv>
            </TextLine>
            <TextLine id="r1l106" custom="readingOrder {index:42;}">
                <Coords points="264,2018 1062,2012 1062,1971 264,1972"/>
                <Baseline points="269,2003 308,2003 347,2003 387,2003 426,2003 465,2002 505,2001 544,2001 583,2001 623,2001 662,2000 701,2000 741,2000 780,2000 819,2000 859,2001 898,2001 937,2001 977,2003 1016,2003 1056,2004"/>
                <TextEquiv>
                    <Unicode>Ad secundum dicendum, quod duplex est occasio. s</Unicode>
                </TextEquiv>
            </TextLine>
            <TextLine id="r1l108" custom="readingOrder {index:43;}">
                <Coords points="231,2053 1063,2056 1070,2018 317,2024 230,2000"/>
                <Baseline points="236,2043 277,2043 318,2043 360,2042 401,2042 443,2042 484,2041 526,2040 567,2040 609,2040 650,2040 691,2039 733,2039 774,2039 816,2039 857,2040 899,2040 940,2042 982,2042 1023,2043 1065,2045"/>
                <TextEquiv>
                    <Unicode>data, puta, actiue se habens ex parte dantis occasionem,</Unicode>
                </TextEquiv>
            </TextLine>
            <TextLine id="r1l110" custom="readingOrder {index:44;}">
                <Coords points="219,2090 1067,2092 1053,2047 219,2054"/>
                <Baseline points="224,2082 265,2082 307,2082 349,2081 391,2081 433,2081 475,2081 517,2081 559,2079 601,2079 643,2079 684,2079 726,2079 768,2079 810,2079 852,2079 894,2079 936,2079 978,2079 1020,2080 1062,2081"/>
                <TextEquiv>
                    <Unicode>&amp; oceasio accepta, puta, passiue se habens ex parte reci¬</Unicode>
                </TextEquiv>
            </TextLine>
            <TextLine id="r1l112" custom="readingOrder {index:45;}">
                <Coords points="234,2139 1057,2135 1064,2088 234,2091"/>
                <Baseline points="240,2121 283,2121 326,2121 369,2121 412,2120 455,2120 498,2120 541,2118 584,2118 627,2118 671,2118 714,2118 757,2118 800,2118 843,2118 886,2118 929,2118 972,2120 1015,2120 1059,2121"/>
                <TextEquiv>
                    <Unicode>ientis occasionem: Primo modo, aliquo modo occasio</Unicode>
                </TextEquiv>
            </TextLine>
            <TextLine id="r1l114" custom="readingOrder {index:46;}">
                <Coords points="230,2168 1061,2177 1038,2127 230,2141"/>
                <Baseline points="236,2162 277,2161 318,2160 359,2159 400,2159 441,2159 482,2157 523,2157 564,2157 605,2157 646,2157 687,2157 728,2157 769,2157 810,2157 851,2157 892,2158 933,2159 974,2159 1015,2160 1056,2160"/>
                <TextEquiv>
                    <Unicode>peccati insurgens ab aliquo praecepto retorquetur in pre</Unicode>
                </TextEquiv>
            </TextLine>
            <TextLine id="r1l117" custom="readingOrder {index:47;}">
                <Coords points="228,2212 1018,2213 1060,2206 1060,2177 228,2178"/>
                <Baseline points="233,2201 274,2201 315,2199 356,2199 397,2199 438,2199 479,2198 520,2198 561,2198 602,2198 644,2198 685,2198 726,2198 767,2198 808,2198 849,2198 890,2198 931,2198 972,2198 1013,2198 1055,2198"/>
                <TextEquiv>
                    <Unicode>tipientem, iuxta illud Psal. Nunquid adheret tibi sedes</Unicode>
                </TextEquiv>
            </TextLine>
            <TextLine id="r1l119" custom="readingOrder {index:48;}">
                <Coords points="225,2252 1067,2251 1049,2205 225,2210"/>
                <Baseline points="231,2241 272,2240 314,2240 355,2239 397,2238 438,2238 480,2238 521,2237 563,2237 604,2237 646,2237 688,2237 729,2237 771,2237 812,2237 854,2237 895,2237 937,2237 978,2237 1020,2238 1062,2238"/>
                <TextEquiv>
                    <Unicode>iniquitatis, qui fingis laborem in praecepto. Sed secundo</Unicode>
                </TextEquiv>
            </TextLine>
            <TextLine id="r1l121" custom="readingOrder {index:49;}">
                <Coords points="227,2289 1065,2292 1041,2246 227,2252"/>
                <Baseline points="233,2280 274,2279 315,2279 356,2279 398,2277 439,2277 480,2277 522,2277 563,2276 604,2276 646,2276 687,2276 728,2276 769,2276 811,2276 852,2276 893,2276 935,2277 976,2277 1017,2277 1059,2277"/>
                <TextEquiv>
                    <Unicode>modo non: Et quia praeceptum Dei in se fuit virtuosum,</Unicode>
                </TextEquiv>
            </TextLine>
            <TextLine id="r1l123" custom="readingOrder {index:50;}">
                <Coords points="224,2328 1064,2331 1064,2292 999,2284 224,2293"/>
                <Baseline points="230,2319 271,2319 312,2318 354,2318 395,2318 437,2317 478,2316 520,2316 561,2316 603,2316 644,2315 685,2315 727,2315 768,2315 810,2315 851,2315 893,2316 934,2316 976,2316 1017,2318 1059,2318"/>
                <TextEquiv>
                    <Unicode>&amp; bonum : igitur in ipso praecepto non fuit occasio data,</Unicode>
                </TextEquiv>
            </TextLine>
            <TextLine id="r1l125" custom="readingOrder {index:51;}">
                <Coords points="219,2373 1058,2367 1058,2334 990,2320 219,2331"/>
                <Baseline points="225,2358 266,2358 307,2357 349,2357 390,2357 431,2355 473,2355 514,2355 555,2355 597,2355 638,2354 679,2354 721,2354 762,2354 803,2354 845,2354 886,2354 927,2355 969,2355 1010,2355 1052,2355"/>
                <TextEquiv>
                    <Unicode>sed solum accepta, quare ex huiusmodi occasione non po</Unicode>
                </TextEquiv>
            </TextLine>
            <TextLine id="r1l127" custom="readingOrder {index:52;}">
                <Coords points="223,2406 1061,2410 1061,2370 222,2371"/>
                <Baseline points="228,2397 269,2396 310,2396 352,2396 393,2394 435,2394 476,2394 517,2394 559,2394 600,2394 642,2394 683,2394 724,2394 766,2394 807,2394 849,2394 890,2394 931,2394 973,2394 1014,2394 1056,2394"/>
                <TextEquiv>
                    <Unicode>test argui, quod Deus sit causa peccanti: Et idco Aposto¬</Unicode>
                </TextEquiv>
            </TextLine>
            <TextLine id="r1l129" custom="readingOrder {index:53;}">
                <Coords points="225,2451 1064,2440 1064,2410 1009,2402 225,2406"/>
                <Baseline points="230,2436 271,2436 312,2435 354,2435 395,2435 437,2433 478,2433 519,2433 561,2433 602,2433 644,2432 685,2432 726,2432 768,2432 809,2432 851,2433 892,2433 933,2433 975,2433 1016,2435 1058,2435"/>
                <TextEquiv>
                    <Unicode>lus tractans istam materiam ait. Decasione accepta, pec¬</Unicode>
                </TextEquiv>
            </TextLine>
            <TextLine id="r1l132" custom="readingOrder {index:54;}">
                <Coords points="222,2483 1069,2484 1069,2441 222,2453"/>
                <Baseline points="227,2475 268,2475 310,2475 352,2475 394,2474 436,2474 478,2474 519,2474 561,2472 603,2472 645,2472 687,2472 729,2472 771,2471 812,2471 854,2471 896,2472 938,2472 980,2472 1022,2474 1064,2475"/>
                <TextEquiv>
                    <Unicode>catum per mandatum operatum est in me omnem con¬</Unicode>
                </TextEquiv>
            </TextLine>
            <TextLine id="r1l134" custom="readingOrder {index:55;}">
                <Coords points="218,2529 1060,2520 1060,2477 218,2486"/>
                <Baseline points="224,2516 265,2516 307,2514 348,2514 390,2514 431,2513 473,2513 514,2513 556,2513 597,2511 639,2511 681,2511 722,2511 764,2511 805,2511 847,2511 888,2511 930,2511 971,2511 1013,2513 1055,2513"/>
                <TextEquiv>
                    <Unicode>cupiseentiam, quasi dicat. In Dei mandato non fuit occasio</Unicode>
                </TextEquiv>
            </TextLine>
            <TextLine id="r1l136" custom="readingOrder {index:56;}">
                <Coords points="219,2576 1045,2562 1059,2520 219,2529"/>
                <Baseline points="224,2555 265,2555 306,2553 348,2553 389,2553 431,2552 472,2552 514,2552 555,2551 597,2550 638,2550 679,2550 721,2550 762,2550 804,2550 845,2549 887,2550 928,2550 970,2550 1011,2550 1053,2550"/>
                <TextEquiv>
                    <Unicode>peccati ex paite dantis, sed solum ex parte accipientis.</Unicode>
                </TextEquiv>
            </TextLine>
            <TextLine id="r1l138" custom="readingOrder {index:57;}">
                <Coords points="262,2603 1064,2602 1064,2558 261,2562"/>
                <Baseline points="267,2592 306,2592 346,2592 385,2592 425,2591 465,2591 504,2591 544,2591 583,2590 623,2589 663,2589 702,2589 742,2589 781,2589 821,2589 861,2589 900,2589 940,2589 979,2589 1019,2591 1059,2591"/>
                <TextEquiv>
                    <Unicode>Ad tertium patet ex his, quae dixi. 37. distin secundi</Unicode>
                </TextEquiv>
            </TextLine>
            <TextLine id="r1l140" custom="readingOrder {index:58;}">
                <Coords points="227,2640 1058,2636 1058,2604 986,2594 227,2604"/>
                <Baseline points="233,2631 274,2631 315,2631 356,2631 397,2631 438,2631 479,2631 520,2630 561,2630 602,2630 643,2628 684,2628 725,2628 766,2628 807,2627 848,2627 889,2627 930,2628 971,2628 1012,2629 1053,2630"/>
                <TextEquiv>
                    <Unicode>libri sententiarum. Dixi enim ibi, quod argumentum non</Unicode>
                </TextEquiv>
            </TextLine>
            <TextLine id="r1l142" custom="readingOrder {index:59;}">
                <Coords points="224,2690 1067,2682 1067,2636 224,2647"/>
                <Baseline points="230,2672 271,2672 313,2672 354,2671 396,2670 438,2670 479,2669 521,2669 562,2669 604,2667 646,2667 687,2666 729,2666 770,2666 812,2666 854,2666 895,2666 937,2667 978,2667 1020,2669 1062,2670"/>
                <TextEquiv>
                    <Unicode>plus conuincit, nisi quod Deus ipsius peccanti potest dici</Unicode>
                </TextEquiv>
            </TextLine>
            <TextLine id="r1l144" custom="readingOrder {index:60;}">
                <Coords points="215,2720 1067,2727 1067,2682 215,2692"/>
                <Baseline points="221,2711 263,2711 305,2711 347,2711 389,2711 431,2709 473,2709 515,2709 557,2708 599,2708 641,2706 683,2706 725,2706 767,2705 809,2705 851,2705 893,2705 935,2706 977,2706 1019,2708 1061,2708"/>
                <TextEquiv>
                    <Unicode>causa, sine qua non: quia si Deus subtraheret influentiam</Unicode>
                </TextEquiv>
            </TextLine>
            <TextLine id="r1l146" custom="readingOrder {index:61;}">
                <Coords points="219,2760 1067,2750 1039,2715 219,2719"/>
                <Baseline points="225,2751 266,2750 308,2750 350,2750 392,2748 434,2748 475,2748 517,2748 559,2748 601,2747 643,2747 684,2747 726,2747 768,2747 810,2747 852,2747 893,2747 935,2747 977,2747 1019,2747 1061,2747"/>
                <TextEquiv>
                    <Unicode>suam, peccator nec posset esse, nec operari, &amp; per conse¬</Unicode>
                </TextEquiv>
            </TextLine>
            <TextLine id="r1l148" custom="readingOrder {index:62;}">
                <Coords points="240,2797 369,2797 397,2809 412,2796 473,2796 496,2809 509,2795 672,2789 672,2762 638,2756 519,2766 493,2754 352,2755 324,2767 240,2757"/>
                <Baseline points="246,2790 272,2789 298,2789 324,2789 351,2789 377,2789 403,2787 429,2787 456,2787 482,2787 508,2787 534,2787 561,2786 587,2786 613,2785 639,2784 666,2783"/>
                <TextEquiv>
                    <Unicode>uens non posset peccare.</Unicode>
                </TextEquiv>
            </TextLine>
            <TextLine id="r1l151" custom="readingOrder {index:63;}">
                <Coords points="251,2839 1062,2838 1073,2789 251,2805"/>
                <Baseline points="257,2829 297,2829 338,2829 378,2829 419,2829 459,2828 500,2828 540,2828 581,2827 621,2826 662,2826 703,2826 743,2825 784,2825 824,2825 865,2825 905,2825 946,2825 986,2826 1027,2826 1068,2828"/>
                <TextEquiv>
                    <Unicode>Ad primum contra secundam conclusionem dicendum,</Unicode>
                </TextEquiv>
            </TextLine>
            <TextLine id="r1l154" custom="readingOrder {index:64;}">
                <Coords points="252,2876 1019,2882 1067,2871 1067,2837 252,2839"/>
                <Baseline points="257,2867 297,2867 337,2868 377,2868 418,2867 458,2867 498,2867 538,2867 579,2867 619,2865 659,2865 699,2865 740,2865 780,2865 820,2865 860,2864 901,2864 941,2864 981,2865 1021,2865 1062,2865"/>
                <TextEquiv>
                    <Unicode>od Deus iusto suo iudicio ab aliquibus aufert auxilium</Unicode>
                </TextEquiv>
            </TextLine>
            <TextLine id="r1l157" custom="readingOrder {index:65;}">
                <Coords points="216,2918 1065,2906 1064,2870 216,2885"/>
                <Baseline points="222,2907 263,2907 305,2907 347,2907 389,2907 431,2907 473,2906 514,2906 556,2906 598,2906 640,2906 682,2906 724,2904 766,2904 807,2904 849,2904 891,2904 933,2904 975,2904 1017,2904 1059,2904"/>
                <TextEquiv>
                    <Unicode>suum propter eorum demerita; ipsis in opprobrium sem¬</Unicode>
                </TextEquiv>
            </TextLine>
            <TextLine id="r1l160" custom="readingOrder {index:66;}">
                <Coords points="235,2958 1024,2957 1070,2946 1070,2906 235,2915"/>
                <Baseline points="240,2946 281,2946 322,2946 363,2946 405,2946 446,2946 487,2946 528,2946 570,2945 611,2945 652,2945 693,2945 735,2945 776,2945 817,2943 858,2943 900,2943 941,2943 982,2943 1023,2943 1065,2943"/>
                <TextEquiv>
                    <Unicode>iternum cadentibus manum adiutricem non praestan¬</Unicode>
                </TextEquiv>
            </TextLine>
            <TextLine id="r1l162" custom="readingOrder {index:67;}">
                <Coords points="226,2997 1051,2996 1063,2947 225,2962"/>
                <Baseline points="231,2988 272,2987 313,2987 355,2987 396,2987 437,2986 479,2985 520,2985 561,2985 603,2984 644,2984 685,2984 727,2984 768,2984 809,2984 851,2984 892,2984 933,2984 975,2984 1016,2984 1058,2984"/>
                <TextEquiv>
                    <Unicode>do, &amp; tunc dicitur eos tradete, indurare, vel ad malum</Unicode>
                </TextEquiv>
            </TextLine>
            <TextLine id="r1l164" custom="readingOrder {index:68;}">
                <Coords points="213,3037 1058,3031 1058,2993 1020,2987 213,2993"/>
                <Baseline points="218,3026 259,3026 301,3026 343,3026 385,3026 426,3026 468,3026 510,3025 552,3024 593,3024 635,3024 677,3023 719,3023 760,3023 802,3022 844,3021 886,3021 927,3021 969,3021 1011,3021 1053,3023"/>
                <TextEquiv>
                    <Unicode>inclinare, non agendo, vel mouendo; sed potius deseren¬</Unicode>
                </TextEquiv>
            </TextLine>
            <TextLine id="r1l166" custom="readingOrder {index:69;}">
                <Coords points="209,3076 1068,3071 1067,3031 1002,3025 209,3033"/>
                <Baseline points="215,3065 257,3065 299,3065 342,3065 384,3065 426,3065 469,3065 511,3065 553,3065 596,3063 638,3063 680,3063 723,3063 765,3062 807,3062 850,3062 892,3062 934,3062 977,3062 1019,3062 1062,3063"/>
                <TextEquiv>
                    <Unicode>do, vel malum eorum non impediendo; eo quod indigni</Unicode>
                </TextEquiv>
            </TextLine>
            <TextLine id="r1l169" custom="readingOrder {index:70;}">
                <Coords points="220,3117 281,3108 297,3117 412,3117 424,3109 538,3121 558,3112 558,3077 528,3071 360,3070 325,3081 308,3072 220,3073"/>
                <Baseline points="225,3104 250,3104 275,3104 300,3105 325,3104 350,3104 375,3104 401,3104 426,3104 451,3104 476,3104 501,3104 526,3105 552,3105"/>
                <TextEquiv>
                    <Unicode>sint diuino adiutorio. </Unicode>
                </TextEquiv>
            </TextLine>
            <TextLine id="r1l171" custom="readingOrder {index:71;}">
                <Coords points="264,3161 957,3159 1061,3149 1061,3102 264,3114"/>
                <Baseline points="270,3144 309,3144 348,3144 387,3144 427,3143 466,3143 505,3143 545,3143 584,3143 623,3143 663,3143 702,3141 741,3141 780,3141 820,3141 859,3141 898,3141 938,3141 977,3141 1016,3141 1056,3141"/>
                <TextEquiv>
                    <Unicode>Ad secundum dicendum, quod licet illud, quod es</Unicode>
                </TextEquiv>
            </TextLine>
            <TextLine id="r1l173" custom="readingOrder {index:72;}">
                <Coords points="215,3191 1004,3203 1065,3195 1065,3148 215,3155"/>
                <Baseline points="221,3185 262,3186 304,3186 346,3186 388,3186 430,3186 472,3186 514,3186 556,3186 598,3185 640,3185 681,3185 723,3185 765,3183 807,3183 849,3183 891,3183 933,3183 975,3183 1017,3183 1059,3183"/>
                <TextEquiv>
                    <Unicode>aausa causae, sit causa causaci, non oportet tamens quod</Unicode>
                </TextEquiv>
            </TextLine>
            <TextEquiv>
                <Unicode>.SIMIIIIER contra secundam conclusionem ali¬
ui haeretici, qui peccatum hominis retorquent in Deum,
possent arguere sic
1 Quia ille, qui tradit aliquem in sensum peruersum,
videtur esse causa suae peruersitatis: sed dicit Apost. Tra¬
didit eos Deus in reprobum sensum, vt faciant quae non 
conueniunt. Et ibidem ait glosa, quae accepta est de libro
Aug. qui intitulatur de gratia, &amp; libero arbitrio. Manife¬
stum est Deum operari in cordibus hominum, inclinan¬
do voluntates eorum in quodcuque voluerit, siuc bonum,
siue malum: sed inclinare aliquem ad malum videtur esse
peccatum: ergo &amp;c.
2 Praeterea, quicquid est causa causae, videtur esse causa
causati: sed Deus est causa liberi arbitrij, quod est causa
peecati, est etiam causa omnium qualitatum nos inflam¬
mantium, &amp; inclinantium ad peccandum: ergo &amp;c
3 Praeterea, ex determinatione Inmocentij dicitur in
decretis. Nec caret serupulo societatis occultae, qui ma¬
nifesto facinori desinit obuiare: Sed Deus peccatum cuius¬
libet creaturae posset, si vellet, totaliter praeuenire. ergo
4 Praeterea, qui indurat alium, ne resiliat a peccato, seu
inclinat ad perseuerandum in peccato, ille videtur peccare:
sed Deus indurauit cor Phar, vt saepius apparet in Exo.
3 Praeterea, qui subtrahit illud, sine quo peccatum vi¬
tare non possumus, est causa peccati: sed Deus subtrahen¬
dso gratiam suam, subtrahlt illud, sine quo nec possumus
operari bonum, nec vitare malum, vt patet per August.
qui in libro de natura, &amp; gratia, sic ait. Cratia in anima
est sicut lux, per quam homo bonum operatur, &amp; sine qua
bonum operari non potest. Et in lib confestait. Oratia
tuae deputo quaecumque mala non feci, sed malum non
facere non esset imputandum gratiae, si carens gratia pos¬
set non peccare
Ad primum primae conclusionis dicendum ad minoren
quod quamuis consequentia, quae producitur, praetendi¬
turque in illa propositone condicionali, sit vera: tamen an¬
tecedens, &amp; consequens sunt impossibilia; impossibili
enim est, quod Deus velit peccare, &amp; impossibile est cum
posse peccare. Vnde simile est de praedicta consequentia:
sicut, si diceretur: asinus habet penas, si volat: consequen
tia enim est vera, quamuis antecedens sit impossibile, &amp; 
similiter consequens: ideo &amp;c.
Ad secundum dicendum, quod duplex est occasio. s
data, puta, actiue se habens ex parte dantis occasionem,
&amp; oceasio accepta, puta, passiue se habens ex parte reci¬
ientis occasionem: Primo modo, aliquo modo occasio
peccati insurgens ab aliquo praecepto retorquetur in pre
tipientem, iuxta illud Psal. Nunquid adheret tibi sedes
iniquitatis, qui fingis laborem in praecepto. Sed secundo
modo non: Et quia praeceptum Dei in se fuit virtuosum,
&amp; bonum : igitur in ipso praecepto non fuit occasio data,
sed solum accepta, quare ex huiusmodi occasione non po
test argui, quod Deus sit causa peccanti: Et idco Aposto¬
lus tractans istam materiam ait. Decasione accepta, pec¬
catum per mandatum operatum est in me omnem con¬
cupiseentiam, quasi dicat. In Dei mandato non fuit occasio
peccati ex paite dantis, sed solum ex parte accipientis.
Ad tertium patet ex his, quae dixi. 37. distin secundi
libri sententiarum. Dixi enim ibi, quod argumentum non
plus conuincit, nisi quod Deus ipsius peccanti potest dici
causa, sine qua non: quia si Deus subtraheret influentiam
suam, peccator nec posset esse, nec operari, &amp; per conse¬
uens non posset peccare.
Ad primum contra secundam conclusionem dicendum,
od Deus iusto suo iudicio ab aliquibus aufert auxilium
suum propter eorum demerita; ipsis in opprobrium sem¬
iternum cadentibus manum adiutricem non praestan¬
do, &amp; tunc dicitur eos tradete, indurare, vel ad malum
inclinare, non agendo, vel mouendo; sed potius deseren¬
do, vel malum eorum non impediendo; eo quod indigni
sint diuino adiutorio. 
Ad secundum dicendum, quod licet illud, quod es
aausa causae, sit causa causaci, non oportet tamens quod</Unicode>
            </TextEquiv>
        </TextRegion>
        <TextRegion orientation="0.0" id="TextRegion_1603041028017_3373" custom="readingOrder {index:1;}">
            <Coords points="1090,261 1965,261 1965,3223 1090,3223"/>
            <TextLine id="r1l4" custom="readingOrder {index:0;}">
                <Coords points="1123,359 1970,362 1970,313 1916,295 1853,317 1123,302"/>
                <Baseline points="1128,350 1169,350 1211,351 1253,351 1295,351 1337,351 1379,351 1420,351 1462,351 1504,351 1546,351 1588,351 1630,350 1672,350 1713,350 1755,350 1797,350 1839,350 1881,351 1923,351 1965,351"/>
                <TextEquiv>
                    <Unicode>sit causa causati propter quam sic: sed sufcit, quod sit</Unicode>
                </TextEquiv>
            </TextLine>
            <TextLine id="r1l6" custom="readingOrder {index:1;}">
                <Coords points="1129,401 1970,404 1970,362 1932,356 1129,360"/>
                <Baseline points="1134,389 1175,390 1217,390 1258,390 1300,390 1341,392 1383,392 1424,391 1466,390 1507,390 1549,390 1590,390 1632,390 1673,390 1715,390 1756,390 1798,390 1839,390 1881,390 1922,392 1964,393"/>
                <TextEquiv>
                    <Unicode>causa causati, sine qua non. Vel dicendum, quod effectus</Unicode>
                </TextEquiv>
            </TextLine>
            <TextLine id="r1l8" custom="readingOrder {index:2;}">
                <Coords points="1130,436 1968,442 1968,404 1927,400 1130,400"/>
                <Baseline points="1136,428 1177,429 1218,429 1259,429 1301,429 1342,429 1383,429 1425,429 1466,429 1507,429 1549,429 1590,429 1631,429 1672,429 1714,429 1755,429 1796,429 1838,429 1879,429 1920,429 1962,431"/>
                <TextEquiv>
                    <Unicode>causati vel competit causato, vt est causatum a tali cau¬</Unicode>
                </TextEquiv>
            </TextLine>
            <TextLine id="r1l13" custom="readingOrder {index:3;}">
                <Coords points="1119,481 1968,482 1968,442 1119,440"/>
                <Baseline points="1125,467 1166,468 1208,470 1250,470 1292,470 1334,470 1376,470 1417,470 1459,470 1501,468 1543,468 1585,468 1627,468 1669,468 1710,467 1752,468 1794,468 1836,468 1878,470 1920,471 1962,473"/>
                <TextEquiv>
                    <Unicode>sa, vel vt deuiat ab ea. Primo modo concludit argumen¬</Unicode>
                </TextEquiv>
            </TextLine>
            <TextLine id="r1l15" custom="readingOrder {index:4;}">
                <Coords points="1135,521 1932,523 1962,515 1962,481 1135,483"/>
                <Baseline points="1140,504 1180,506 1221,507 1262,507 1303,509 1344,509 1384,509 1425,509 1466,507 1507,507 1548,507 1588,507 1629,506 1670,506 1711,506 1752,506 1792,506 1833,506 1874,507 1915,508 1956,509"/>
                <TextEquiv>
                    <Unicode>um, &amp; non secundo modo: Et quia peceare non conue¬</Unicode>
                </TextEquiv>
            </TextLine>
            <TextLine id="r1l18" custom="readingOrder {index:5;}">
                <Coords points="1131,556 1968,561 1968,519 1947,517 1131,522"/>
                <Baseline points="1137,545 1178,546 1219,547 1260,548 1302,548 1343,549 1384,549 1425,549 1467,548 1508,548 1549,548 1590,548 1632,548 1673,547 1714,546 1755,546 1797,546 1838,548 1879,548 1920,549 1962,549"/>
                <TextEquiv>
                    <Unicode>nit voluntati, vt a Deo causata est, sed, vt deuiat a Deo¬ </Unicode>
                </TextEquiv>
            </TextLine>
            <TextLine id="r1l19" custom="readingOrder {index:6;}">
                <Coords points="1125,596 1964,600 1953,559 1125,555"/>
                <Baseline points="1131,584 1172,585 1213,585 1255,587 1296,587 1337,587 1379,588 1420,588 1461,587 1503,587 1544,587 1585,587 1627,586 1668,585 1709,585 1751,585 1792,585 1833,585 1875,586 1916,587 1958,588"/>
                <TextEquiv>
                    <Unicode>ideo &amp;c. Sicut enim motus tibiae causatur a virtute mo¬</Unicode>
                </TextEquiv>
            </TextLine>
            <TextLine id="r1l23" custom="readingOrder {index:7;}">
                <Coords points="1131,632 1961,641 1961,601 1907,593 1131,595"/>
                <Baseline points="1137,624 1180,626 1223,626 1266,626 1309,626 1352,626 1395,626 1438,626 1481,626 1524,626 1568,626 1611,626 1654,626 1697,626 1740,626 1783,626 1826,627 1869,627 1912,627 1956,629"/>
                <TextEquiv>
                    <Unicode>iua, quae est in animali, claudicatio autem talis motus</Unicode>
                </TextEquiv>
            </TextLine>
            <TextLine id="r1l25" custom="readingOrder {index:8;}">
                <Coords points="1124,675 1965,676 1965,641 1899,631 1124,635"/>
                <Baseline points="1130,663 1171,664 1212,665 1254,666 1295,666 1337,666 1378,666 1420,666 1461,666 1503,665 1544,665 1585,665 1627,663 1668,663 1710,663 1751,663 1793,664 1834,665 1876,665 1917,666 1959,668"/>
                <TextEquiv>
                    <Unicode>non conuenit tali motui, vt causatus est a virtute motiua</Unicode>
                </TextEquiv>
            </TextLine>
            <TextLine id="r1l27" custom="readingOrder {index:9;}">
                <Coords points="1128,714 1964,714 1964,680 1885,671 1128,675"/>
                <Baseline points="1134,701 1175,702 1216,704 1257,704 1298,705 1340,705 1381,705 1422,705 1463,705 1504,704 1546,704 1587,704 1628,704 1669,702 1710,702 1752,702 1793,702 1834,704 1875,704 1916,704 1958,707"/>
                <TextEquiv>
                    <Unicode>ideo huiusmodi claudicatio non reducitur in virtutem</Unicode>
                </TextEquiv>
            </TextLine>
            <TextLine id="r1l29" custom="readingOrder {index:10;}">
                <Coords points="1121,755 1970,752 1950,713 1122,715"/>
                <Baseline points="1127,741 1168,741 1210,743 1252,743 1294,743 1336,744 1378,744 1419,743 1461,743 1503,743 1545,743 1587,743 1629,743 1671,743 1712,743 1754,743 1796,743 1838,744 1880,744 1922,746 1964,747"/>
                <TextEquiv>
                    <Unicode>motiuam: sed in defectum tibiae, &amp; musculorum, vel etiam</Unicode>
                </TextEquiv>
            </TextLine>
            <TextLine id="r1l31" custom="readingOrder {index:11;}">
                <Coords points="1124,797 1962,805 1962,757 1928,752 1124,755"/>
                <Baseline points="1130,782 1171,782 1212,782 1253,782 1295,782 1336,782 1377,782 1419,783 1460,783 1501,783 1543,783 1584,783 1625,783 1666,783 1708,783 1749,783 1790,783 1832,784 1873,785 1914,785 1956,786"/>
                <TextEquiv>
                    <Unicode>quandoque in libertatem claudicantis, si claudicatio fue</Unicode>
                </TextEquiv>
            </TextLine>
            <TextLine id="r1l33" custom="readingOrder {index:12;}">
                <Coords points="1122,834 1641,831 1641,797 1597,791 1122,795"/>
                <Baseline points="1128,819 1153,819 1178,821 1204,821 1229,822 1254,822 1280,822 1305,822 1330,822 1356,822 1381,822 1406,822 1432,822 1457,822 1482,822 1508,822 1533,822 1558,822 1584,822 1609,823 1635,824"/>
                <TextEquiv>
                    <Unicode>rit voluntaria, sic in proposito &amp;c.</Unicode>
                </TextEquiv>
            </TextLine>
            <TextLine id="r1l35" custom="readingOrder {index:13;}">
                <Coords points="1158,874 1965,874 1964,827 1924,819 1158,831"/>
                <Baseline points="1163,860 1202,861 1242,861 1282,863 1322,863 1362,863 1401,863 1441,863 1481,863 1521,863 1561,861 1600,861 1640,861 1680,861 1720,861 1760,860 1799,860 1839,860 1879,861 1919,861 1959,861"/>
                <TextEquiv>
                    <Unicode>Ad tertium dicendum, quod Deus non desinit nostris</Unicode>
                </TextEquiv>
            </TextLine>
            <TextLine id="r1l37" custom="readingOrder {index:14;}">
                <Coords points="1138,909 1938,912 1953,874 1138,877"/>
                <Baseline points="1143,899 1183,900 1223,900 1263,901 1303,902 1344,902 1384,902 1424,902 1464,900 1504,900 1545,900 1585,900 1625,900 1665,899 1705,899 1746,899 1786,899 1826,900 1866,900 1906,901 1947,902"/>
                <TextEquiv>
                    <Unicode>eccatis, &amp; facinoribus obuiare: quia dum solumodo non</Unicode>
                </TextEquiv>
            </TextLine>
            <TextLine id="r1l39" custom="readingOrder {index:15;}">
                <Coords points="1111,948 1905,960 1958,952 1958,913 1111,918"/>
                <Baseline points="1116,938 1157,939 1199,939 1241,939 1283,939 1325,939 1367,939 1408,939 1450,939 1492,938 1534,938 1576,938 1618,938 1660,938 1701,938 1743,938 1785,938 1827,938 1869,939 1911,939 1953,941"/>
                <TextEquiv>
                    <Unicode>facimus quod in nobis est, auxiliu Dei semper nobis prae</Unicode>
                </TextEquiv>
            </TextLine>
            <TextLine id="r1l41" custom="readingOrder {index:16;}">
                <Coords points="1127,987 1962,984 1961,950 1127,947"/>
                <Baseline points="1133,975 1174,977 1215,978 1256,980 1297,980 1338,980 1379,980 1421,980 1462,980 1503,980 1544,980 1585,978 1626,978 1667,978 1709,978 1750,977 1791,977 1832,977 1873,978 1914,978 1956,980"/>
                <TextEquiv>
                    <Unicode>to est, &amp; ante peccatum, ne committatur: &amp; post pecca¬</Unicode>
                </TextEquiv>
            </TextLine>
            <TextLine id="r1l43" custom="readingOrder {index:17;}">
                <Coords points="1123,1032 1952,1032 1952,989 1123,986"/>
                <Baseline points="1128,1016 1168,1017 1209,1017 1250,1018 1291,1019 1332,1019 1373,1019 1414,1019 1455,1019 1496,1019 1537,1019 1577,1019 1618,1017 1659,1017 1700,1017 1741,1017 1782,1017 1823,1019 1864,1019 1905,1019 1946,1020"/>
                <TextEquiv>
                    <Unicode>tum, vt remittatur. Si aute nos noluerimus facere, quod</Unicode>
                </TextEquiv>
            </TextLine>
            <TextLine id="r1l45" custom="readingOrder {index:18;}">
                <Coords points="1117,1066 1817,1064 1817,1031 1791,1027 1117,1027"/>
                <Baseline points="1122,1055 1156,1055 1191,1056 1225,1057 1260,1058 1294,1058 1329,1058 1363,1059 1398,1059 1432,1058 1467,1058 1501,1058 1536,1058 1570,1058 1605,1058 1639,1058 1674,1056 1708,1056 1743,1058 1777,1058 1812,1058"/>
                <TextEquiv>
                    <Unicode>in nobis est, tunc iusto iudicio derelinquit nons</Unicode>
                </TextEquiv>
            </TextLine>
            <TextLine id="r1l47" custom="readingOrder {index:19;}">
                <Coords points="1155,1104 1967,1109 1950,1059 1705,1079 1155,1064"/>
                <Baseline points="1161,1094 1201,1095 1241,1095 1281,1096 1321,1097 1361,1097 1401,1097 1441,1097 1481,1097 1521,1097 1561,1097 1601,1097 1641,1097 1681,1097 1721,1097 1761,1097 1801,1097 1841,1097 1881,1097 1921,1097 1961,1097"/>
                <TextEquiv>
                    <Unicode>Ad quartum patet per ea, quae dicta sunt ad primum.</Unicode>
                </TextEquiv>
            </TextLine>
            <TextLine id="r1l50" custom="readingOrder {index:20;}">
                <Coords points="1152,1143 1960,1141 1960,1107 1890,1103 1152,1107"/>
                <Baseline points="1158,1133 1197,1134 1237,1134 1277,1136 1317,1136 1357,1136 1397,1137 1436,1137 1476,1137 1516,1137 1556,1136 1596,1136 1636,1136 1676,1136 1715,1136 1755,1136 1795,1136 1835,1136 1875,1136 1915,1137 1955,1137"/>
                <TextEquiv>
                    <Unicode>Ad quintum dicendum, quod Deus gratiam non sub¬</Unicode>
                </TextEquiv>
            </TextLine>
            <TextLine id="r1l52" custom="readingOrder {index:21;}">
                <Coords points="1115,1185 1904,1193 1962,1180 1962,1141 1115,1144"/>
                <Baseline points="1121,1173 1162,1173 1204,1175 1246,1175 1288,1175 1329,1176 1371,1176 1413,1176 1455,1176 1496,1176 1538,1176 1580,1176 1622,1176 1663,1175 1705,1175 1747,1175 1789,1175 1830,1175 1872,1175 1914,1175 1956,1175"/>
                <TextEquiv>
                    <Unicode>trahit, nisi quia homo gratiae obicem ponit: Et ideo quam¬</Unicode>
                </TextEquiv>
            </TextLine>
            <TextLine id="r1l55" custom="readingOrder {index:22;}">
                <Coords points="1118,1225 1958,1229 1947,1184 1118,1185"/>
                <Baseline points="1124,1212 1165,1212 1206,1214 1248,1214 1289,1214 1331,1215 1372,1215 1413,1215 1455,1215 1496,1215 1538,1215 1579,1215 1620,1214 1662,1214 1703,1214 1745,1214 1786,1214 1827,1214 1869,1214 1910,1215 1952,1215"/>
                <TextEquiv>
                    <Unicode>uis sine gratia non possimus vitare peccata: tamen Deus</Unicode>
                </TextEquiv>
            </TextLine>
            <TextLine id="r1l57" custom="readingOrder {index:23;}">
                <Coords points="1110,1262 1955,1265 1955,1230 1920,1224 1110,1227"/>
                <Baseline points="1116,1250 1157,1251 1199,1252 1241,1253 1282,1253 1324,1254 1366,1254 1407,1254 1449,1254 1491,1254 1533,1254 1574,1253 1616,1253 1658,1253 1699,1253 1741,1253 1783,1253 1824,1253 1866,1254 1908,1254 1950,1256"/>
                <TextEquiv>
                    <Unicode>non est causa peccati: sed homo ponens obicem gratiae:</Unicode>
                </TextEquiv>
            </TextLine>
            <TextLine id="r1l59" custom="readingOrder {index:24;}">
                <Coords points="1122,1299 1960,1305 1960,1266 1902,1259 1122,1261"/>
                <Baseline points="1128,1289 1169,1290 1210,1292 1252,1293 1293,1293 1334,1295 1376,1295 1417,1295 1458,1295 1500,1295 1541,1295 1582,1295 1624,1293 1665,1293 1706,1293 1748,1293 1789,1293 1830,1293 1872,1293 1913,1293 1955,1293"/>
                <TextEquiv>
                    <Unicode>Nam secundum Dionys: sicut sel iste materialis, quantum</Unicode>
                </TextEquiv>
            </TextLine>
            <TextLine id="r1l61" custom="readingOrder {index:25;}">
                <Coords points="1110,1342 1961,1335 1961,1305 1920,1300 1110,1300"/>
                <Baseline points="1116,1326 1160,1329 1204,1331 1248,1331 1292,1332 1336,1333 1380,1334 1425,1334 1469,1334 1513,1333 1557,1332 1601,1332 1645,1332 1690,1332 1734,1331 1778,1331 1822,1331 1866,1332 1910,1332 1955,1332"/>
                <TextEquiv>
                    <Unicode>de se est, non ratiocinans, neque praecligens radios suae cla¬</Unicode>
                </TextEquiv>
            </TextLine>
            <TextLine id="r1l63" custom="readingOrder {index:26;}">
                <Coords points="1113,1376 1964,1379 1964,1342 1835,1336 1113,1344"/>
                <Baseline points="1119,1367 1163,1368 1207,1370 1251,1371 1295,1371 1339,1371 1383,1373 1428,1373 1472,1373 1516,1373 1560,1373 1604,1373 1648,1373 1693,1373 1737,1373 1781,1373 1825,1373 1869,1373 1913,1373 1958,1374"/>
                <TextEquiv>
                    <Unicode>ritatis rebus corporalibus iuxta modum suae capacitatis</Unicode>
                </TextEquiv>
            </TextLine>
            <TextLine id="r1l66" custom="readingOrder {index:27;}">
                <Coords points="1106,1420 1448,1423 1448,1384 1403,1379 1358,1393 1341,1379 1306,1375 1282,1385 1106,1378"/>
                <Baseline points="1112,1407 1137,1409 1162,1410 1188,1410 1213,1412 1238,1412 1264,1412 1289,1412 1315,1412 1340,1412 1365,1412 1391,1412 1416,1412 1442,1413"/>
                <TextEquiv>
                    <Unicode>infundit, sic Deus &amp;c</Unicode>
                </TextEquiv>
            </TextLine>
            <TextLine id="line_1603484473736_272" custom="readingOrder {index:28;}">
                <Coords points="1254,1465 1286,1452 1892,1452 1895,1494 1846,1505 1558,1529 1255,1530"/>
                <Baseline points="1260,1500 1287,1500 1314,1500 1341,1500 1369,1500 1396,1499 1423,1499 1451,1499 1478,1498 1505,1497 1533,1497 1560,1497 1587,1497 1614,1496 1642,1496 1669,1496 1696,1496 1724,1497 1751,1497 1778,1497 1806,1499 1836,1491 1863,1486 1890,1485"/>
                <TextEquiv>
                    <Unicode>ARTICVLVS II un: :n</Unicode>
                </TextEquiv>
            </TextLine>
            <TextLine id="r1l76" custom="readingOrder {index:29;}">
                <Coords points="1161,1609 1886,1608 1886,1541 1820,1532 1651,1530 1613,1551 1490,1527 1161,1540"/>
                <Baseline points="1166,1583 1201,1583 1237,1584 1273,1584 1308,1586 1344,1586 1380,1586 1415,1586 1451,1587 1487,1587 1523,1587 1558,1587 1594,1587 1630,1587 1665,1586 1701,1586 1737,1586 1772,1586 1808,1586 1844,1586 1880,1584"/>
                <TextEquiv>
                    <Unicode>Vtrum christus possit vel potuerit actualiter</Unicode>
                </TextEquiv>
            </TextLine>
            <TextLine id="r1l78" custom="readingOrder {index:30;}">
                <Coords points="1452,1655 1509,1656 1521,1663 1566,1644 1582,1651 1591,1646 1615,1649 1615,1609 1554,1605 1538,1611 1528,1606 1483,1610 1451,1605"/>
                <Baseline points="1457,1640 1482,1638 1508,1637 1533,1637 1559,1638 1584,1638 1610,1637"/>
                <TextEquiv>
                    <Unicode>peccare.</Unicode>
                </TextEquiv>
            </TextLine>
            <TextLine id="r1l88" custom="readingOrder {index:31;}">
                <Coords points="1186,1733 1955,1735 1955,1697 1893,1684 1186,1682"/>
                <Baseline points="1191,1724 1230,1724 1270,1725 1310,1725 1350,1725 1390,1725 1430,1725 1470,1725 1510,1725 1550,1725 1590,1724 1630,1724 1670,1724 1710,1724 1750,1724 1790,1724 1830,1724 1870,1725 1910,1725 1950,1725"/>
                <TextEquiv>
                    <Unicode>VANTVM ad secundum articulum dicendum,</Unicode>
                </TextEquiv>
            </TextLine>
            <TextLine id="r1l92" custom="readingOrder {index:32;}">
                <Coords points="1229,1781 1948,1771 1948,1738 1907,1730 1229,1737"/>
                <Baseline points="1235,1766 1270,1766 1305,1766 1341,1766 1376,1764 1412,1764 1447,1764 1482,1763 1518,1763 1553,1763 1589,1763 1624,1761 1659,1761 1695,1761 1730,1761 1766,1761 1801,1761 1836,1761 1872,1763 1907,1763 1943,1764"/>
                <TextEquiv>
                    <Unicode>quod quia hoc nomen Christus exprimit diuinum</Unicode>
                </TextEquiv>
            </TextLine>
            <TextLine id="r1l95" custom="readingOrder {index:33;}">
                <Coords points="1116,1816 1948,1809 1935,1769 1116,1768"/>
                <Baseline points="1122,1806 1163,1806 1204,1805 1245,1805 1286,1804 1327,1803 1368,1803 1409,1803 1450,1802 1491,1802 1532,1802 1573,1802 1614,1802 1655,1802 1696,1800 1737,1800 1778,1800 1819,1800 1860,1800 1901,1800 1943,1802"/>
                <TextEquiv>
                    <Unicode>suppositum: ideo simpliciter loquendo, Christus non po¬</Unicode>
                </TextEquiv>
            </TextLine>
            <TextLine id="r1l97" custom="readingOrder {index:34;}">
                <Coords points="1106,1856 1958,1854 1958,1818 1928,1810 1106,1818"/>
                <Baseline points="1112,1844 1154,1844 1196,1844 1238,1842 1280,1842 1322,1842 1364,1842 1406,1841 1448,1841 1490,1841 1532,1841 1574,1841 1616,1841 1658,1841 1700,1841 1742,1841 1784,1841 1826,1841 1868,1842 1910,1842 1952,1842"/>
                <TextEquiv>
                    <Unicode>test peccare. Et hoc patet eisdem rationibus, quibus in</Unicode>
                </TextEquiv>
            </TextLine>
            <TextLine id="r1l99" custom="readingOrder {index:35;}">
                <Coords points="1113,1893 1909,1898 1948,1892 1948,1850 1113,1859"/>
                <Baseline points="1118,1881 1159,1881 1200,1881 1241,1881 1283,1881 1324,1881 1365,1881 1406,1880 1448,1880 1489,1880 1530,1880 1571,1878 1613,1878 1654,1878 1695,1878 1736,1878 1778,1878 1819,1880 1860,1880 1901,1880 1943,1881"/>
                <TextEquiv>
                    <Unicode>art. precedenti est probatum, quod Deus non potest poc</Unicode>
                </TextEquiv>
            </TextLine>
            <TextLine id="r1l101" custom="readingOrder {index:36;}">
                <Coords points="1112,1933 1931,1939 1952,1894 1112,1901"/>
                <Baseline points="1118,1922 1159,1922 1200,1920 1242,1920 1283,1920 1325,1920 1366,1920 1407,1919 1449,1919 1490,1919 1532,1919 1573,1919 1614,1919 1656,1919 1697,1919 1739,1919 1780,1919 1821,1919 1863,1919 1904,1919 1946,1919"/>
                <TextEquiv>
                    <Unicode>care: Sed loquendo de Christo, quatum ad naturam huma</Unicode>
                </TextEquiv>
            </TextLine>
            <TextLine id="r1l103" custom="readingOrder {index:37;}">
                <Coords points="1110,1977 1888,1977 1949,1972 1949,1929 1109,1933"/>
                <Baseline points="1115,1962 1156,1962 1197,1961 1239,1961 1280,1961 1322,1959 1363,1959 1405,1959 1446,1959 1488,1958 1529,1958 1570,1958 1612,1958 1653,1958 1695,1958 1736,1958 1778,1958 1819,1958 1861,1959 1902,1959 1944,1959"/>
                <TextEquiv>
                    <Unicode>nam, quam verbum diuinum assumpsit, tunc illud, quod</Unicode>
                </TextEquiv>
            </TextLine>
            <TextLine id="r1l105" custom="readingOrder {index:38;}">
                <Coords points="1127,2013 1948,2006 1948,1971 1917,1965 1127,1971"/>
                <Baseline points="1133,2000 1173,2000 1214,2000 1254,2000 1295,2000 1335,1998 1376,1998 1416,1998 1457,1997 1497,1997 1538,1997 1578,1997 1619,1995 1659,1995 1700,1995 1740,1995 1781,1995 1821,1995 1862,1996 1902,1997 1943,1997"/>
                <TextEquiv>
                    <Unicode>etitur, potest habere duplicem intellectum. Vno modo</Unicode>
                </TextEquiv>
            </TextLine>
            <TextLine id="r1l107" custom="readingOrder {index:39;}">
                <Coords points="1119,2059 1958,2050 1958,2010 1860,2000 1119,2008"/>
                <Baseline points="1125,2040 1166,2040 1207,2039 1249,2039 1290,2039 1331,2039 1373,2037 1414,2037 1455,2037 1497,2036 1538,2036 1579,2036 1621,2036 1662,2036 1703,2036 1745,2036 1786,2036 1827,2036 1869,2036 1910,2037 1952,2039"/>
                <TextEquiv>
                    <Unicode>manentibus habitibus gratiae, &amp; gloriae in anima Christi,</Unicode>
                </TextEquiv>
            </TextLine>
            <TextLine id="r1l109" custom="readingOrder {index:40;}">
                <Coords points="1117,2094 1861,2094 1952,2086 1952,2051 1117,2059"/>
                <Baseline points="1122,2079 1163,2078 1204,2078 1245,2078 1287,2078 1328,2078 1369,2076 1410,2076 1452,2076 1493,2076 1534,2075 1575,2075 1617,2075 1658,2075 1699,2075 1740,2075 1782,2075 1823,2075 1864,2075 1905,2075 1947,2076"/>
                <TextEquiv>
                    <Unicode>quibus pro nunc de facto tredimus ipsam esse perfectam:</Unicode>
                </TextEquiv>
            </TextLine>
            <TextLine id="r1l111" custom="readingOrder {index:41;}">
                <Coords points="1113,2125 1911,2129 1945,2125 1945,2086 1113,2094"/>
                <Baseline points="1119,2118 1160,2117 1201,2117 1242,2117 1283,2117 1324,2117 1365,2116 1406,2115 1447,2115 1488,2115 1529,2115 1570,2115 1611,2115 1652,2114 1693,2114 1734,2114 1775,2114 1816,2115 1857,2115 1898,2115 1940,2115"/>
                <TextEquiv>
                    <Unicode>vtrum Christus, quo ad illam humanitatem, seu ratione</Unicode>
                </TextEquiv>
            </TextLine>
            <TextLine id="r1l113" custom="readingOrder {index:42;}">
                <Coords points="1116,2168 1949,2161 1941,2125 1116,2124"/>
                <Baseline points="1121,2159 1162,2157 1203,2157 1244,2156 1285,2156 1326,2154 1367,2154 1408,2154 1449,2154 1490,2154 1532,2154 1573,2154 1614,2154 1655,2154 1696,2154 1737,2154 1778,2154 1819,2154 1860,2153 1901,2153 1943,2153"/>
                <TextEquiv>
                    <Unicode>lllius humanitatis possit peccare. Alio subtractis omni-</Unicode>
                </TextEquiv>
            </TextLine>
            <TextLine id="r1l116" custom="readingOrder {index:43;}">
                <Coords points="1118,2207 1942,2211 1949,2161 1118,2177"/>
                <Baseline points="1124,2198 1167,2196 1210,2196 1253,2196 1296,2195 1339,2195 1382,2195 1425,2193 1468,2193 1511,2193 1555,2193 1598,2193 1641,2192 1684,2192 1727,2192 1770,2192 1813,2193 1856,2193 1899,2193 1943,2193"/>
                <TextEquiv>
                    <Unicode>bus talibus perfectionibus ab humanitate Christi;, ita</Unicode>
                </TextEquiv>
            </TextLine>
            <TextLine id="r1l118" custom="readingOrder {index:44;}">
                <Coords points="1109,2247 1946,2239 1945,2210 1911,2201 1109,2213"/>
                <Baseline points="1115,2237 1156,2237 1197,2237 1238,2235 1280,2235 1321,2235 1362,2234 1403,2234 1445,2234 1486,2232 1527,2232 1568,2232 1610,2231 1651,2231 1692,2231 1733,2231 1775,2231 1816,2231 1857,2232 1898,2232 1940,2234"/>
                <TextEquiv>
                    <Unicode>quod ipsa in suis puris naturalibus constituta remaneat</Unicode>
                </TextEquiv>
            </TextLine>
            <TextLine id="r1l120" custom="readingOrder {index:45;}">
                <Coords points="1109,2285 1856,2288 1951,2282 1951,2242 1109,2247"/>
                <Baseline points="1115,2274 1156,2274 1198,2274 1239,2274 1281,2274 1322,2274 1364,2274 1405,2273 1447,2273 1488,2273 1530,2272 1572,2271 1613,2271 1655,2271 1696,2271 1738,2270 1779,2270 1821,2271 1862,2271 1904,2271 1946,2273"/>
                <TextEquiv>
                    <Unicode>verbo vnita : vtrum non obstante tali suppositali vnione</Unicode>
                </TextEquiv>
            </TextLine>
            <TextLine id="r1l122" custom="readingOrder {index:46;}">
                <Coords points="1119,2325 1929,2321 1949,2281 1119,2289"/>
                <Baseline points="1125,2316 1165,2315 1206,2315 1247,2315 1288,2313 1329,2313 1370,2313 1411,2312 1452,2312 1493,2311 1534,2310 1574,2310 1615,2310 1656,2309 1697,2309 1738,2309 1779,2309 1820,2309 1861,2310 1902,2310 1943,2310"/>
                <TextEquiv>
                    <Unicode>homo Christus possit paccare quantum ad talem naturam</Unicode>
                </TextEquiv>
            </TextLine>
            <TextLine id="r1l124" custom="readingOrder {index:47;}">
                <Coords points="1116,2367 1926,2364 1958,2362 1958,2325 1116,2326"/>
                <Baseline points="1121,2354 1162,2354 1204,2354 1245,2353 1287,2352 1329,2352 1370,2352 1412,2351 1453,2351 1495,2351 1537,2350 1578,2349 1620,2349 1661,2349 1703,2349 1745,2349 1786,2349 1828,2349 1869,2349 1911,2349 1953,2349"/>
                <TextEquiv>
                    <Unicode>humanam. Primo modo ad hoc est multorum doctorum</Unicode>
                </TextEquiv>
            </TextLine>
            <TextLine id="r1l126" custom="readingOrder {index:48;}">
                <Coords points="1116,2404 1953,2397 1939,2357 1116,2368"/>
                <Baseline points="1122,2394 1163,2393 1204,2393 1245,2393 1287,2393 1328,2391 1369,2391 1410,2390 1452,2390 1493,2390 1534,2390 1575,2388 1617,2388 1658,2388 1699,2388 1740,2387 1782,2387 1823,2387 1864,2387 1905,2387 1947,2388"/>
                <TextEquiv>
                    <Unicode>poncordia, quod homo Christus, secundum talem natu¬</Unicode>
                </TextEquiv>
            </TextLine>
            <TextLine id="r1l128" custom="readingOrder {index:49;}">
                <Coords points="1113,2442 1953,2437 1952,2403 1906,2394 1112,2405"/>
                <Baseline points="1118,2435 1159,2433 1200,2433 1242,2432 1283,2431 1325,2430 1366,2430 1408,2429 1449,2429 1491,2427 1532,2427 1573,2427 1615,2427 1656,2426 1698,2426 1739,2426 1781,2426 1822,2426 1864,2427 1905,2427 1947,2427"/>
                <TextEquiv>
                    <Unicode>ram, non possit peccare, eo quod non minus, sed perfe¬</Unicode>
                </TextEquiv>
            </TextLine>
            <TextLine id="r1l131" custom="readingOrder {index:50;}">
                <Coords points="1125,2484 1952,2479 1951,2445 1907,2436 1125,2444"/>
                <Baseline points="1130,2472 1170,2472 1211,2472 1252,2472 1293,2471 1334,2471 1374,2471 1415,2469 1456,2469 1497,2469 1538,2468 1578,2468 1619,2466 1660,2466 1701,2466 1742,2466 1782,2466 1823,2466 1864,2466 1905,2466 1946,2468"/>
                <TextEquiv>
                    <Unicode>tius sit in gratia, &amp; gloria confirmatus, quam quicunque</Unicode>
                </TextEquiv>
            </TextLine>
            <TextLine id="r1l133" custom="readingOrder {index:51;}">
                <Coords points="1120,2519 1940,2519 1940,2481 1120,2482"/>
                <Baseline points="1125,2511 1165,2511 1205,2510 1246,2510 1286,2510 1327,2510 1367,2510 1408,2508 1448,2508 1489,2508 1529,2507 1569,2507 1610,2507 1650,2506 1691,2505 1731,2505 1772,2505 1812,2505 1853,2504 1893,2504 1934,2504"/>
                <TextEquiv>
                    <Unicode>peatorum hominum, aut Angelorum. Sed secundo mo¬</Unicode>
                </TextEquiv>
            </TextLine>
            <TextLine id="r1l135" custom="readingOrder {index:52;}">
                <Coords points="1116,2562 1954,2556 1956,2515 1116,2520"/>
                <Baseline points="1122,2550 1163,2550 1204,2550 1246,2550 1287,2549 1329,2549 1370,2549 1411,2547 1453,2547 1494,2546 1536,2546 1577,2546 1618,2544 1660,2544 1701,2544 1743,2544 1784,2544 1825,2544 1867,2544 1908,2544 1950,2544"/>
                <TextEquiv>
                    <Unicode>do sumendo naturam humanam, quamuis aliqui docto¬</Unicode>
                </TextEquiv>
            </TextLine>
            <TextLine id="r1l137" custom="readingOrder {index:53;}">
                <Coords points="1121,2600 1955,2599 1954,2555 1909,2552 1121,2563"/>
                <Baseline points="1127,2589 1168,2589 1209,2589 1250,2589 1291,2588 1332,2588 1373,2588 1414,2586 1455,2586 1496,2585 1538,2585 1579,2585 1620,2583 1661,2583 1702,2583 1743,2583 1784,2583 1825,2583 1866,2583 1907,2583 1949,2585"/>
                <TextEquiv>
                    <Unicode>es teneant oppositum: mihi tamen videtur, quod posito,</Unicode>
                </TextEquiv>
            </TextLine>
            <TextLine id="r1l139" custom="readingOrder {index:54;}">
                <Coords points="1116,2645 1955,2632 1927,2592 1116,2599"/>
                <Baseline points="1122,2628 1163,2628 1204,2628 1246,2628 1287,2628 1328,2627 1370,2627 1411,2625 1452,2625 1494,2625 1535,2624 1576,2624 1618,2624 1659,2622 1700,2622 1742,2622 1783,2622 1824,2622 1866,2621 1907,2621 1949,2621"/>
                <TextEquiv>
                    <Unicode>quod illa natura in suis puris naturalibus fuisset assum¬</Unicode>
                </TextEquiv>
            </TextLine>
            <TextLine id="r1l141" custom="readingOrder {index:55;}">
                <Coords points="1125,2679 1908,2681 1948,2671 1948,2633 1125,2645"/>
                <Baseline points="1130,2669 1170,2667 1211,2667 1251,2667 1292,2666 1333,2666 1373,2666 1414,2665 1455,2664 1495,2664 1536,2663 1577,2663 1617,2663 1658,2663 1699,2662 1739,2661 1780,2661 1821,2661 1861,2661 1902,2663 1943,2663"/>
                <TextEquiv>
                    <Unicode>ita, ille homo numquam potuisset peccare, nisi a supposi</Unicode>
                </TextEquiv>
            </TextLine>
            <TextLine id="r1l143" custom="readingOrder {index:56;}">
                <Coords points="1113,2717 1902,2720 1955,2711 1955,2680 1113,2690"/>
                <Baseline points="1118,2708 1159,2708 1201,2708 1242,2706 1284,2706 1326,2706 1367,2705 1409,2705 1450,2705 1492,2704 1534,2703 1575,2703 1617,2703 1658,2703 1700,2703 1742,2702 1783,2702 1825,2702 1866,2702 1908,2702 1950,2703"/>
                <TextEquiv>
                    <Unicode>to diuino prius fuisset derelicta illa natura, &amp; in proprio</Unicode>
                </TextEquiv>
            </TextLine>
            <TextLine id="r1l145" custom="readingOrder {index:57;}">
                <Coords points="1122,2758 1146,2766 1209,2751 1222,2761 1251,2751 1294,2761 1425,2754 1425,2715 1318,2722 1304,2710 1270,2723 1245,2714 1121,2716"/>
                <Baseline points="1127,2750 1153,2748 1180,2747 1206,2747 1233,2745 1259,2745 1286,2745 1312,2744 1339,2744 1365,2744 1392,2744 1419,2745"/>
                <TextEquiv>
                    <Unicode>upposito constituta</Unicode>
                </TextEquiv>
            </TextLine>
            <TextLine id="r1l147" custom="readingOrder {index:58;}">
                <Coords points="1148,2791 1895,2800 1955,2792 1955,2747 1148,2754"/>
                <Baseline points="1154,2786 1193,2786 1233,2784 1273,2784 1313,2784 1352,2784 1392,2783 1432,2783 1472,2783 1511,2783 1551,2783 1591,2783 1631,2783 1670,2783 1710,2781 1750,2781 1790,2781 1829,2781 1869,2781 1909,2780 1949,2780"/>
                <TextEquiv>
                    <Unicode>Quia actus includens repugnantiam ad suppositum, quo</Unicode>
                </TextEquiv>
            </TextLine>
            <TextLine id="r1l150" custom="readingOrder {index:59;}">
                <Coords points="1116,2838 1946,2828 1928,2788 1116,2792"/>
                <Baseline points="1121,2825 1164,2825 1207,2825 1250,2825 1293,2824 1336,2823 1379,2823 1422,2823 1465,2823 1508,2822 1552,2822 1595,2822 1638,2822 1681,2820 1724,2820 1767,2820 1810,2820 1853,2820 1896,2819 1940,2819"/>
                <TextEquiv>
                    <Unicode>aliqua natura supposit aliter substentatur, non potest com¬</Unicode>
                </TextEquiv>
            </TextLine>
            <TextLine id="r1l153" custom="readingOrder {index:60;}">
                <Coords points="1119,2877 1956,2871 1933,2826 1119,2834"/>
                <Baseline points="1125,2865 1166,2864 1207,2864 1248,2864 1290,2863 1331,2862 1372,2862 1413,2862 1455,2861 1496,2861 1537,2861 1578,2861 1620,2861 1661,2859 1702,2859 1743,2859 1785,2859 1826,2859 1867,2858 1908,2858 1950,2858"/>
                <TextEquiv>
                    <Unicode>petere tali nature, vel alicui ratione talis naturae, quam¬</Unicode>
                </TextEquiv>
            </TextLine>
            <TextLine id="r1l156" custom="readingOrder {index:61;}">
                <Coords points="1119,2916 1913,2912 1945,2905 1945,2864 1118,2876"/>
                <Baseline points="1124,2906 1164,2904 1205,2903 1246,2903 1287,2901 1328,2901 1368,2901 1409,2900 1450,2900 1491,2900 1532,2900 1572,2900 1613,2900 1654,2900 1695,2900 1736,2900 1776,2900 1817,2898 1858,2898 1899,2897 1940,2897"/>
                <TextEquiv>
                    <Unicode>diu manet predicto supposito soppositaliter copulata, set</Unicode>
                </TextEquiv>
            </TextLine>
            <TextLine id="r1l159" custom="readingOrder {index:62;}">
                <Coords points="1117,2954 1956,2949 1948,2904 1116,2916"/>
                <Baseline points="1122,2943 1163,2943 1204,2943 1246,2943 1287,2942 1329,2942 1370,2942 1411,2940 1453,2940 1494,2940 1536,2939 1577,2939 1618,2939 1660,2937 1701,2937 1743,2937 1784,2936 1825,2936 1867,2936 1908,2936 1950,2936"/>
                <TextEquiv>
                    <Unicode>vnita: Sed peccare includit repugnantiam ad diuinum</Unicode>
                </TextEquiv>
            </TextLine>
            <TextLine id="r1l161" custom="readingOrder {index:63;}">
                <Coords points="1119,2996 1927,2993 1945,2949 1118,2952"/>
                <Baseline points="1124,2982 1164,2982 1205,2982 1246,2981 1287,2981 1328,2979 1368,2979 1409,2979 1450,2978 1491,2978 1532,2978 1572,2978 1613,2978 1654,2977 1695,2976 1736,2976 1776,2976 1817,2976 1858,2976 1899,2975 1940,2975"/>
                <TextEquiv>
                    <Unicode>suppositum. Maior patet: quia natura non agit: sed sup¬</Unicode>
                </TextEquiv>
            </TextLine>
            <TextLine id="r1l163" custom="readingOrder {index:64;}">
                <Coords points="1124,3033 1915,3030 1954,3021 1954,2988 1124,2997"/>
                <Baseline points="1130,3023 1173,3023 1216,3021 1259,3021 1302,3020 1345,3019 1388,3018 1431,3018 1474,3017 1517,3017 1561,3017 1604,3016 1647,3015 1690,3015 1733,3015 1776,3015 1819,3014 1862,3014 1905,3014 1949,3014"/>
                <TextEquiv>
                    <Unicode>positorum tantummodo est agere: igitur si Christus pec¬</Unicode>
                </TextEquiv>
            </TextLine>
            <TextLine id="r1l165" custom="readingOrder {index:65;}">
                <Coords points="1125,3067 1949,3068 1949,3021 1124,3033"/>
                <Baseline points="1130,3062 1170,3062 1211,3060 1251,3060 1292,3059 1333,3059 1373,3059 1414,3057 1455,3057 1495,3057 1536,3056 1577,3056 1617,3056 1658,3054 1699,3054 1739,3054 1780,3054 1821,3054 1861,3053 1902,3053 1943,3053"/>
                <TextEquiv>
                    <Unicode>taret, tunc diuinum suppositum peccaret, cum nullun</Unicode>
                </TextEquiv>
            </TextLine>
            <TextLine id="r1l168" custom="readingOrder {index:66;}">
                <Coords points="1109,3115 1956,3105 1955,3065 1910,3059 1109,3074"/>
                <Baseline points="1115,3098 1156,3098 1198,3099 1240,3099 1282,3099 1323,3099 1365,3099 1407,3099 1449,3098 1490,3098 1532,3098 1574,3098 1616,3096 1657,3096 1699,3096 1741,3095 1783,3095 1824,3095 1866,3093 1908,3093 1950,3093"/>
                <TextEquiv>
                    <Unicode>suppositum sit in Christo nisi diuinum. Minor patet ex</Unicode>
                </TextEquiv>
            </TextLine>
            <TextLine id="r1l170" custom="readingOrder {index:67;}">
                <Coords points="1111,3151 1137,3161 1162,3147 1209,3153 1276,3141 1284,3148 1334,3148 1341,3146 1341,3111 1253,3106 1242,3115 1208,3109 1168,3116 1159,3109 1146,3116 1126,3107 1111,3114"/>
                <Baseline points="1116,3138 1143,3138 1170,3138 1198,3138 1225,3138 1252,3138 1280,3138 1307,3138 1335,3140"/>
                <TextEquiv>
                    <Unicode>dictis in 1. art.</Unicode>
                </TextEquiv>
            </TextLine>
            <TextLine id="r1l172" custom="readingOrder {index:68;}">
                <Coords points="1143,3200 1939,3188 1957,3141 1142,3157"/>
                <Baseline points="1148,3182 1188,3182 1228,3182 1268,3182 1308,3180 1349,3180 1389,3180 1429,3179 1469,3179 1509,3179 1550,3177 1590,3177 1630,3177 1670,3176 1710,3176 1751,3175 1791,3174 1831,3174 1871,3173 1911,3173 1952,3171"/>
                <TextEquiv>
                    <Unicode>Praeterea, actio plus imputanda est principali agenti,</Unicode>
                </TextEquiv>
            </TextLine>
            <TextEquiv>
                <Unicode>sit causa causati propter quam sic: sed sufcit, quod sit
causa causati, sine qua non. Vel dicendum, quod effectus
causati vel competit causato, vt est causatum a tali cau¬
sa, vel vt deuiat ab ea. Primo modo concludit argumen¬
um, &amp; non secundo modo: Et quia peceare non conue¬
nit voluntati, vt a Deo causata est, sed, vt deuiat a Deo¬ 
ideo &amp;c. Sicut enim motus tibiae causatur a virtute mo¬
iua, quae est in animali, claudicatio autem talis motus
non conuenit tali motui, vt causatus est a virtute motiua
ideo huiusmodi claudicatio non reducitur in virtutem
motiuam: sed in defectum tibiae, &amp; musculorum, vel etiam
quandoque in libertatem claudicantis, si claudicatio fue
rit voluntaria, sic in proposito &amp;c.
Ad tertium dicendum, quod Deus non desinit nostris
eccatis, &amp; facinoribus obuiare: quia dum solumodo non
facimus quod in nobis est, auxiliu Dei semper nobis prae
to est, &amp; ante peccatum, ne committatur: &amp; post pecca¬
tum, vt remittatur. Si aute nos noluerimus facere, quod
in nobis est, tunc iusto iudicio derelinquit nons
Ad quartum patet per ea, quae dicta sunt ad primum.
Ad quintum dicendum, quod Deus gratiam non sub¬
trahit, nisi quia homo gratiae obicem ponit: Et ideo quam¬
uis sine gratia non possimus vitare peccata: tamen Deus
non est causa peccati: sed homo ponens obicem gratiae:
Nam secundum Dionys: sicut sel iste materialis, quantum
de se est, non ratiocinans, neque praecligens radios suae cla¬
ritatis rebus corporalibus iuxta modum suae capacitatis
infundit, sic Deus &amp;c
ARTICVLVS II un: :n
Vtrum christus possit vel potuerit actualiter
peccare.
VANTVM ad secundum articulum dicendum,
quod quia hoc nomen Christus exprimit diuinum
suppositum: ideo simpliciter loquendo, Christus non po¬
test peccare. Et hoc patet eisdem rationibus, quibus in
art. precedenti est probatum, quod Deus non potest poc
care: Sed loquendo de Christo, quatum ad naturam huma
nam, quam verbum diuinum assumpsit, tunc illud, quod
etitur, potest habere duplicem intellectum. Vno modo
manentibus habitibus gratiae, &amp; gloriae in anima Christi,
quibus pro nunc de facto tredimus ipsam esse perfectam:
vtrum Christus, quo ad illam humanitatem, seu ratione
lllius humanitatis possit peccare. Alio subtractis omni-
bus talibus perfectionibus ab humanitate Christi;, ita
quod ipsa in suis puris naturalibus constituta remaneat
verbo vnita : vtrum non obstante tali suppositali vnione
homo Christus possit paccare quantum ad talem naturam
humanam. Primo modo ad hoc est multorum doctorum
poncordia, quod homo Christus, secundum talem natu¬
ram, non possit peccare, eo quod non minus, sed perfe¬
tius sit in gratia, &amp; gloria confirmatus, quam quicunque
peatorum hominum, aut Angelorum. Sed secundo mo¬
do sumendo naturam humanam, quamuis aliqui docto¬
es teneant oppositum: mihi tamen videtur, quod posito,
quod illa natura in suis puris naturalibus fuisset assum¬
ita, ille homo numquam potuisset peccare, nisi a supposi
to diuino prius fuisset derelicta illa natura, &amp; in proprio
upposito constituta
Quia actus includens repugnantiam ad suppositum, quo
aliqua natura supposit aliter substentatur, non potest com¬
petere tali nature, vel alicui ratione talis naturae, quam¬
diu manet predicto supposito soppositaliter copulata, set
vnita: Sed peccare includit repugnantiam ad diuinum
suppositum. Maior patet: quia natura non agit: sed sup¬
positorum tantummodo est agere: igitur si Christus pec¬
taret, tunc diuinum suppositum peccaret, cum nullun
suppositum sit in Christo nisi diuinum. Minor patet ex
dictis in 1. art.
Praeterea, actio plus imputanda est principali agenti,</Unicode>
            </TextEquiv>
        </TextRegion>
    </Page>
</PcGts>
