2411 3551
226 260 1078 324 isto secundo modo, scilicet vt a causa extrinseca, & efficien
226 323 1073 378 te; ideo non oportet scientiam esse infinitam, si est de si
228 358 911 411 biecto infinito, sub ratione qua est infinitum
261 398 1073 443 Sed istud non valet: quia istam responsionem praeueni
236 434 1088 497 per confirmationem, quam praedictae probationi adiunxi
231 480 1074 524 ad quam tamen confirmationem iste socius nihil re spon
228 522 1081 568 det: quia non obstante, quod aliquid sit causa alicuius ex
228 555 1075 602 trinseca, si tamen in hoc sit adaequata eius mensura, tunc
231 599 1076 642 ex finitate, vel infinitate causae sufficienter arguitur fini¬
231 638 1075 679 tas vel infinitas ipsius effectus: Nam si effectus huiusmodi
230 680 1067 729 esset finitus causa existente infinita, tunc nulla esset adae¬
221 719 1077 757 quatio, nec aliqua esset proportio inter huiusmodi cau¬
226 761 1069 803 lam, & effectum. Sed nunc ita est, quod obiectum acceptum
228 792 1073 841 sub formali ratione, qua subiicitur in scientia, est adaequa
213 836 1076 878 ta mensura ipsius scientiae: igitur quamuis obiectum sit
225 875 1070 926 causa extrinseca ipsius scientiae, tamen si Deus, qui in se
221 913 1064 956 est formaliter infinitus, esset subiectum alicuius scien¬
221 954 1076 1006 tiae sub ratione entis infiniti, tunc sequeretur, quod illa
215 988 541 1033 scientia esset infinita.
255 1020 1060 1081 Ad secundam rationem iterum negat consequentiam
235 1068 1066 1116 uia in ista consequentia proceditur a minori ad maius
214 1113 1061 1154 negatiue; nam minus videtur, quod Deus sub conceptu
214 1149 1071 1195 deitatis sit subiectum in theologia viatoris, quam sub con
220 1189 1064 1232 ceptu entis infiniti, eo, quod conceptus deitatis non pos¬
214 1229 1067 1272 sit comprehendi ab aliquo viatore. Ad probationem di¬
229 1265 1059 1316 rit, quod ratio deitatis non est propter hoc incompreha
222 1307 1067 1352 sibilis: quia includit rationem infinitatis: sed hoc est pro
232 1344 1076 1393 tanto: quia ratio deitatis non est abstrahibilis a rebus sen
216 1388 765 1433 sibilibus virtute intellectus agentis.
258 1418 1066 1463 Sed nec istud valet: quia respiciendo ea, quae dixi con¬
213 1460 1071 1516 tra primum fundamentum, tunc immediate apparet, quod
213 1500 1073 1545 hic falsum assumitur, cum dicitur, quod consequentia mea
226 1540 1061 1592 procedat ab eo, quod minus videtur: quia si accipimus con
222 1592 1062 1632 ceptus correspondentes cognitioni quid est, tunc proce¬
212 1622 1056 1665 ditur ab aequali ad aequale, siue per locum a simili. Si au¬
222 1661 1074 1714 tem accipimus conceptus correspondentes cognitioni
216 1701 1062 1746 quia est, tunc illa consequentia procedit negatiue ab eo
219 1741 1070 1787 quod magis videtur, ad illud, quod minus videtur: quia con
220 1786 1055 1832 gnitione quia est magis est nobis euidens conceptus de
220 1816 1069 1859 ratis, quam conceptus entis infiniti infinitate perfectio¬
217 1860 1065 1905 nis, vt patet ex tertia ratione ducta contra primum funda¬
220 1895 1055 1943 mentum. Et ex eodem apparet, quod falsum assumitur it
220 1936 1059 1985 responsione ad probationem consequentiae: quia quantum
225 1977 1064 2022 ad perfectum conceptum correspondentem cognitioni
222 2016 1069 2058 quid est, tunc sicut conceptus deitatis non est abstrahibi¬
222 2053 1058 2105 lis virtute intellectus agentis ab ipsis rebus sensibilibus
220 2095 1060 2152 sic nec conceptus entis infiniti infinitate perfectionis: quid
213 2132 1060 2180 isti duo conceptus adaequate se habent, vt patet ex prima
213 2175 1070 2219 ratione contra primum fundamentum. Sed quantum ad
219 2213 1061 2259 conceptum correspondentem cognitioni quia est, tund
216 2251 1048 2296 conceptus deitatis vere est abstrahibilis virtute intelle
223 2290 1058 2349 ctus agentis a rebus sensibilibus, & non minus, sed magi
222 2332 1056 2375 quam conceptus entis infiniti: Vnde Apostolus loquen
213 2372 1058 2416 de cognitione philosophorum, quam habuerunt de dei¬
231 2412 1059 2454 tate, ostendit eos huiusmodi cognitionem accepisse a cre¬
223 2446 1061 2493 turis, dicent, lnuisibilia Dei per ea, quae facta sunt, intellu
225 2485 1052 2537 cta conspiciuntur: sempiterna quoque virtus eius, & dei
219 2525 1063 2574 tas. Etiam Magister in primo libro distin. 2. ostendit por
228 2566 1060 2611 multas auctoritates, quod deitatis cognitionem habere
223 2606 1063 2661 possumus per imaginem Dei, & per vestigium, quae repe
222 2645 517 2694 riuntur in creaturis
267 2679 1067 2738 Ad instantiam, quam duxi contra maiorem primae sus
231 2725 1070 2777 rationis; ipse non respondet directe, sed solum nititur pro
225 2767 1061 2811 bare, quod conceptus entis infiniti sit comprehensibili
227 2809 810 2851 ab intellectu viatoris. Et hoc arguit sic¬
261 2837 1067 2888 Nullus conceptus, abstractus a rebus sensibilibus virtu
233 2888 1077 2933 te luminis nostri intellectus agentis, est incomprehensi¬
236 2918 1073 2971 bilis ab intellectu possibili viatoris. Sed conceptus entis
232 2972 1064 3012 infiniti est huiusmodi; ergo &c. Maior est nota. Probatur
231 3005 1067 3058 minor, quia conceptus entis finiti abstrahitur: ergo etiam
228 3042 581 3091 conceptus entis infiniti
260 3060 1058 3132 Hic dico, quod minor ista est falsa, loquendo de conc
230 3120 1074 3181 ptu correspondente cognitioni quid est. Nec valet proba
1115 287 1971 351 tio, quia procedit affirmatiue de eo, quod magis videtur
1127 342 1980 390 ad illud, quod minus videtur. Nam conceptus perfectus
1119 383 1976 429 & quidditatiuus entis finiti est proportionatus nostro in
1123 414 1986 460 tellectui, qui est finitus, & limitatus, & per consequens na
1120 452 1986 503 turaliter loquendo, ipse est magis comprehensibilis ab in
1122 497 1975 540 tellectu viatoris, quam conceptus quidditatiuus entis in
1126 529 1971 584 finiti, qui, naturaliter loquendo, est improportionatus in
1131 573 1973 608 tellectui viatoris. Sed si iste socius intelligit istam mino¬
1112 613 1972 659 rem de conceptu correspondente cognitioni quia est, tuc
1116 649 1978 697 tota ratione concessa, iste socius nihil habet de suo pro¬
1125 691 1978 741 posito: quia isto modo non habetur, quod conceptus en¬
1120 732 1988 769 tis infiniti sit magis comprehensibilis, quam conceptus.
1114 762 1694 813 deitatis, cuius oppositum ipse intendit
1131 804 1970 845 Ad illud, quod dixi contra minorem propositionem non
1112 847 1972 890 respondet, sed solum probat suam minorem sic. llle con¬
1118 885 1976 924 ceptus est proximior primo conceptui quidditatiuo dei¬
1113 924 1972 968 tatis, qui magis exprimit illud, quod est intrinsecum dei¬
1112 966 1957 1007 tati: Sed conceptus entis infiniti est huiusmodi, & non con
1117 996 1969 1051 ceptus summi boni: quia summum bonum se habet ad
1119 1038 1969 1089 deitatem, sicut passio. lstam minorem cum sua probatio¬
1101 1083 1966 1126 ne nego quia oppositum eius probaui superius arguendo
1114 1117 1583 1164 contra tertium fundamentum.
1149 1157 1969 1196 Deinde, quando probaui, quod probatio minoris pri¬
1117 1199 1953 1245 mae rationis istius socii reuerendi implicat impossibile, &
1112 1227 1985 1276 incompossibile, ipse iterum non respondet ad motiuum F
1111 1277 1958 1318 meum: sed solum nititur probare, quod circumscriptis om
1119 1314 1952 1360 nibus perfectionibus attributalibus ab ipsa essentia diui¬
1113 1351 1914 1407 na, adhuc essentia diuina maneat infinita. Et arguit sic¬
1128 1392 1966 1428 lllud, quod nihil intrinsece habet ab aliquibus, & cir¬
1107 1425 1957 1477 cumscriptum ab illis habet entitatem excedentem om-
1115 1470 1960 1510 nem entitatem finitam, hoc circumscriptum ab illis ne¬
1110 1514 1966 1558 cessario est infinitum: Sed essentia diuina nihil habet in¬
1112 1559 1952 1604 trinsece a perfectionibus attributalibus, & circumscripta
1107 1594 1952 1635 ab eis adhuc habet entitatem excedentem omnem enti
1105 1623 1461 1672 tatem finitam, ergo &c.
1152 1667 1949 1711 Addit etiam iste socius, quod sicut abstrahentium non
1112 1705 1962 1758 est mendacium, sic etiam circumscribentium non est
1113 1743 1303 1789 mendacium.
1148 1782 1949 1827 Ad primum dico, quod minor est simpliciter falsa; quia
1104 1819 1952 1873 quicum que vere concipit deitatem, ille concipit rem in
1105 1866 1946 1915 cludentem omnem perfectionem, vt patet etiam per Ari¬
1101 1900 1961 1952 stotelem 5. metaph ideo perfectio Dei dicit ipsam substam
1102 1947 1938 1984 tiam Dei, & est quid intrinsecum ipsi Deo. Vnde propter
1102 1979 1943 2027 huiusmodi intimam intrinsecationem dicit beatus Au¬
1121 2023 1947 2066 ustinus, quod Deus est sine quantitate magnus, sine qua
1101 2064 1952 2110 litate bonus, & sic de aliis diuinis perfectionibus. Quasi
1113 2103 1949 2153 dicat, magnitudo, bonitas, sapientia, & omnes aliae Dei per
1110 2140 1948 2183 fectiones sic sunt intrinsecae ipsi Deo, quod non sunt quanti¬
1104 2180 1952 2231 tas, vel qualitas, sed sunt ipsa substantia Dei. Vnde omnis
1125 2218 1951 2272 erfectio sic est intrinseca ipsi diuinae essentiae, quod si pro¬
1102 2257 1952 2307 fecte deberet diffiniri ipsa diuina essentia, tunc per inclu
1102 2295 1946 2347 sionem omnis perfectionis exprimeretur, quasi substantia
1113 2337 1946 2381 lis differentia deitatis, qua ipsa deitas substantialiter di¬
1108 2375 1948 2427 stingueretur ab omni eo, quod non est deitas. Ite, falsum
1101 2418 1959 2459 assumitur in eadem minori, cum dicitur, quod deitas cir¬
1108 2456 1952 2497 cumscripta ab omnibus perfectionibus adhuc haberet e¬
1118 2493 1943 2549 titatem excedentem omnem entitatem finitam, quia vt
1108 2536 1946 2578 supra probaui huiusmodi perfectionibus circumscriptis
1116 2572 1939 2616 deitate, tunc non maneret deitas; & hoc non solum in re
1115 2613 1942 2651 extra, sed nec in intellectu, quia sine huiusmodi perfe¬
1108 2646 1949 2706 ctionibus intellectus non potest concipere rationem dei
1113 2686 1320 2738 tatis; ergo &c
1152 2712 1940 2775 Ad secundum dicendum, quod licet abstrahentium non
1111 2759 1937 2824 sit mendacium, quando abstrahitur aliquid naturaliter
1119 2812 1946 2852 prius a suo posteriori, sicut quantum a quali; tamen quando
1100 2853 1937 2901 abstrahitur aliquid ab eo, quod spectat ad suam substantia
1109 2889 1944 2939 & est de sua diffinitione, tunc talis abstractio numquam
1111 2927 1890 2971 caret mendacio. Sic autem est in proposito; ergo &c
1154 2965 1933 3008 Ad illud, quod dixi contra maiorem secundae suae ratio
1103 3006 1947 3048 nis, non respondet. Sed tamen probat, quod conceptus entis, &
1107 3047 1949 3086 ratio sua punctaliter stat in hoc. Quia conceptus entis fi
1116 3086 1949 3141 niti attingitur, ergo & conceptus entis infiniti; quia pri¬
1106 3119 1588 3176 uatio cognoscitur per habitum.
