2420 3522
439 270 1280 331 quam instrumento, sed Dam as. 3. lib. dicit, quod huma¬
432 321 1273 365 nitas in Christo fuit instrumentum deitatis. Et hoc ra
441 363 1296 413 tionabiliter ponit Damas: quia quando natura, quae est
456 402 1295 451 principium alicuius operationis, non constituit supposi¬
462 442 1297 492 tum, nec ei inhaeret, tunc supositum agit per eam sicut
453 480 1282 534 per instrumentum: sed natura humana nec constituit di¬
446 530 1120 571 uinum suppositum, nec inhaeret ei: ergo &c.
461 561 1288 609 3 Praeterea, secundum Ansel. minimum inconueniens
449 600 1294 650 apud Deum est impossibile, sed Deum peccare non est
444 640 1283 688 minimum inconueniens, sed valde magnum inconueniens
450 678 1290 727 quia si posset peccare, tunc posset damnari: sed consequens
448 715 1289 768 est impossibile etiam quantum ad naturam humanam in
456 755 1295 805 Christo: quia dicit glos. Natura humanae veritatis, quam
456 797 1286 844 Deus assumpsit, quae nullo modo peccato damnari po¬
453 831 851 892 tuit, solus Deus maior est
476 877 1298 926 Sed oppositum istius conclusionis quaedam opinio pro
463 917 1295 966 pat sic. Natura, quae non est perfectior in ratione actus
459 950 1292 1004 primi, seu in essendo, etiam non erit perfectior in ratio¬
456 986 1290 1036 ne actus secundi, siue in operando: sed supradicta suppo¬
447 1034 1286 1082 sitione stante, nulla esset maior persectio in humana na¬
445 1069 1289 1108 tura Christi in ratione actus primi, quam si per se con¬
447 1109 1298 1151 stituisset suppositum, & non fuisset assumpta: ergo nec in
455 1150 1292 1206 ratione actus secundi, sed in proprio supposito potuisset
462 1190 726 1239 peccare : ergo &c.
475 1229 1297 1278 2 Praeterea, opposita eidem conuenire secundum di¬
444 1267 1288 1316 uersas naturas nullum est inconueniens:igitur, vt isti di¬
450 1310 1298 1352 cunt, nullum inconueniens apparet, quia Christus secu¬
454 1344 1289 1388 dum diuinam naturam possit esse bonus, & secudum hu¬
451 1386 1295 1441 manam naturam malus: sicut secundum diuinam naturam
447 1428 1180 1477 est immortalis, & se cundum humanam mortalis
476 1458 1301 1513 3 Praeterea, arguitur argumentis communibus sic. Nul
444 1502 1304 1551 lus meretur refutando, quod facere nullo modo potest:
446 1540 1295 1586 sed Christus merebatur refutando peccatum: ergo &c.
451 1576 1298 1633 Maior patet: quia sicut nullus peccat in eo, quod vitare
452 1616 970 1669 non potest: sic nullus meretur &c
470 1656 1296 1709 4 Praeterea, Christus potuit mentiri: ergo potuit pec¬
462 1702 1304 1752 care : consequentia est nota. Antecedens probatur: quia
463 1740 1305 1789 Christus ad ludaeos dixit de patre suo. Si dixero, quia non
457 1777 1302 1828 noui eum, ero similis vobis mendax: sed Christus potuit
462 1818 917 1871 dicere hoc verbum: ergo &c.
474 1828 1300 1908 3 Praeterea, in libro de spiritu, & littera ait August. Il¬
469 1898 1292 1947 iud habet quis in potestate sua, quod facit, si vult. Etian
460 1936 1298 1977 eadem sententiam ponit Ansel. n libro 2. cur Deus ho¬
465 1971 1306 2023 mo sed Christus potest peccare, si vult. Si enim aliquid
463 2017 1283 2061 vellet, quod non posset, tunc non esset omnipotens.
474 2053 1301 2099 G Praeterea, Aug. lib. 3. de lib arb ait, quod melior est
462 2093 1301 2141 natura, quae potest peccare, quam quae non potest: sed
455 2127 1292 2178 silius Dei assumpsit humanam naturam optime disposi
465 2170 683 2220 tam : ergo &c.
490 2209 1305 2254 V Preterea, Christus habuit in se quicquid iu viro iusto
458 2246 1307 2296 est laudabile: sed ad laudem viri iusti dicitur. Potuit
456 2294 1304 2338 transgredi, & non est transgressus, mala facere, & non fe¬
459 2327 1305 2373 cit. ET istam opinionem etiam quidam moderuus doctor
462 2368 1296 2411 nititur sustinere : propter quod ipse respondet ad ratio¬
461 2405 965 2456 nes pro ipsa conclusione adductas
494 2414 1299 2489 Ad primam dicit, quod quamuis actio vtriusque natu¬
453 2486 1295 2534 rae in Christo sit actio suppositi, diuini, tamquam eius
469 2526 1302 2573 quod denominatur agere: quia sustentat naturam, quae
475 2567 1292 2609 eft principium actionis: in nullo tamen potest plus im¬
477 2592 1296 2650 utari diuino supposito actio praedicta, quam si non esset
472 2650 1298 2692 vnitum humanae nature: quia si plus ei imputaretur, hoc
474 2681 1297 2731 esset, vel quia moueret naturam ad peccandum, aut quia
462 2720 1306 2759 non prohiberet eam a tali actu. Primum non: quia cum
465 2756 1297 2809 actiones ad extra sint communes toti trinitati: ergo non
468 2797 1293 2841 plus mouet naturam humanam persona filij, quae est u
461 2840 1298 2887 vnita, quam persona patris, & spiritus sancti. Nec secun¬
459 2873 1289 2922 dum: quia sicut Deus administrat res, vt eas proprios mo
455 2919 1301 2962 tus acere sinat secundum Aug. nec tamen poccata crea¬
467 2939 1292 2998 turae Deo imputantur: quamuis ea possit impedire, si
468 2991 1300 3034 Deus potuit naturam humanam assumere, & cam pro¬
474 3034 1291 3074 rio motui relinquere, vt ageret, ac si assumpta non fuis
455 3069 1300 3126 set: nec tamen talis actio plus imputaretur personae diui
463 3103 1001 3172 nae assumenti, quam non assumenti.
1365 255 2204 328 SED illud non valet quia licet non plus moueat na¬
1340 325 2171 379 turam humanam persona filij, quam persona patris, qu
1328 365 2174 409 spiritus sancti, mouet tamen ea alio modo: quiaim mo
1347 408 2174 449 sendo supplet vicem proprij suppositr, cui talis actio im¬
1344 445 2172 491 putaretur, si natura illa proprio supposito suppositare.
1332 483 2183 532 tur : propter quod actio culpabilis, cuius talis natura es¬
1329 522 2177 568 set principium, alteri supposito agenti huius actionem
1337 567 2185 608 non posset impatari, quam diuino supposito, cui esset v¬
1335 596 2177 642 nita. Nec valet cum dicit, quod Deus potuit talem
1343 639 2182 687 naturam proprio suo motui relinquere, vt ageret, ac si
1334 676 2171 729 assumpta non fuisset: quia si hoc fieret, tunc vel illa na
1344 720 2180 761 tura humana nihil penitus ageret: quia naturae non ess
1337 760 2180 810 agere: quamuis in supposito sit principium, quo agit ip¬
1341 797 2187 846 sum suppositum, vel non maneret vnita diuinmo supposi¬
1338 835 2189 891 to puta: quia sic relinqueretur, quod proprium supposi¬
1348 875 1611 925 tum constitueret.
1365 913 2192 958 AD secundam dicit, quod per illa verba Damas: non
1338 956 2192 1000 dicit, quod humanitas non potuerit assumi, quin omnes
1342 994 2177 1038 actus eius essent actus deitatis, tanquam principalis mo¬
1343 1039 2177 1093 uentis. SED nec illud valet: quia sicut expresse pa¬
1344 1075 2171 1123 tet per verba Damal immediate sequentia. ad praecet u
1338 1110 2179 1162 tia, Damal. vult, quod in omni operatione, cuius princi¬
1338 1150 2192 1205 cipium est illa natura humaua, deitas est mouens prin¬
1344 1195 1934 1242 cipale, & natura humana instrumentale
1362 1205 2191 1278 AD tertiam dicit: quod nullum est inconueniens di
1338 1273 2195 1322 cere, quod Christus, secundum quod homo, peccauit
1343 1309 2189 1355 vel peccare potuit, Et addit, quod cum damiatio so¬
1347 1343 2189 1402 net in poenam, non est maius inconueniens Christum di¬
1345 1386 2183 1431 cere damnatum, quam mortuum, vel passum. Vnde per¬
1339 1426 2183 1468 sona diuina etiam nunc de sacto posset assumere naturam
1337 1464 2180 1512 hominis damnati. SED nec illud valet, nec est bene di¬
1346 1502 2189 1553 ctum: quia cum homo Christus non dicat suppositum
1343 1542 2194 1590 humanum, cui possit attribui ipsum peccatum tanquam
1350 1580 2182 1637 agenti, seu facienti, & ipsa natura humana non possit esse
1343 1627 2189 1680 agens, sed ratio agendi: ideo omnino huiusmodi pecca¬
1345 1669 2174 1713 tum retorqueretur in ipsum diuinum suppositum tam
1350 1702 2189 1752 quam in agens, committens ipsum peccatum, quod mi-
1345 1741 2183 1789 hi, & cuilibet fideli summe inconueniens debet videri.
1344 1780 2182 1825 Nec est simile, quod dicit de damnatione, passione, &
1350 1811 2183 1869 morte Christi: Quia damnatio praesupponit malum
1356 1852 2188 1904 tulpae, & ideo repugnat naturae assumpte a diuino sup¬
1346 1896 2184 1944 posito, quae non potest committere malum culpae, qua
1344 1944 2187 1987 re efficiatur, vt damnetur, nisi diuinum suppositum con¬
1360 1976 2198 2026 nittat tale peccatum. Aliae autem poene, quae sine cul¬
1350 2023 2174 2063 pa contingunt, cum virtutem non diminuant, sed ma¬
1343 2049 2185 2102 gis augeant, non repugnat praedictae humanitati. Nec
1353 2096 2193 2145 valet, quod vltimo addunt: quia posito, quod Deus da¬
1347 2137 2182 2182 natam naturam assumeret, peccatum illius naturae non
1347 2173 2180 2226 imputaretur causaliter diuino supposito, sed priori sup¬
1357 2219 2187 2274 posito, quod taliter egit, quod ipsum cum natura meri¬
1352 2248 1585 2300 to damnabitur,
1368 2294 2187 2339 AD primum alterius opinionis dicendum, quod ar¬
1354 2331 2181 2380 gumentum assignat non causam pro causa, quod enim ta
1337 2363 2188 2410 linaturae peccatum inesse non potest, hoc non est pro¬
1354 2410 2192 2456 pter maiorem, vel minorem naturae perfectionem, sed est
1344 2453 2183 2494 pro tanto: quia cum natura per se non possit agere: ideo
1350 2486 2192 2537 sibi non potest peccatum inesse, nisi suppositetur, tali sup
1356 2528 2191 2571 posito, quod possit peccare. Minor etiam est falsaequia
1353 2568 2186 2613 proprie loquendo, nec in proprio supposito, nec in alie¬
1347 2604 2189 2648 no natura potest peccare, sicut nec potest agere, licet pos
1348 2643 2190 2699 sit esse ratio peccandi ipsi supposito, cum in tali supposito
1348 2683 1871 2734 subsistit, cui non repugnat peccare
1392 2720 2193 2775 Ad secundum patebit inferius, cum tractabitur de
1347 2755 1809 2808 Christi passione.
1392 2792 2192 2843 Ad tertium dicendum, quod quamuis necessitas coa¬
1343 2838 2178 2883 ctionis tollat rationem meriti, necessitas tamen immu¬
1350 2881 2178 2931 tabilitatis proueniens ex perfectione virtutum, non tol¬
1349 2917 1797 2972 lit rationem meriti, sed auget
1386 2958 2192 3003 Ad quartum dicendum, quod quamuis verba signifi¬
1345 2997 2180 3040 cantia mendacium Christus potuerit exprimere, & di¬-
1346 3039 2184 3089 cere quantum ad sonum materialem verborum, sicut ad
1353 3071 2190 3128 sitteram tunc dixit, non noui eum praemissa tamen hac
1351 3113 2184 3168 condicione, si dixero: Formaliter tamen significatius
