2081 3510
366 242 1221 307 lsta patet per sufficientem diuisionem, quia si detur quar¬
370 294 1233 346 tum membrum. s.quod cognoscat eas per essentiam diui
364 344 1222 386 nam, tunc talis cognitio non esset naturalis, sed potius
364 383 796 431 beatifica, & supernatur alis.
407 422 1223 468 Sed primum dari non potest, quia solus Deus cogno¬
363 455 1216 505 scit ea, quae sunt extra se per essentiam suam: eo, quod si
363 497 1226 543 la diuina essentia sit foecundum exemplar omnia in sei¬
369 532 1216 591 pso expressissime representans. Nec secundum quia li¬
363 576 1225 627 cet res cognita in suo esse reali non sit semper presens in
365 613 1214 661 tellectui cognoscenti: tamen illud, quod est ratio cogno
366 651 1219 701 scendi, seu per quod ipsa res cognoscitur, oportet esse in
368 696 527 747 intellectu.
405 732 1223 787 Sed sola essentia diuina, & nulla alia substantia separa
364 768 1214 819 ta potest esse per se ipsam praesens in intellectu animae ra
369 811 1224 860 tionalis: quia nulla creata substantia potest illabi animae
357 849 1220 894 rationali, sed solus Deus, qui creauit eam, vt ait beatus
361 891 1216 941 Aug. ergo anima rationalis nullam substantiam potess
369 932 1114 979 cognoscere per essentiam huiusmodi substantiae
409 971 1214 1019 Nec potest dari tertium, quia quamuis pro statu prae¬
366 1009 1214 1055 sentis vitae anima rationalis possit intelligibiles species
362 1057 1216 1096 abstrahere a rebus materialibus, tamen nec in vita, nec
366 1091 1210 1139 in alia vita potest huiusmodi species abstrahere a substi
375 1127 1223 1179 tiis separatis: nam cum secundum suum esse reale tales
358 1165 1209 1219 substantiae sint abstractae; ideo vlterius non possunt ab
362 1212 976 1261 strahi secundum suum esse intelligibile
376 1243 1227 1287 2 Praeterea, si anima separata cognosceret intelligen
360 1284 1222 1334 tias: aut cognosceret eas cognitione sensitiua; aut intelle
369 1328 1223 1367 ctiua. Non primo modo, quia substantiae separatae non
360 1365 1213 1416 sensibiles, pro tanto nim dicuntur substantiae separatae, qui
372 1403 1220 1444 sunt a materia sensibili sequestratae. Nec secundo mo
360 1445 1223 1490 do, quia cognitio intellectiua abstrahit a singularib na
366 1482 1226 1528 intellectus est vniuersalium, sensus vero singularium, vt
365 1524 1209 1575 patet t posteriorum & i. Physicorum Sed quaelibet in
367 1566 930 1610 telligentia de se est haec, & singularis
376 1599 1208 1648 3 Praeterea, si anima separata cognosceret substantias
367 1637 1215 1693 quas voca mus angelos, vel intelligentias, vel talis cogni
360 1684 1214 1725 tio esset a priori, vel a posteriori. lsta probatur, quia om-
363 1720 1215 1760 nis cognitio, vel procedit ex notioribus nobis ad notio¬
352 1759 1213 1805 ra naturae, & tunc est a posteriori; vel ex notioribus natu
366 1800 1207 1839 rae ad notiora nobis, & tunc est a priori. lsta patent 1. po
354 1838 1206 1879 steriorum, & similiter .physicorum. Sed non potest da
359 1878 1208 1923 ri primum. Quia nihil est magis notum quam diuina es
360 1916 1202 1963 sentia igitur si anima a priori cognosceret agelos cogni
363 1958 1208 2004 tione naturali, tunc naturali cognitione cognosceret d
357 1994 1206 2045 uinam essentiam, in tuius cognitione consistit vita eter
354 2036 1209 2081 na, vt patet soan is. Hoc autem est contra catholici
354 2075 1210 2122 veritatem, quia gratia Dei vita aeterna, sicut ait Apo¬
366 2110 443 2161 stolu
397 2149 1211 2203 Nec secundum, quia talis modus cognoscendi compe
354 2196 1205 2243 tit nobis secundum, quod mediantibus virtutibus sensi
360 2236 1214 2279 tiuis, cognitionem acquirimus, sed anima separata caret
363 2272 973 2320 huiusmodi virtutibus sensitiuis: ergo &c
376 2313 1202 2359 4 Preterea, sicut se habet voluntas ad bonum sic in
360 2347 1219 2402 tellectus ad verum. Sed aliquae animae separatae ita sunt
367 2390 1218 2439 obstinatae in malo, quod non possunt velle bonum, sicut
363 2429 1215 2475 apparet in damnatis: ergo eaedem animae non possunt in
360 2475 1208 2518 telligere substantias separatas, quae sicut excellunt cor
362 2511 1211 2555 porales substantias in entitate, sic etiam excellunt in
369 2544 497 2595 Veritate,
448 2583 1216 2630 praeterea, sicut iam dictum est naturalis animae bea
364 2630 1207 2676 titudo consistit in cognitione substantiarum separatarum
356 2664 1210 2710 Sed multae sunt animae separatae, quae carent omni beat
360 2707 1215 2760 tudine: ergo saltem tales animae non cognoscunt substam.
375 2744 593 2792 tias separatas.
444 2784 1220 2837 Praeterea, quanto anima est perfectior, tanto potest
357 2823 1208 2874 in cognitionem nobilioris obiecti Sed anima coniunct.
357 2865 1205 2916 est perfectior, quam anima separatas: & coniuncta non po
369 2905 1204 2948 test cognoscere substantias separata: ergo nec separata
405 2939 1214 2993 Maior patet ratio ne proportionis, quae attenditur in
363 2977 1208 3032 ter co noscens, & cognitum. Minor etiam patet quan¬
373 3025 1206 3069 tum ad primam partem, quia pars est perfectior existen
360 3057 1210 3111 su toto quam se parata ab eo sed anima est pars esse
370 3092 728 3159 tialis hominis ergo &c
1293 236 2033 300 Patet etiam quantum ad secundam partem: quiali
1279 288 2038 337 cet anima coniuncta possit cognoscere de substantis
1263 339 2037 384 separatis, quia sunt: tamen non potest cognoscert,
1269 370 1417 426 quid sunt
1263 418 2033 456 Ad primum nego minorem quantum ad tertiam po
1263 458 2057 503 tem. Ad probationem dicendum, quod speties, quibus
1270 492 2046 537 anima post hanc vitam intelligit substantias separata,
1259 527 2040 575 non sunt abstractae, sed vel sunt a Deo creatae, vel ab in
1265 572 2033 619 sis substantiis separatis deriuatae, & ipsi animae ratior
1272 609 1419 656 li influxae
1304 646 2049 693 Ad secundum dicendum, quod anima humana poss
1262 691 2040 737 hanc vitam cognoscit substantias separatas cogntion
1260 728 2036 770 intellectiua. Ad probationem dicendum, quod quai
1269 765 2039 819 uis aliquo modo intellectus abstrahat a singulari mati
1264 805 2039 847 riali, inquantum abstrahit a materia tamen non absr,
1268 842 2046 888 hit a tali singulari, quod immune est a materia, quali
1262 882 2049 935 singularia sunt ipsae substantiae separatae: Si enim imma
1267 924 2042 975 teri ale singulare intellectus noster non posset cognosi
1271 964 2042 1008 re, tunc numquam posset cognoscere diuinam essenti
1263 1004 1645 1056 quae seipsa est singularis.
1267 1040 2060 1097 Nec etiam intellectus noster priuatur omni cognitione
1263 1077 2052 1127 singularium materialium, prout declarare propono infia i
1262 1118 2055 1173 3 artic. & ibidem patebit, quomodo auctoritates aliqus
1266 1171 1943 1214 modo oppositum sonantes sint intelligendae¬
1300 1197 2078 1245 Ad tertium dicendum, quod si talis cognitio, quaali¬
1269 1237 2052 1292 quid cognoscitur per speciem repraesentantem essenti
1269 1285 2054 1325 rei cognitae, dicitur a priori, tunc post hac vitam amma
1267 1320 2063 1371 quae culpa, vel poena non impeditur, cognoscit substia
1269 1357 2057 1405 tias separatas a priori, quia cognoscit eas per speciet mo
1267 1400 1571 1454 quo iam dictum est
1304 1435 2055 1494 Ad probationem dicendum, quod non sequitur
1263 1474 2079 1528 cognoscit a priori : ergo cognoscit per omnino pi¬
1269 1522 2077 1566 mum. Ad hoc enim, quod res dicatur cognoscia pio
1254 1552 2081 1604 ri, sufficit, quod cognoscatur diffinitiue, seu per specen
1262 1597 2042 1649 propriam, in qua relucet diffinitio, vel descriptio ter
1300 1631 2051 1681 Etiam quaelibet anima separata potest naturali cog
1260 1666 2080 1716 tione videre Deum esse creatorem, & causam cuiuslibes
1267 1713 2082 1771 intelligentiae praeter hoc, quod diuinam essentiam viden
1254 1760 2051 1808 beatifice. Etiam potest eas cognoscere a posterion, quod
1260 1793 2060 1840 multos effectus intelligentiarum potest anima separit
1262 1830 2066 1885 videre, ex quibus sufficienter argueret intelligentias es
1255 1872 2054 1937 se, dato, quod ipsas propriis suis speciebus non cogni
1260 1916 1778 1959 sceret quidditatiue, seu intuitiue¬
1294 1956 2057 2015 Ad quartum nego minorem, quia quaelibet volunta
1258 1990 2038 2037 damnata potest velle, & de facto vult beatitudinem,
1258 2031 2033 2090 est summum bonum, quamuis non velit istud bos
1251 2076 2054 2129 bene, seu ordinate, vel meritorie, sicut dictum est sup
1260 2112 1420 2168 rius dist. 4
1287 2158 2055 2202 Ad quintum dicendum ad maiorem, quod nonqu
1251 2193 2054 2248 bet cognitio substantiarum separatarum est sic beatino
1262 2227 2042 2286 quod in ipsa consistat summa felicitas possibilis honm
1264 2279 2048 2325 per naturam, sed solum talis cognitio, quae est actus)
1258 2309 2045 2362 bilissimae potentiae perfectae habitu nobilissimo, qui
1257 2354 2029 2407 habitum philosophus in ethicis appellat habitum;
1258 2385 2064 2445 tiae: Et quia damnati non sunt habitu sapientiae perrem
1251 2428 2061 2480 sed sunt maculis suorum peccatorum infecti ideo dad
1257 2469 2080 2519 quod cognoscant aliquas substantias separatas, tamem
1263 2513 2057 2556 hoc non habent beatitudinem naturalem. Etiamm
1252 2549 2057 2605 test dici, quod illae substantiae separatae, quarum damni
1252 2585 2058 2637 tae animae determinatam habent notitiam, non sunto
1261 2627 2042 2678 ni angeli, sed mali, seu daemones: quorum aspectus est
1255 2669 2049 2720 deformis, & horribilis, quod nequaquam est beatitm
1257 2707 2045 2755 & delectabilis, sed plurimum afflictiuus. Sicut enimo
1251 2752 2052 2803 mus in natura humana, quod quanto homo sanis d
1259 2785 2045 2829 formosior, tanto si leprosus efficitur, erit deformioil
1267 2828 2029 2875 quanto angeli in suis naturalibus ante peccatum
1260 2863 2015 2914 pulchriores, & ad videdum magis delectabiles sol
1249 2904 2019 2949 quam lepra peccati erant infecti, & maculati, fac
1253 2944 2051 2991 deformiores, & ad videndum magis horribiles Soid
1254 2983 2037 3039 rum autem angelorum animae damnatae non habo
1252 3018 2040 3080 determinatam, & perfectam notitiam, sed soi
1249 3063 1407 3113 confus am
1285 3087 2030 3168 Dato etiam, quod habeant in se species, quibus &
