2403 3532
232 261 1070 336 missio, quae est in beatitudine, reducitur in lumen gloriae
228 322 1061 363 Nam secundum quod aliqua anima est lumine gloriae mo
226 368 1070 421 gis, vel minus disposita, secundum hoc est magis, vel mi¬
221 401 380 453 nus beata¬
257 446 1054 489 3 Praeterea, quia doctores, tenentes conclusionem prae
223 476 1064 530 dictam, communiter fundant suam intentionem super: at
219 518 1064 564 ctoritate Aug hic posita in littera, qua dicitur, quod ani¬
226 559 1053 606 ma propter appetitum, vel inclinationem, quam habet a¬
213 598 1061 649 eorpus, retardatur, ne feratur in summum coelum: ideo con
217 644 1048 686 tra istud fundamentum arguunt isti de opposita opinio
220 682 1052 726 ne sic. Si auima separata beata haberet remissiorem bea
218 720 1057 761 ritudinem propter inclinationem, quam habet ad corpus
216 751 1067 805 tunc anima Christi per triduum post passionem fuisset
212 793 1051 843 minus beata, quam fuerat ante passionem. Consequenti
216 836 1052 886 patet, quia anima Christi post separationem a suo corpi
213 872 1052 921 re non habuit minorem inclinationem ad suum corpus
222 918 1067 957 tiuam quaecumque alia anima habeat ad corpus suum:
213 951 1054 997 Sed falsitas consequentis est nota: quia nimis esset absu
215 993 1064 1035 dum dicere, quod anima Christi per illam sanctissimam
212 1027 1029 1093 passionem reportasset suae beatitud inis detrimentum.
256 1072 1068 1116 S Praeterea, defectus in inferiori portione animae non
219 1112 1057 1157 redundat in superiorem portionem, seu partem: ergo ex
212 1146 1055 1193 hoc, quod anima actualiter non informat corpus, & incl
223 1192 1060 1236 natur ad ipsum informandum, non remittitur animae bea
225 1228 1059 1272 titudo. Antecedens patet: quia sicut ex defectu, qui est in
221 1268 1061 1316 tibia claudicante, non sequitur desectus in oculo vidente
218 1299 1061 1353 eo, quod virtus motiua, quae est in tibia; & visiua, quae ess
226 1343 1063 1389 ino culoe, distinguantur secundum genus potentiae; sic in
215 1382 1057 1439 praposito &c. Consequentia etiam patet: quia corporis
216 1417 1061 1472 informatio conuenit ipsi animae secundum infcriorem
214 1454 1073 1514 portionem, sed vera, & essentialis beatificatio conuenit ei
213 1494 879 1557 secundum superiorem portionem: ergo &c.
273 1532 1060 1585 ro Praeterea, possquam anima resumpsit corpus, tuns
225 1577 1061 1627 appetitus, quem habet ad corpus habitum, non impedit
219 1619 1070 1678 perfectione m suae beatitudinis; ergo antequam resumat
219 1656 1072 1703 eorpus, appetitus, quem habet ad eorpus resumendum,
227 1692 1065 1745 non impediet persectionem suae bcatitudinis. Antece¬
232 1730 1074 1778 dens patet. Proi atur consequentia; quia anima non ha¬
229 1769 1073 1817 bet minorem apretitum ad corpus resumptum, vt ipsum
221 1811 1040 1868 retineat, quam ad corpus resumendi, vt ipsum acquirat
259 1854 1070 1898 1I Draeterea, adhuc contra conclusionem arguunt sic.¬
218 1889 1070 1938 Actio nueniens accidentibus non minus perfecte conue¬
227 1935 1069 1984 tut sibi, quando est separatum a corpore, quam quando
227 1979 1054 2021 est comunctum corpori; ergo heatitudo, quae est actio ci
228 2013 1057 2057 ueniens animae non minus perfecte conueniet sibi quas
227 2048 1067 2099 do est separata, quam quanoo est corpori coniuncta. An¬
224 2085 1074 2130 tecedens patet in accidentibus remanentibus sine subie
231 2125 1064 2176 cto in sacramento altaris: nam illa quantitas replet locum
231 2168 1063 2217 alla albedo disgregat visum, ille sapor immutat, satiat gi
225 2203 1067 2253 rtum, nen minus perfecte, quam si omnia ista accidentia
234 2242 1076 2294 essent in corpore. Etiam patet consequentia: quia non mi
243 2291 1076 2335 nus dependent ista corporalia accidentia in sua corpora¬
239 2320 1080 2373 li operatione a corpore, quam anima in sua suprema, &
233 2370 1074 2414 spiritualissima operatione dependeat a corpore, sed bea
237 2403 977 2454 nitudo est spiritualissima operatio animae, ergo &c.
279 2424 1069 2494 i2 Preterea, aia quantum ad actum beatificum in nu
240 2488 1073 2536 lo dependet a corpore; ergo ex coniunctione ad corpus
241 2518 1076 2570 non intenditur beatitudo ipsius animae. Consequentia
250 2563 1073 2616 patet. Probatur antecedens quia solum in talibus acti
240 2601 1082 2653 bus cognitiuis, & volitiuis anima depedet a corpore, pro
240 2637 1090 2684 quibus vtitur phantasmate; Sed pro actu beatitudinis nul
243 2674 797 2728 lo vtitur phantalmate: ergo &c.
279 2697 1067 2767 Sed ista opinio non videtur esse conformis dictis san
243 2753 1080 2805 ctrrum; Quia sicut dicit P. Hiero, peracto iudicio amplio
240 2792 1083 2845 rem gloriami dcus demonstrabit electis. Etiam ista est in
244 2837 1076 2885 tentio P. Aug. super vien ltem, glo super illud Apocal.
250 2870 1077 2922 di subtus altare &c. dicit, qued modo animae sanctorun
243 2903 1073 2960 sunt in minori dignitate, quam sint futurae. Etiam istu
256 2956 1083 3001 patebit multis aliis auctoritatibus, quas inferius circa pri
252 2990 793 3041 luppositum in isto articulo recitabo.
291 3036 1082 3078 Ad primum motiuum istorum dicendum, quod virtu
261 3068 1082 3128 tem esse immaterialem potest dupliciter intelligi, Vni
244 3104 1091 3164 modo, sic quod non sit forma educta de materia; nec sit
1108 264 1952 335 forma, vel virtus eius, quod est aptum natum informaro
1116 323 1937 374 materiam. Alio modo, sic quod quamuis non sit form
1117 363 1942 407 educta de materia, est tamen forma, vel virtus eius, quod
1114 409 1936 449 est aptum natum materiam informare. Primo modo in
1106 441 1943 483 tellectus, & voluntas angeli dicuntur virtutes immateria
1109 477 1947 525 le3. Secundo modo intellectus, & voluntas hominis di¬
1110 517 1948 562 cuntur virtutes immateriales; quamuis autem de primo
1114 561 1952 609 modo maior sit vera, tamen loquendo de secuudo modo
1111 600 1945 642 maior non est vera, quia eo ipso, qued intellectus, & volun¬
1113 638 1946 688 tas subiectiue fundantur in amma rationali, quae est apta
1107 676 1946 718 nata corpus humanum informare: ideo per se loquendo
1116 716 1946 760 perfectior est earum operatio, quando essentia animae,
1104 760 1949 805 quae est earum subiectum immediatum, est coniuncta ma
1110 795 1949 836 teriae, quam quando est separata a materia: Quia per se lo
1104 833 1948 882 quendo vnicuique rei perfectior conuenit operatio, quam
1102 878 1952 919 do est, sicut apta nata est esse, quamuis istud per accidens
1101 911 1953 959 impediatur in nobis, quamdiu peregrinamur a domino
1112 955 1952 1001 in isto transitorio seculo tum propter peccatum primi pa
1114 988 1958 1040 rentis, tum propter grossiciem, & cortuptibilitatem cor¬
1106 1032 1944 1081 poris, iuxta quod ait ille sapiens, Sapientiae ix. Corpus, quod
1110 1068 1947 1113 corrumpitur, aggrauat animam, & deprimit terrena habi
1108 1107 1949 1158 tatio sensum multa cogitantem. Talia autem impedimen
1110 1146 1853 1192 ta non habebit anima corpori glorific ato reunita.
1137 1179 1954 1236 Ad secundum dicendum, quod minor non est vera de tali
1119 1222 1949 1264 potentia, cuius subiectum immediatum est aptum natum
1104 1269 1945 1309 materiam informare: sed immediatum subiectum intelle
1111 1303 1949 1351 ctus, & voluntatis hominis est essentia animae rationalis,
1104 1348 1949 1391 quae ex sui natura est apta nata corpus humanum, vel ma¬
1111 1375 1945 1432 teriam humanam informare: ideo in proposito minor esi
1113 1420 1955 1470 falsa. Dato etiam, quod coniungi corpori grosso morta¬
1107 1460 1964 1507 li, & rebelli aliquo modo deroget libertati, tamen conifi¬
1100 1502 1945 1553 gi corpori subtili, immortali, & plene obedienti in nullo
1106 1534 1957 1590 derogat libertati: Tale autem erit corpus, quod anima
1104 1574 1948 1631 beata resumet: ideo nec libertas, nec beatitudo minue¬
1104 1623 1868 1664 tur : sed potius augebitur ex eius resumptione.
1146 1653 1951 1697 Ad tertium nego minorem. Ad probationem dicendum,
1116 1694 1946 1744 quod sic separatur anima a corpore, quod tamen retines
1110 1739 1945 1784 aptitudinem ad informandum ipsum corpus: & ideo per
1115 1770 1961 1821 talem separationem valde modicum similatur Deo: quia
1112 1815 1957 1860 Deus sic separatur a corpore, quod nulla habet aptitudi¬
1110 1850 1954 1900 nem ad hoc, quod corpus informet: & ideo dato, quod se¬
1116 1889 1964 1939 cundum quid assimiletur anima separata ipsi Deo, tamen
1119 1926 1959 1970 conituncta magis assimilatur ipsi Deo, quia quanto res est
1119 1971 1951 2019 perfectior, tanto magis assimilatur ipsi Deo: Sed anima
1116 2011 1957 2055 coniuncta, & maxime coniuncta corpori incorruptibili,
1122 2045 1964 2095 perfectiori modo habet esse, quam separata, vt patet ex
1121 2084 1948 2131 praedictis, ergo &c. Sicut enim eor, quia eius perfectio
1120 2128 1954 2171 consistit in motu, ideo dum mouetur, magis assimilatus
1117 2162 1962 2209 Deo, quam quando quiescit, non obstante, quod Deus sit
1108 2205 1961 2245 immobilis per se, & per accidens, & ab intra, sic in propo¬
1109 2242 1219 2290 sito &c
1119 2277 1964 2324 Ad quartum potest dici, quod maior non est vera: quia
1126 2322 1958 2373 quamuis aliquis actus non conueniat animae directe, &
1128 2366 1966 2407 per se in ordine ad corpus, tamen si conuenit animae in
1128 2398 1968 2448 ordine ad totum hominem, tunc potest intendi per con¬
1126 2446 1971 2489 niunctionem animae cum corpore, sine qua coniunctio¬
1122 2484 1955 2529 ne non potest esse homo; Sed nunc ita est, quod beatitum.
1124 2520 1958 2566 do conuenit animae in ordine ad totum hominem: quia
1132 2555 1961 2601 totus homo beatitudine animae rationalis dicitur esse
1137 2593 1970 2638 peatus: ergo &c. Potest etiam dici ad minorem, quod li¬
1130 2635 1957 2679 cet beatitudo simpliciter, & secundum se considerata ni
1131 2674 1966 2719 conueniat animae in ordine ad corpus, tamen beatitudo
1125 2719 1973 2760 considerata quantum ad illum gradum perfectionis, quo
1136 2751 1974 2801 intensius perficit animam, dum est in suo toto; sic conue
1133 2787 1960 2841 nit animae in ordine ad corpus, tamquam in ordine ac
1138 2826 1973 2877 causam sine qua non; quia sine coniunctione ad corpus
1132 2865 1977 2920 non haberetur ille gradus. Et per hoc patet ad probatio
1136 2906 1967 2958 nem, quia licet corpus non communitet animae in actu
1131 2944 1979 2993 beatitudinis; tamen praedictus gradus beatitudinis po¬
1134 2990 1976 3034 test conuenire animae in ordine ad corpus, tamquam in
1131 3020 1653 3077 ordine ad causam sine qua non¬
1153 3060 1983 3107 Ad quintum dicendum, quod maior non est vera, sup¬
1138 3100 1982 3160 posito, quod ex illa naturali coniunctione tollatur impe
