2420 3551
386 270 1239 346 praemium merito, quod secundum maiorem quanti¬
396 326 1233 387 tatem virtualem ipsius meriti, maior erit quantitas vir¬
383 366 1231 421 tualis ipsius praemu, quod quidem praemium saluo ordi¬
393 417 1177 456 ne iustitiae potest dari animae sine corpore existenti
449 429 1241 501 Quia sicut miles triumphando non meretur coronam
390 476 1236 536 triumphi sine equo, & tamen pro triumpho coronatur
399 537 928 584 ab sque equo: sic in proposito & cet.
444 569 1235 623 Corpus enim est quasi equus, in quo anima exerces
389 599 1248 658 suam militiam super terram, quia militia est vita homi¬
396 645 939 712 nis super terram, vt habetur in lob
432 653 1238 730 Ad quintum dicendum, quod beatitudo animae dupl
402 714 1241 775 citer potest considerari. Vno modo secundum perfectu
407 761 1248 816 gradum, de quo Deus disposuit huiusmodi animam bea
405 800 1241 850 tificare. Alio modo circa talem gradum. Primo modo
408 839 1244 888 dicitur beatitudo totaliter consummata. Secundo mo¬
400 873 1247 924 do, tunc quamuis per eam anima sit vere, & formaliter
396 924 1246 971 beata, tamen non debet dici beata beatitudine penitus
409 958 1246 1013 consummata: eo, quod exspectet aliquem vlteriorem bea
393 1011 1253 1050 titudinis gradum, quem sibi Deus suo tempore largie¬
405 1036 1258 1091 tur. Modo dato, quod maior sit vera loquendo de beati
402 1086 1253 1127 tudine primo modo dicta, quia talem beatitudinem ha¬
412 1113 1259 1166 bebit anima post resurrectionem hominis, quando ipsa
411 1162 1255 1201 anima actualiter habebit esse in suo toto, & in corpore
409 1199 1252 1244 incorruptibiliter glorificato, tamen non est vera de bea¬
415 1221 1259 1280 titudine secundo modo dicta. Ad probationem dicendum
412 1269 1247 1327 quod putrefactio, &incineratio corporis magis sunt aDeu
408 1312 1252 1366 inflicta in poenam animae, quam corpotis: nam poena pro
420 1356 1250 1402 prie non est nisi eius, quod percipit poenam, sed corpu
420 1386 1250 1442 exanime non est perceptiuum alicuius poenae Vnde si
410 1426 1259 1481 cut propter forifacta alicuius destruuntur praedia sua, &
412 1469 1257 1511 huiusmodi destructio non est poena illarum rerum, quae
413 1508 1259 1563 destruuntur, cum tales res sint insensibiles, sed potius di
417 1547 1260 1599 citur esse poena illius, qui forifecit, propter cuius delictu
419 1588 1084 1648 fit huiusmodi destructio sic in proposito &c
456 1630 1263 1674 Forte dicetur, quod si ad propositum ista fuerint ap¬
423 1665 1261 1721 plicata, tunc praecedentib contradicunt Quia nulla poe
420 1703 1262 1754 na potest stare cum beatitudine vera: sed secundum istam
422 1744 1250 1790 dicta incineratio corporis est quedam poena animae: er
424 1791 1256 1840 go nulla anima vere beata potest habere corpus incine
411 1833 1262 1874 ratum, & per consequens non poterit esse beatitudo ani
423 1864 943 1917 mae absque corporis resumptione,
459 1874 1274 1951 Dicendum, quod minor non est vera. Ad cuius intelle
424 1929 1262 1994 ctum est aduertendum, quod duplex est poena. Quaedam s
429 1991 1263 2033 positua, quae est afflictionis inductiua. Alia priuatiua
420 2018 1060 2065 quae est alicuius consolationis retardatiua
417 2034 1264 2107 Modo licet prima istarum poenarum non possit stare cum
428 2106 1273 2147 aliquo gradu verae beatitudinis, tamen secuda poena pot
423 2140 1271 2184 stare cum quolibet gradu beatitudinis praeter supremum
429 2178 1267 2230 gradum, quo beatitudo penitus consummatur. Et isto si
421 2221 1268 2263 cundo modo est in proposito: quia ratione huiusmodi in
426 2254 1265 2303 cinerationis tetardatur anima, ne sua beatitudo peni¬
425 2297 1262 2341 tus consummetur, Propter quod beatitudo animarum re
423 2334 1280 2380 cipit augmentum post resumptionem corporum, vt di¬
431 2374 709 2432 ctum est in artic. 4.
474 2385 1264 2462 Ad sextum nego maiorem, quia Christus a primo in¬
423 2451 1268 2499 stanti suae conceptionis fuit eleuatus secundum animam
436 2490 1266 2536 ad videndum nude diuinam essentiam, & tamen poste;
426 2530 1267 2580 fuit exaltatus, iuxta quod ait Apostolus ad Philip. Pro¬
440 2571 1270 2630 pter qued deus exaltauit eum, & donauit ei nomen, quid
439 2610 789 2662 est super omne nomen¬
480 2615 1262 2700 rorte dicetur, quod non est simile de Christo, & de a
433 2683 1270 2733 liis puris hominibus: quia Christus cum hoc, quod sui
444 2728 1282 2773 verus comprehensor, clare videndo diuinam essentiam, et
442 2760 1271 2807 cum hoc fuit verus viator. Et ideo secundum quod erat
438 2805 1276 2859 viator, poterat exaltari. Sed purus homo videns Deum
438 2846 1281 2896 tantum modo est comprehensor: ideo non pot exaltari,
486 2878 1283 2934 lsta cauillatio non valet, quia post suam passionem Chri
444 2923 1287 2966 stus desiit esse viator, & tamen postea dicitur exaltatus
447 2959 1280 3003 super omnes coelos. Vnde iuxta huiusmodi exaltationem
444 3000 1280 3051 dicimus sibi in Psal. Exaltare Domine in virtute tua &c
446 3041 1283 3095 Et iterum. Accedit homo ad cor altum, & exaltabitur
447 3079 1272 3128 Deus. Ad probationem, nego consequentiam, quia li
441 3127 1274 3179 cet anima per claram Dei visionem efficiatur similis deo
1287 259 2119 327 tamen quia huiusmodi similitudo compatitur etiam se
1291 315 2135 373 cum multiplicem dissimilitudinem: ideo non oportet,
1285 357 2125 401 quod talis anima sit ita immobilis, sicut Deus. Etiam quia
1286 389 2139 450 huiusmodi similitudo non est punctalis, sed habet mul¬
1290 426 2135 479 tos gradus: quia etiam in patria vnus homo est similior
1295 468 2134 525 Deo, quam alter ideo post iudicium, quando animae cla
1289 505 2137 568 rius videbunt Deum, quam ante iudicium, tunc etiam si
1290 541 2140 597 miliores erunt Deo, quam ante, quia intensa causa simi
1286 582 2134 648 litudinis, etiam intenditur ipsa similitudo: sed visio Dei
1297 622 2141 678 est causa iam dictae similitudinis, & haec intenditur post
1293 661 2148 715 iudicium, vt patet ex dictis superius: ergo etiam similitu
1300 704 2135 768 do, qua anima beata dicitur formaliter similis deo, poss
1301 753 1616 807 iudicium intendetur
1337 759 2130 844 Forte dicetur, quod contrarium istius habetur ex ver
1296 819 2134 881 bis Deati Augustini in lib sententiarum prospi vbi dici
1297 868 2141 917 tur. Hum ana creatura, cum fuerit beata, non poterit mu
1295 908 1700 966 tari in melius, nec in pelus
1342 934 2138 992 Dicendum, quod istud est intelligendum de mutatio
1301 994 2142 1039 ne status, quia talis creatura non potest mutari in melio
1295 1023 2144 1076 rem statum, quam sit status gloriae, nec vmquam mutabi
1298 1072 2141 1121 tur in peiorem: quia numquam perdet beatitudinem glo¬
1300 1107 2150 1149 riae suae: Secus aatem est de statu gratiae, qui est in via; quia
1311 1148 2141 1189 homo existens in eo potest mutari in statum peiorem
1304 1189 2160 1236 puta in statum culpe: & in statum meliorem, puta, in sta
1312 1222 1913 1276 tum gloriae, qui est status coelestis patriae.
1343 1268 2156 1321 Ad septimum, nego maiorem. Nam oppositum eius
1309 1307 2144 1355 ostendit in ista dist. q4. .ar. 2. & similiter lib. 1. dist. 14. Ad
1312 1342 2145 1392 probationem dicendum, quod licet in vita beata vir non
1311 1383 2146 1434 doceat proximum suum quantum ad ea, quae spectant, ad
1314 1422 2155 1476 naturalem cognitionem: tamen quantum ad notitiam
1308 1461 2152 1508 futurorum contingentium, multi docentur per diuinam
1310 1507 2153 1549 reuelationem, & per superiorum beatorum informatio
1305 1540 2156 1591 nem. Etiam minor non est vera loquendo de animabus
1310 1582 2156 1630 separatis beatis, de quibus loquimur ad praesens, & quan
1314 1623 2163 1670 tum ad hoc ipsa probatio non est ad propositum, quia
1308 1661 2155 1701 eo tempore quando Taias dixit illa verba, tunc animae
1308 1698 2165 1743 ipsius lsrael, & Abrahae non erant beatae, quia post mor
1314 1740 2114 1792 tem Christi a primo suam beatitudinem receperunt
1349 1774 2154 1825 Etiam secundum expositores aliquos, qui tractant
1314 1812 2149 1867 ista verba. lsaias loquitur ibi de notitia saluatiua, & ides
1308 1855 2165 1907 est sensus illorum verborum, quod salus illius populi,
1308 1896 2087 1943 nec fuit ab Abraham, nec ab lsrael: sed a solo Deo.
1350 1934 2157 1977 Et per consequens illis verbis non negat lsaias, quin
1314 1972 2156 2025 Abraham, & lsrael cognouerit ea, quae gerebanturit
1320 2014 2081 2067 hoc mundo. De hoc etiam patebit dist sequenti.
1355 2062 2167 2105 Ad octauum nego maiorem, nam Christus fuit verus
1320 2089 2165 2147 homo, & tamen simul fuit verus viator, & comprehen¬
1317 2131 2161 2182 sor. Ad probationem, nego minorem: oppositum enim
1318 2173 1895 2224 eius probaui in prologo primi lib q.
1362 2215 2156 2259 Etiam minor istius rationis est falsa, ad probationem
1327 2244 2153 2294 illius dicendum, quod maior non est vera. Nam dato
1323 2295 2171 2341 quod actus fidei excludat claram visionem, & per conse
1332 2330 2162 2381 uens statum patriae, habitus tamen fidei, prout dicit quen
1316 2366 2171 2426 dam ornatumanimae, nec excludit hominem a clara dei
1323 2415 1718 2456 visione, nec a statu patriae.
1355 2427 2171 2499 Ad nonum, nego minorem. Ad probationem dicem
1330 2486 2159 2538 dum ad maiorem, quod licet ho recedens ab aliquo lo
1325 2529 2166 2568 co, in quo consueuit morari cum proposito redeundi ad
1330 2568 2164 2617 habitandum in eodem loco, dicatur pertinere ad illam
1323 2606 2159 2655 communitatem, de qua recedit: tamen sitaliter recedit
1339 2647 2159 2693 uod non proponit reuerti ad commorandum in illo lo
1321 2687 2157 2735 co, sed solum reuertitur ad deportandum illud, quod
1320 2731 2171 2781 dimisit in illo loco, tunc non pertinet vlterius ad islam
1335 2767 2166 2814 primam communitatem, de qua recessit, sed potius ad
1323 2812 2167 2854 illam, ad quam rem, quam in primo loco quaerit tran¬
1330 2845 2170 2893 sportare proponit. Et isto secundo modo est in pro¬
1331 2889 2171 2930 posito, quia mortuo homine licet anima fidelis credat
1329 2926 2162 2976 se reuersuram, tamen non credit se reuersuram ad ite¬
1335 2969 2162 3003 tum morandum in isto mortali saeculo;si enim hoc cre¬
1326 3003 2161 3061 deret, tunc esset infidelis Sed solum credit se reuersuri
1335 3051 2165 3093 ad corpus suum, quod hic dereliquit transportan¬
1326 3087 2169 3142 dum ab hoc mundo, & perpetuo collocandum in coelo
1333 3125 1482 3177 em pvreo.
