2399 3575
391 297 1235 376 quia quod modicum distat, quandoque pro nihilo repu
402 375 1237 412 tatur, vt patet. 2 physic. ldeo philosophus de nostra inte
406 400 1251 451 lectione, & phantasmatum speculatione loquitur, quasi si
399 442 917 494 simul fiant, dicens, necesse est, &c.
437 488 1235 528 Ad tertium dicendum, quoed intellectus dupliciter conuertitu
403 520 1248 567 od phantasmata. Vno modo, vt a phatasmate speciem intel
397 556 1250 611 ligibilem mediante lumine intellectus agentis recipit. Et
402 596 1243 651 quo ad istud se habet intellectus pure passiue; & si istud
400 638 1247 683 meretur aliquo modo dici conuersio, tunc ante omnem
401 683 1244 728 intellectionem intellectus conuertitur ad phantasmata,
412 714 1245 772 quia nihil potest intellectus intelligere naturaliter, nisi
390 757 1234 803 eius similitudinem aliquo mono accipiat a phatasmate. Alio
399 798 1241 845 modo, vt actum intelligendi elicit circa particulare, quod relu
405 832 1241 878 cet in phantasmate. Et ista conuersio est posterior intelle
398 874 1240 924 ctione, qua intellectus intelligit ipsum vniuersale, & etiam
393 920 1237 962 qua intelligit se intelligere. Et de ista secunda conuersio
395 960 1244 1004 ne quauis maior sit vera, tamen minor est totaliter falsa,
438 992 1234 1041 Ad quartum dicendum, quod licet maior sit uera, loquen
399 1038 1237 1080 do de eo, quod mouet potentiam corporalem: tamen non
396 1072 1244 1121 est uera, loquendo de tali mouente, quod mouet poten¬
393 1107 1235 1160 tiam spiritualem, quam suppositum corporale non potess
399 1148 1236 1202 primo, & immediate per seipsum attingere: sed solum in
391 1191 1240 1235 quadam abstracta, & spirituali similitudine. Et eodem mo
384 1225 1109 1274 do dicendum est ad probationem illius maioris.
408 1266 1229 1315 Ad quintum dicendum, quod speciem esse singularem, potes
392 1302 1236 1354 dupliciter intelligi. Vno modo ex diuisione, vel determi
390 1351 1240 1397 natione materie. Alio modo, singularitate nature. Primo
398 1390 1234 1432 modo, maior est vera sed minor est falsa. Sed secundo mo
387 1419 1231 1464 do, quamuis minor sit aliquo modo vera, tamen maior, vi
390 1460 1235 1511 sic, est falsa: quia species abstracta ab hic & nuc, ut sunt con
388 1501 1232 1542 ditiones indiuidui, & ortum habent ex determinatione
389 1540 1229 1589 materiae singularitate naturae, potest dici, haec, & singula¬
395 1580 1228 1629 ris, mo, quo dicit Doe, omne, quod est, ideo est: quia vnum
394 1621 1231 1660 numero est: &tamen talis species non ducit immediate
386 1659 1189 1707 in cognitionem rei particularis, ut patet ex praedictis.
428 1691 1235 1743 Ad sextum dicendum, quod licet potentia, cui conuenit es¬
378 1736 1235 1787 se hic propter determinatam materiam, in qua recipitur, &
384 1781 1238 1825 quae extensione huius materiae extenditur, non possit habe
386 1811 1234 1866 re obiectum abstractum ab hic, & nunc: & licet potentia
380 1855 1229 1904 eui taliter conuenit habitudo ad ipsum tempus, quod subij¬
393 1896 1233 1941 citur tempori, & trasmutationi teporali, ita quod tabescit, &
387 1932 1227 1976 senescit in tempore modo expresso. 2. physicorum: lices
387 1969 1232 2013 inquam talis potentia non possit habere pro primo suo
387 2011 1223 2056 obiecto aliquid abstractum ad hic, & nuncitamen poten¬
387 2055 1232 2096 tia, quae dicitur esse hic: ex eo, quod recipitur in subiecto sim
396 2090 1236 2137 plici, immateriali, & indiuisibili, & quae talem habet habi
383 2132 1227 2173 tudinem ad tempus, quod non subiicitur temporali transmuta
381 2166 1225 2211 tioni, nec tabescit, nec senescit in tempore, illius primum
381 2203 1226 2259 obiectum ab hic, & nuc potest esse abstractum. Sic autem
389 2243 1148 2289 est de intellectu, igitur consequentia est neganda
418 2286 1225 2331 Ad probationem dicendum, quod quamuis proportio in¬
387 2327 1211 2371 ter potentiam, & obiectum requisita hoc faciat, quod po
384 2366 1220 2410 tentia, quae est hic, & nunc primo modo, non tendat in
378 2400 1226 2449 obiectum uniuersale, seu abstractum ab hic, & nunc: tamen
388 2438 1221 2493 potentia, quae est hic, & nunc secundo modo, de hoc non
378 2479 550 2531 impeditur.
406 2518 1226 2566 Ad septimum dicendum, quo, concessis ambabus praemissis, non
390 2558 1225 2606 plus habetur, nisi quod cognitio particularis praecedit cogni
374 2595 1215 2646 tionem vniuersalis; & hoc est concedendum, quia saltem
380 2639 1220 2683 cognitio sensitiua de particulari praecednit cognitionem
376 2680 1214 2723 intellectiuam ipsius vniuersalis, cum nihil sit in intellectu.
382 2715 1214 2762 quin aliquo modo prius fuerit in sensu. Etiam pot negari
380 2753 1210 2797 minor: quia illud, quod addit super alterum, non est prius eo
379 2791 1220 2839 nec per consequens, vt sic, est principium essendi illi; Sed
396 2838 1226 2878 particulare, & uniuersale dicunt eadem rem, quamuis in
382 2870 1218 2913 hoc differant, quod particulare addit super uniuersale
384 2906 1220 2956 principia indiuiduantia, uel saltem addit quosdam modos
390 2949 1040 2997 ab huiusmodi principiis contractos, ergo &c
413 2986 1209 3034 Ad octauum dicedum, quod minor potest negari: quia ac
378 3031 1211 3072 cipiendo vniuersale praecise pro ipsa quidditate rei mati
380 3063 1226 3109 rialis, sicut hucusque semper acceptum est in proposito, tumc
384 3103 1220 3148 ipsum vniuersale est prius particulari: quia, sicut iam dictum
381 3146 1227 3196 est; particulare includit, vel connotat aliqua accidentia
1290 293 2151 365 addita naturae, seu quidditati: quia ipsa quidditas non in
1286 354 2145 401 cludit nisi ea, quae sunt intrinseca, & essentialia ipsi rei, pu
1287 393 2142 440 ta, in praedicamento substantiae includit precise materiam;
1295 436 2141 481 & formam, & per consequens est prior causaliter indiui¬
1286 471 2142 524 duo particulari, quod concernit accidentia: quia materia
1290 520 2147 561 cum forma est causa omnium accidentium, quae fiunt in¬
1293 555 1710 604 ea, vt dicitur. 1. physicorum.
1326 588 2138 638 Ad probationem dicendum, quod Auctor sex princi¬
1305 630 2135 681 iorum non accipit ibi vniuersalia precise pro quidditati
1299 682 2132 722 pus rerum, sed prout includunt secundas intentiones, pu
1295 709 2139 762 ta intentionem generis, vel speciei : vt sic enim, dicitur
1292 750 2135 802 1. de anima, quod vniuersale aut nihil est, aut posterius est.
1290 793 2129 834 Nec taliter acceptum vniuersale potest esse primum obie¬
1292 833 2125 872 ctum intellectus: quia primum obiectum intellectus no
1295 864 2138 914 dependet, nec dependere potest ab actu intelligendi: Sed
1293 912 2138 955 pens huiusmodi intentiones secundae dependent ab actu
1287 945 2095 999 intelligendi, cum fabricentur per ipsum intellectum.
1320 989 2129 1037 De anima autem separata a corpore potest probabili¬
1280 1027 2133 1076 ter sustineri, quod immediate intelligit rem particularem,
1281 1069 2126 1115 & indiuiduam: quia species deriuata ab ideis diuinis, qui¬
1289 1107 2130 1152 bus intelligit anima separata, ducunt immediate in noti¬
1282 1146 2125 1196 tiam rerum etiam particularium, vt declaraui superius
1289 1185 2119 1235 lib. 2. Dato etiam, quod quandoqe intelligat per species, quas
1278 1221 2121 1268 in hoc mundo acquisiuit, adhuc tamen immediate intel¬
1290 1259 2133 1315 igit particulare: quia non intelliget ea per conuersionem,
1288 1310 2126 1353 id phantasmata, cum pro tunc careat phantasia, & quali¬
1286 1340 1669 1395 bet alia potentia sensitiua
1323 1375 2118 1429 Sed contra primam partem istius conclusionis potess
1291 1429 2126 1468 rgui sic. Anima separata non intelligit ea, quae fiunt in
1287 1457 2117 1503 hoc mundo: ergo non cognoscit particularia per species
1283 1500 2128 1542 ab idaeis influxas. Consequentia patet, quia tales species
1282 1537 2125 1586 non minus repraesentant absentia, quam praesentia: igi¬
1276 1577 2123 1627 tur si cognosceret particularia per species a diuinis idaeis
1282 1617 2119 1662 influxas, tunc vtique cognosceret ea, quae fiunt in hoc mu
1288 1654 2120 1700 do, cum omnia talia sint quaedam particularia. Antece¬
1275 1700 2130 1748 dens probatur auctoritate Aug. in li de cura pro mortuis
1284 1732 2126 1783 ngenda, in quo sic ait. Ibi sunt mortuorum animae, vbi ea,
1290 1783 2124 1826 quae hic aguntur, scire non possunt. Patet etiam istud an¬
1285 1811 2143 1854 tecedens auctoritate Orego,. qui tractans illud lob, siue
1281 1851 2114 1899 nobiles fuerint filij eius, &c. sic ait. Sicut hi, qui adhuc
1278 1895 2114 1943 viui sunt, mortuorum animae quo loco habeantur, igno¬
1281 1933 2116 1975 rant: ita mortui, qui carnaliter vixerunt vita in carne po
1288 1969 1979 2011 itorum, qualiter post eos disponatur, ignorant.
1314 2006 2124 2064 Respondeo, quod quamuis antecedens cum suis proba
1277 2045 2117 2098 tionibus sit concedendum de animabus damnatis, ac de
1269 2087 2120 2139 his, quae sunt in purgatorio, quae vel nondum habet hu¬
1275 2128 2120 2172 iusmodi species intelligibiles ab idaeis influxas, vel si ha¬
1270 2168 2114 2213 bent eas, tamen impediuntur ab vsu earum ratione poe¬
1281 2210 2113 2260 narum suarum: tamen de animabus beatis istud antece¬
1279 2246 2107 2293 dens videtur esse negandum: quia tales animae etiam na¬
1278 2288 2111 2332 turali cognitione videntur totum ordinem vniuersi co¬
1277 2326 2111 2374 gnoscere, & per consequens cognoscunt omnia, quae fiui
1275 2374 2118 2419 in vniuerso : Propter quod beatus Aug. ipsas animas bea
1266 2405 2102 2450 tas triplicem dicit habere cognitionem, scilicet meridia
1262 2448 2102 2493 nam, matutinam, & vespertinam. Prima cognitione ani
1273 2484 2111 2533 mae beatae cognoscunt verbum in seipso, seu essentiam di
1275 2521 2106 2565 uinam in seipsa. Secunda cognoscunt creaturas in verbo
1275 2559 2111 2616 Tertia cognoscunt creaturas cognitione naturali, seu in
1275 2598 1499 2657 proprio genere
1397 2676 1996 2758 ARTICVLV S IIII.
1316 2745 2051 2814 vtrum dammati videant gloriam existentem
1530 2799 1836 2875 in celesti paradiso.
1337 2866 2103 2931 VANTVM ad quartum articulum pono conclusionem
1383 2916 2105 2958 affirmatiuam, & hoc non propter aliquam rationem co¬
1266 2960 2106 3011 genten: sed propter auctoritate D. Cire, qu,vt hic patet in littera,
1260 2999 2099 3051 ait, quod reprobi vsque ad die iudicij vident gloriam sanctorum.
1294 3032 2006 3086 Sed contra istam conclusionem potest argui sic¬
1290 3076 2130 3117 1 Damnati in inferno positi, seu existentes, nihil vident,
1266 3113 2128 3167 ergo non vident gloriam sanctorum. consequentia patet: quia
1264 3152 2108 3216 ad oppositum consequentis directe sequitur oppositum
