2401 3553
381 290 1243 343 ineinerato anima non beatificabitur, nec per consequens
402 332 1240 383 idebit Deum. Maior probatur, quia anima est magis cam
387 372 1240 428 peccati, quam corpus, &per consequens pena peccati non
391 413 1246 460 det minus apparete in anima, quam in corpore. Minor
405 444 1244 497 patet, quia si homo non peccasset, corpus eius numquam
396 500 1249 543 putrefactum fuisset, sed in perpetuum absque omni poe¬
399 537 1205 574 na vixisset, vt patet ex his, quae dixi lib 2. dist. 10. ar. 3.
407 566 1247 621 3 Praeterea, postquam aia est eleuata ad videndum Deum
404 612 1252 654 per essentiam, tunc non potest vlterius exaltari: Sed vsque
397 652 1247 692 ad extremum iudicium semper pont homo exaltari: ergo
396 691 1239 735 vsque ad illud iudicium non poterit clare videre Deum.
397 720 1241 770 Maior probatur: quia per claram visionem Dei homo es
397 769 1249 816 ficitur similis Deo, iuxta quod ait loan prima sua episto
399 800 1254 851 la, Cum apparuerit, similes ei erimus, quoniam videbi¬
405 837 1244 896 mus eum sicuti est: ergo habita huiusmodi clara visione
398 881 1247 928 homo ad similitudinem Dei efficitur sic immutabilis,
397 922 1245 969 quod nec augeri, nec minui potest in suis perfectionib¬
397 960 1244 1000 nec per consequens exaltari. Minor habetur auctoritate
407 1002 1249 1046 beati Detri, qui ait, Humiliamini sub potenti manu Dei,
403 1038 995 1083 vt vos exultet in tempore visitationis.
485 1073 1254 1118 Praeterea, videns diuinam essentiam scit omnia, &
400 1118 1249 1168 a nullo potest doceri: sed animae separatae ignoran, quae
396 1164 1245 1203 apud nos fiunt: ergo &c. Maior patet in Hier. vbi dicitur,
401 1195 1246 1241 Noti docebit vir vltra proximum suum. Patet etiam mi
412 1234 1245 1280 nor in lsa vbi lsa. ait ipsi Deo, Tu es pater noster, Abra¬
408 1275 1240 1326 ham nesciuit nos, & lsrael ignorauit nons. Sed qua ratio.
402 1310 1247 1362 ne animae istorum nesciuerunt, quae circa filios suos age¬
396 1348 1256 1401 b antur, eadem ratione animae ceterorum ignorant, quae
410 1391 591 1439 hic aguntur.
480 1413 1246 1482 Praeterea, idem homo non potest simul esse viator
408 1469 1246 1524 & comprehensor: Sed homines sunt viatores vsque ad
401 1510 1247 1553 extremum iudicium: ergo vsque ad illud iudicium non
415 1547 1248 1601 possunt essc comprehensores Maior patet, quia intelle¬
408 1582 1253 1627 ctus viatoris perficitur habitu fidei, & intellectus compre¬
405 1619 1249 1673 hensoris perficitur clara visione: fides autem, & clara vi
407 1664 1250 1714 sio, sunt incompossibilia simul in eodem Patet etiam mi-
411 1703 1259 1752 nor, quia quamdiu durat fides in hominib tamdiu sunt
412 1747 1252 1790 viatores: sed fidem habebunt vsque ad diem iudicii, iu¬
402 1785 1248 1832 xta quod ait Apostolus, Christus semel oblatus ad mul
411 1831 1254 1878 torum exhaurienda peccata, secundo sine peccato appa
421 1862 1169 1909 rebit onib exspectantibus se in salutem per fidem
483 1902 1256 1951 Praeterea, quamdiu anima pertinet ad istud praesens
413 1938 1257 1993 saeculum, tamdiu est viatrix, nec per consequens clara
417 1980 1259 2030 deitatis visio sibi poterit conuenire: Sed vsque ad diem
406 2020 1064 2078 iudicii pertinet ad istud saeculum: ergo &c.
459 2059 1263 2107 Maior patet Probatur minor, quia quandocumque
423 2092 1259 2142 aliquis homo mutat locum alicuius communitatis, in
420 2142 1255 2191 qua diu morati consueuit cum proposito redeundi
414 2179 1262 2224 ad eundem locum, tunc semper dicitur pertinere ad ta¬
424 2219 1261 2266 lem communitatem, non obstante huiusmodi mutatio
421 2262 1259 2309 ne: Quamuis enim ciuis Parisiensis vadat Romam cum
426 2298 1261 2348 proposito redeundi Parisium, tamen semper dicitur per
429 2338 1257 2386 tinere ad communitatem Parisiensem: Sed anima fide¬
413 2375 1253 2427 lis recedens ab hoc saeculo, sic recedit a loco sui corpo
427 2414 1260 2464 ris, quod intendit reuerti ad suum corpus: quia si non
426 2451 1269 2502 crederet reuerti ad suum corpus, tunc esset infidelis, eo,
423 2496 1262 2543 quod dubitaret circa articulum de resurrectione mor¬
416 2541 1263 2590 tuorum: ergo non obstante, quod recedat ab hoc seculo;
416 2576 1131 2625 tamen vere dicitur ad istud saeculum pertinere.
462 2598 1269 2654 Et istam rationem dicunt se habere ex libs primo sen¬
418 2652 1271 2701 tentiarum Prosperi, vbi dicitur, quod iusti receptis cum
411 2690 1265 2734 incorruptione, atque immortalitate corporibus, muni¬
423 2733 1260 2770 cipatum caelestis patriae accipient, atque eius ciues in
415 2765 1263 2819 aeternum effecti promissa sibi praemia reportabunt. Et
429 2807 1266 2860 ex hoc concludunt isti quod ante resumptionem corpo
414 2845 1261 2907 rum non erunt ciues illius ciuitatis supernae, & per con¬
414 2887 1187 2936 sequens ad istud saeculum censendi sunt pertinere.
466 2923 1271 2964 Dicunt etiam hanc esse intentionem Augu. qui. 2o.
426 2958 1271 3015 de ciui. Dei ait, quod animae defunctorum vsque post re
439 3003 1261 3060 urrectionem mortuorum pertinent ad ecclesiam mili¬
420 3037 683 3091 tantem: ideo &c
522 3081 1268 3135 Preterea, vt patet in Matth. Christus in extremo
417 3116 1277 3174 iudicio dicet his, qui a sinistris eius erunt Discedite a
1293 252 2141 330 me maledicti in ignem etercum. Et sequitur ibidem;
1301 326 2143 376 Et ibunt hi in supplicium aeternum: iusti autem in vitam.
1295 361 2147 412 aeternam. Haec autem vita aeterna est visio diuinae esse.
1290 401 2141 449 tiae. Cum igitur nullum mobile moueatur ad termi-
1301 448 2156 496 um, in quo est: ergo ante extremum iudicium, nec iusti
1301 478 2159 529 ident Deum, nec iniusti patiuntur ignis infernalis sup¬
1292 524 1498 580 plicium.
1385 537 2146 611 Praeterea in Matth dicitur, Filius hominis ventu¬
1290 599 2140 650 rus est in gloria patris sui cum angelis suis, & tunc red¬
1304 639 2146 697 let vnicuique secundum opera eius: ergo antequam sit
1305 683 1644 734 enturus, non reddet
1339 717 2142 764 dem allegatur ex euangelio Tucae, vbi dicitur, Cum
1300 760 2152 806 facis conuiuium, voca pauperes, & debiles, claudos, &ce
1296 806 2152 853 cos; & beatus eris, quia non habent vnde tibi retribuant:
1296 843 2054 889 retribuetur autem tibi in resurrectione iustorum.
1305 874 2155 924 Ex his & consimilibus semper concludunt isti, quod an¬
1304 914 2159 966 te iudicium non habebunt iusti Dei visionem, quae est re
1290 960 1904 1008 tributio omnium meritorum igitur &c
1320 999 2146 1045 2 Preterea. 1. l0annis. 3: dicitur, Nondum apparuit,
1311 1042 2147 1086 uid erimus: scimus autem quoniam cum apparuerit, si¬
1302 1070 2141 1123 miles ci erimus, quoniam videbimus eum, sicuti est. Cum
1296 1112 2153 1170 igitur Apostolus loan ibiloquatur de apparentia Chri¬
1293 1143 2159 1211 sti, qua apparebit in iudicio; ideo iusti non videbunt deum
1302 1194 1537 1248 ante iudicium
1320 1233 2152 1281 13 Praeterea, cum Apostolus dixisset, videmus nunc
1302 1280 2158 1321 per speculum, & in enigmate, tunc autem facie ad facie¬
1305 1310 2150 1358 volems postea ostendere, quando veniat illud, tunc subdit
1298 1351 2152 1405 inferius, Oportet autem mortale hoc induere immorta
1307 1396 1481 1443 itatem &c.
1329 1430 2153 1479 Sed hoc solum erit in resurrectione mortuorum: ergo
1293 1471 2164 1530 animae non videbunt Deum facie ad faciem ante resurre
1303 1512 1640 1564 ctionem mortuorum
1319 1523 2173 1596 14 Preterea, ad Col. dicit Apostolus ipsis Christi fide
1302 1591 2162 1635 libus, Mortui estis, & vita vestra abscondita est cum Chri
1307 1630 2152 1676 sto in Deo: Quando autem haec vita sic abscondita ma¬
1301 1670 2152 1717 nifestetur, ostendit Apostolus ibidem dicens, Cum enim
1308 1710 2150 1752 Christus apparuerit vita vestra, tunc apparebitis & vos
1307 1754 2161 1798 cum ipso in gloria Cum igitur talis apparentia Christi,
1314 1783 2159 1834 le qua loquitur ibi Apostolus, a primo elucescat in iudi
1317 1831 2162 1882 tio, ergo ante diem iudicii non erit gloria, vel beatitudo
1317 1869 1493 1916 an ctorum.
1331 1897 2159 1961 I3 Praeterea, ait Apostolus, Nolite ante tempus iudi
1309 1948 2165 1993 care, quoadusque veniat dominus, qui illuminabit ab¬
1311 1988 2165 2029 scondita tenebrarum, & manifestabit consilia cordium,
1319 2021 2160 2073 tunc laus erit vnicuique a domino: Cum igitur laus, &
1313 2069 2170 2118 honor sint premium virtutis io videtur, quod iusti a pri¬
1305 2106 2171 2149 mo recipiant praemium in extremo iudicio, quando, vt
1316 2149 2171 2198 premissum est, dominus illuminabit abscondita tenebra
1320 2188 1911 2232 tum, & manifestabit consilia cordium.
1330 2194 2166 2273 18 Praeterea, ait Apostolus, Omnes nos manifestari
1310 2266 2163 2306 oportet ante tribunal Christi, vt recipiat vnusquisque pro
1323 2303 2178 2349 pria corporis, prout gessit siue bonum, siue malum: Cum
1310 2351 2161 2389 igitur tribunal Christi a primo constituatur in iudicio;
1314 2384 2171 2432 ergo remuneratio bonorum, & malorum a primo erit
1308 2419 1487 2471 in iudicio.
1322 2467 2160 2508 17 Praeterea in Apocal. animabus martvrum peten¬
1317 2500 2162 2542 tibus vindictam de sanguine suo dantur stolae singulae, &
1315 2541 2163 2583 dicitur eis, vt requiescant adhuc modicum tempus, do¬
1317 2583 2161 2624 nec impleatur numerus fratrum suorum, qui interficien
1317 2619 2162 2672 di sunt, sicut & ipsi: Sed talis numerus solum implebitur
1307 2655 1673 2713 in fine mundi: ideo &c.
1338 2695 2168 2746 S Praeterea in Apoc. dicit dominus, Ecce venio ci¬
1323 2739 2183 2780 to, & merces mea mecum est dare vnicuique secundum
1324 2777 2158 2828 pera sua: Sed ibi loquitur dominus de secundo suo ad
1314 2822 2162 2869 uentu, qui est ad iudicium : ergo merces non datur ante
1308 2852 1469 2903 iudicium.
1337 2896 2159 2943 i0 Praeterea, sanctus lob volens nobis insinuare mo
1321 2932 2185 2973 dum, & ordinem, quo fidelis homo pertingit ad Dei vi¬
1314 2976 2165 3029 sionem, prius tangit de resurrectione, quam de Dei visio
1307 3017 2164 3068 ne, dicens, In nouissimo die de terra surrecturus sum, &
1311 3054 2177 3097 rursum circumdabor pelle mea, & hoc quantum ad re-
1317 3092 2165 3137 surrectionem, & in carne mea videbo Deum Saluatorem
1309 3137 2013 3192 meum, & hoc quantum ad beatam visionem.
