2204 3524
73 258 879 336 ssitui, quod rgo contedo deum posse causare homi perco
74 325 888 374 ptionem in ipsa voluntate: dico; quod verum est. Sed cum hoc
68 368 867 412 disi, quod quia non est necesse deum causare hmoi perce
85 403 882 451 tionem io deus pot visionem praedictam causare in intellectu
79 435 882 478 iulla ex hoc facta mutatione in ipsa voluntate, quod per
73 477 876 525 tinet ad principale meum propositum, ac sine augmento
68 521 873 564 edu, tristitiae, & doloris, quod est oppositum minoris il¬
71 555 882 606 sius rationis principalis, qua iste magister primo probauit
78 597 891 644 primam suam conclusionem, quam minorem etiam tuc ne
78 639 655 687 qui, quando ad illam rationem respondi
83 675 882 715 Totra secundam mcam resposionem arguit iste magister sic
86 709 891 754 1 Ilia dicta sunt impertinentia ex parte respondentis
72 752 885 800 uibus concessis, vel negatis, nihilominus stat ratio, ad
71 789 890 843 uem respodet; Sed sic est in proposito: qua, sicut dicit iste
54 831 888 882 magister, ratio sua processit ex quodam supposito, quod
66 875 888 922 estterum concesso, vel negato, quod Deus possit suspendere
60 909 877 961 mtellectum illius hominis, ne aliquid cognoscat de odic
54 950 884 1001 &ceteris malis, quae sunt in eius voluntate: lstud autem
59 991 890 1035 sippositum est, quod talis damnatus odiens Deum ha¬
54 1026 891 1077 pet cognitionem absiractiuam, qua cognoscit aliquo mo
56 1065 888 1121 do ipsum Deum, & istud suppositum est necessarium; quia
57 1114 879 1152 ncut incognita non possumus diligere, vt ait beatus Au¬
29 1150 882 1198 gustinus: sic nec possumus odire aliquid, nisi ipsum ad m
45 1186 890 1232 nus cognoscamus cognitione abstractiua. Superueniente
42 1224 890 1266 igitur clara visione adhuc iste damnatus habebit certitu
35 1271 882 1313 inem odij quo odit ipsum Deum ratione cognitioni
35 1302 887 1351 abstractiuae, qua cognoscit se odire Deum, & per conse¬
24 1342 885 1390 quens ista maior proposito, qua dicere pot, Deum sum¬
27 1381 887 1439 me odis, erit sibi necessario euidens, vel euidenter nota¬
23 1413 748 1481 enius oppositum ego dixi responsione secunda
44 1457 878 1505 2 Preterea, dicitur quod ego posuerim quod de pot
27 1507 885 1555 sia Dei absoluta obiectum voluntatis pot effici praeseni
31 1538 888 1584 Toluntati, & ipsam mouere praeter hoc, quod sit cognitum
13 1564 886 1631 2& p consequens, nec ad actum dilectionis, nec ad actum
2 1608 886 1658 Touin necessario requiritur co, gnitio necessitate taliter ab
9 1650 890 1704 Toluta, quod per Dei omnipotentiam absolutam non possit
18 1691 291 1747 ppositum fieri.
71 1737 887 1781 Contra istud arguitur sic. Si istud esset verum, tuc Deu¬
10 1767 892 1816 Immediate per seipsum non concurrente aliquo alio in
6 1808 897 1855 genere causae efficientis, posset iuoluntate hominis cau
9 1849 903 1888 are odium Dei, istud autem est impossibile, quod probat.
18 1884 901 1930 Te Magister ex triplici repugnantia, quam implicat istud
2 1931 288 1983 onsequens
-1 1969 900 2019 uarum repugnantiarum prima se tenet ex parte odij
11 2006 893 2059 Qua nulla creatura ronalis habens odium Dei se habet
-6 2047 892 2095 ent se debet habere ad Deum, sed omnis creatura, quae si
11 2085 898 2131 nabet, sicut Deus facit eam se habere, tunc se habet ad
2 2128 893 2177 eum, sicut debet se habere: ergo praedicto casu posito, ta
0 2165 896 2213 i homo non haberet se ad Deum, sicut deberet se habe
-6 2204 899 2253 iua haberet in se odium Dei; & haberet se ad Deum, si
5 2243 906 2287 t deberet se habere, quia tale odium esset immediate a
-6 2284 906 2339 eo sine quocumque alio agente, & per consequens talis
12 2323 902 2371 teatura se haberet, sicut Deus faceret eam se habere: haec
5 2363 641 2409 tixem expte e sse contradicunt: ergo &c.
33 2404 896 2454 Secuindae repugnantia est ex parte bonitatis diuinae; quoid
15 2450 906 2495 mne opus secudum se malum magisest imputadum ei, quoest to
9 2479 900 2534 ter agens, quam vot aliter palsiue se habenti respectu huius
25 2526 905 2577 eris, sed odiu Dei est opus secundum se malum, & si Deus
21 2561 905 2616 daret odium in voluntate damnati hominis nullo alio
18 2603 909 2654 ente concurrente, tune Deus respectu illius odii esset
15 2635 906 2696 aliter agens, & iste damnatus esset solum patiens: er¬
9 2682 912 2724 phuin smo di actux magis esset imputandus Deo, quam
12 2714 912 2773 hdamnato, quod est contra diuinam bonitatem, & est
18 2756 902 2807 nora rug S2. q vbi ait quod Deo auctore nemo sit do
6 2794 911 2847 ior Tertia repergnantia est ex parte liberi arbitrii. Quia
6 2831 915 2887 temuid est in ronali creatura a solo Deo, hoc non est in
2 2870 906 2928 Spotestate, sen libero arbitrio, sed praedicto casu posi¬
9 2909 915 2965 une odium esset in illo damnato a solo Deo: ergo non
12 2961 911 3005 Erin eius potestate, seu libero arbitrio, sed contra, om
10 2987 911 3054 meccatum est a libero arbitrio, quia secundum beatum
39 3026 915 3091 romne peccatum est voluntarium intantum, quod si
14 3067 668 3127 n est voluntarrum, non est peccatum.
9 3106 924 3172 Ad primam, nego minorem, quia concessis, quae posui,
926 275 1781 341 scilicet, quod intellectus per Dei potentiam fuspendatur
932 327 1787 378 ne aliquid cognoscat de malis existentibus in illa peruer:
935 363 1768 408 sa voluntate, tunc ille homo nequaquam cognoscit se
933 405 1763 446 odire Deum, dato, quod cognoscat Deum & abstractiue
926 439 1778 490 & intuitiue. Vnde stante illa suspensione intellectus, ne¬
926 481 1758 537 cognoscat ea, quod sunt in illa peruersa voluntate, tunc quam
932 521 1767 574 uis supponatur, quod ille supponit, scilicet, quod odium
939 562 1764 605 praesupponat cognitionem, & quod iste damnatus odiens
933 599 1764 654 Deum cognoscat Deum, tamen cum hoc stabit, quod ne
927 639 1770 679 sciat se odire Deum, quia si sciret se odire Deum, tunc con
945 678 1776 723 gnosceret odium, quod est in sua voluntate, quo odit deum
944 723 1773 767 quod est contra suppositum. Ex quo patet, quod concesso
930 761 1770 802 eo, quod ego suppono, tunc soluta est illa ratio: quia ma¬
941 798 1769 850 por, qua ille damnatus diceret, Deum summe odis, non es¬
935 830 1782 888 set euidens in prospectu intellectus sui nam illa proposi¬
933 875 1769 915 tio in suo intellectu esset ignota. Falsum etiam hic assu¬
942 915 1776 959 mitur, cum dicitur, quod adhuc iste damnatus habebit
932 948 1769 995 certitudinem odij, quo odit Deum: quia predicta suspen
939 987 1782 1044 sione stante, tunc nullam certitudinem haberet illius odii
930 1025 1208 1080 in sua cognitione.
947 1072 1772 1109 Ad secundum, si vellem fugere difficultatem, possem
935 1105 1769 1153 dicere, quod qu dixi obiectum voluntatis absque cogni¬
929 1150 1767 1199 tione praeuia posse mouere voluntatem, hoc est intellige
933 1182 1769 1236 dum quantum ad actum amoris & non quantum ad actum
932 1223 1775 1267 odii, & tunc nulla istarum repugnantiarum esset contra
942 1261 1775 1305 me. Et quod ita: posuerim, patet lib. 1. dist. 1. art. 4. vbi pro
944 1306 1781 1352 paui quod de absoluta Dei potentia fieri potest, quod sit
941 1341 1767 1385 in actu fruitionis intellectu manente suspenso ab actu co
936 1385 1783 1432 gnitionis, Tamen sustinendo istam difficultatem possum
942 1421 1766 1472 negare consequentiam, accipiendo odium secundum quid
933 1455 1149 1505 est peccatum.
974 1492 1779 1545 Ad cuius intellectum est aduertendum, quod secundum
947 1535 1773 1587 Aug. odium, secundum quod est peccatum, non habet cam es
941 1574 1782 1630 ficientem. Vnde sicut punc, quu actus odii causatur me¬
935 1620 1787 1667 diante cognitione, peccatum & ista defectuositas, quae
939 1658 1784 1705 est in illo actu, nec in Deum, nec in intellectum reduci¬
944 1695 1775 1736 tur, tamqum in cam, nisi extedendo nomen causae ad omne
938 1733 1775 1779 illud, sine cuius agsistentia non procederet effectus, sed
947 1775 1787 1819 sufficienter reducitur in solam voluntatem, prout abu¬
945 1809 1770 1864 titur sua potestate, seu libertate: sic etiam posito casu pro
956 1849 1793 1893 licto, quamuis Deus esset causa illius entitatis positiuae,
957 1894 1782 1939 ue est in actu ipsius odii, & hoc mediante voluntate eli
947 1933 1782 1980 ciente huiusmodi actum; tamen Deus non esset ca illius ma
944 1965 1791 2010 culae, seu obliquitatis annexae illi entitati, causalitas enim
948 2008 1782 2053 illius tunc, sicut & nunc in solum abusum liberi arbitrit
947 2046 1794 2089 sufficienter reduceretur, & si aliquo modo reducitur in
947 2086 1791 2139 Deum, hoc solum esset tamquam in causam, sine qua non: si
943 2123 1785 2166 cut etiam modo Deus ois peccati potest dici causa sine
956 2169 1790 2215 qua non: quia omne peccatum praesupponit aliquam entita
950 2204 1784 2252 tem posituam, cuius Deus est causa, sine qua entitate libe
954 2249 1685 2297 rum arbitrium non posset committere peccatum.
984 2281 1781 2325 Et his bene intellectis patet, quod non tenear rhdere
944 2321 1781 2363 ad illas tres rationes, quibus iste reuerendus socius, & ma
957 2362 1785 2407 gister pbat falsitatem istius consequentis: quia etiam ego
944 2403 1791 2450 illud consequens reputo impossibile, Tin quia aliqua assu
950 2443 1787 2486 mit iste socius in istis rationibus, quoreputat sequi ex meis
950 2483 1708 2528 dictis, quae non sequuntur ex eis; ideo respondendo
954 2491 1799 2571 Ad primum dico, quod quauis duae praemissae proposi¬
951 2557 1790 2604 tiones sint verae, tamen ex eis non sequitur illud, quod infer
954 2596 1783 2638 tur, nam praedicto casu posito ille homo inquantum peccati
954 2637 1784 2677 odij comitteret, non esset talis, qualem Deus eu faceret es
957 2675 1796 2725 se: quia huiusmodi peccatum tunc sicut &nunc non esset
962 2715 1580 2761 a Deo, sed esset a sua peruersa voluntate¬
974 2753 1790 2802 Ad Secundum dicedum, quod in minori supponitur falsum;
956 2791 1791 2835 da supponitur, quod Deus immediate causaret odium illius
964 2835 1799 2880 nomimis voluntate nulla alia tam actiue concurrente, & hoc
955 2872 1793 2916 est falsum: quia illo casu posito, tunc illa peruersa voluntas
958 2909 1797 2951 non haberet se pure pastiue respectu ipsius odii, quin po¬
956 2951 1794 2998 tius omnis actiuitas requisita respectu illius odij, vt peo¬
967 2987 1799 3034 catum est, tunc reduceretur in illam malam voluntatem,
956 3035 1812 3077 tantum, & praecise, sicut etiam nunc reducitur in ipsam
999 3066 1800 3118 Ad tertium dicendum, quod minor est falsa: quia prae¬
953 3105 1808 3153 dicto casu posito, tunc illud odium quantum ad entitaten
