2401 3549
238 262 1089 321 cedi, nec consequens esset falsum. quia scum Augu in li¬
238 308 1083 369 de tri mens humana semper intelligit se, quod verum:
246 350 1095 413 scdm que coniter glosatur de intelligere habituali, & semi
240 401 1079 444 pleno. Sed quia arg. videtur procedere de intelligere a¬
240 436 1084 480 ctuali, & pleno, ideo nego consequentiam Ad probationem
241 474 1082 528 dicendum, quod quamuis spes in intellectu recepta sit
242 520 1085 557 terminus alicuius motus, tamen quia non est terminus
240 549 1084 605 intrinsecus, sed solum extrinsecus, ideo huiusmodi mo
243 596 1091 636 tus non erit in intellectu, in quo est hmoi species, sed ex
228 635 1082 679 tra intellectum, puta, in ipsa phantasia Sicut nlumen re
238 678 1088 720 ceptum in aerem est terminus alicuius motus, quia termi
231 715 1086 763 nat accessum ipsius solis ad praesentiam aeris; tamen quia
238 757 1078 802 non est terminus intrinsecus, sed potius extrinsecus: ideo
238 794 1073 831 motus talis, cuius est terminus subiectiue, non est in aere
241 830 1088 880 ed in solari corpore: sic in proposito, quando Species re
229 873 1073 910 cipitur in intellectu, aliquis motus precessit in aliquo
240 914 1079 959 phantasmate, & per consequens huiusmodi motus non
234 959 1077 1003 est in ipso intellectu. Ex quo patet, quod ratio falsum pro
240 992 1073 1031 upponit, quia praesupponit motum, qui praecedit rece
241 1031 1078 1092 ptionem spei in intellectu, fieri subiectiue in ipso intel¬
230 1068 736 1128 lectu, quod est simpliciter falsum.
276 1092 1085 1161 Forte dicetur, quod ipsa receptio, quia recipitur spens
241 1153 1084 1204 n intellectu, est quidam motus factus in intellectu, & per
222 1186 1001 1238 consequens, talis receptio est quaedam intellectio.
272 1228 1080 1274 Dicendum, quod loquendo de motu, prout motus di
227 1269 1085 1311 stinguitur contra simplicem, & instantancam mutationem,
235 1307 1073 1352 tunc talis receptio non est motus: quia est quaedam instam
225 1347 1085 1399 tanea mutatio. Sicut n spes rei inuisibilis recipitur in ac
238 1392 1055 1438 te, & multiplicatur vsque ad oculum in instanti, vt patet
238 1426 1079 1476 t de anima, sic ad praesentiam phantasmatis in virtute lu
238 1463 1076 1516 minis intell ectus agentis species recipitur in intellectu
244 1505 1081 1559 ossibili subito, & in instanti. Si aute large loquimur de
234 1544 1077 1585 motu, accipiendo motum pro simplici mutatione, & in¬
229 1579 1070 1630 stantanea, tunc nego istam consequentiam, qua dicitur, quod
239 1622 1079 1673 talis receptio sit quaedam intellectio, quia intelligere non
228 1665 1088 1704 strum est cum continuo, & tepore, ut patet. de aia, & per
227 1703 1021 1755 consequens, intelligere non est mutatio instantanea.
275 1730 1069 1793 Dato etiam, quod intelligere nim haberet mensura
237 1778 1079 1829 iubitam, & instantaneam, tamen adhuc iam dicta muta¬
246 1821 1075 1874 io non esset intellectio, quia ad hca quod motus factus
242 1860 1080 1910 n intellectu, sit intellectio, non solum redquiritur, quod
240 1897 1079 1945 sit i intellectu receptiue, sed et requiritur, quod sit ab in
231 1937 1076 1990 tellectu elicitiue. Iam dicta mutatio dato, quod Sit in in
236 1974 1078 2025 tellectu recepta, tamen non est ab itellectu elicita, vt de
231 2019 1084 2075 se patet ideo huiusmodi muto non est intellectio, io &c
275 2068 1084 2108 Ad a nego consequentiam. Ad probationem dicendum,
255 2094 1082 2150 uod talis intellectio fieret per spes lapidis, & albedinis
246 2146 1079 2189 vt ordinem habent ad inuicem informantis, & informa
240 2174 1085 2226 ti: nec etiam repugnat intellectui simul informari pluri
234 2216 1085 2273 bus speciebus talium rerum, quarum una habet habitu¬
244 2257 648 2308 dinem, & ordinem ad alia.
288 2278 1078 2351 Ad. dicendum, quod ad hoc, quod sit intellectio, non
249 2331 1076 2386 sufficit, quod aliquid ab obiecto inipso intellectu fiat: sed
243 2375 1078 2429 etiam requiritur, quod illud sic fiat, quod intellectus ipsum
231 2416 1079 2465 eliciat. Et tunc ad minorem dicendum, quod quamuis intel
234 2457 1082 2500 lectus nudus,  secundum se sit suffi ciens principium pas
241 2493 1080 2541 siuum ipsius intellectionis, tamen intellectus nudus, &
236 2533 1084 2585 non informatus specie non est sufficiens principium eli
241 2568 1086 2622 citiuum ipsius intellectionis. Etiam falsum assumitur,
236 2619 1076 2663 quia obiectum non est sufficiens principium particulari
240 2650 1075 2702 actiuum ipsius intellectionis: non est enim particulare to
235 2691 1083 2744 tale, sed cum hoc, quod est particulare etiam est partiale,
244 2740 1089 2786 quia nisi intellectus possibilis elicitiue conageret ipsi ob¬
237 2767 822 2826 iecto, numquam sequeretur intellectio
281 2806 1082 2864 Ad o. dicendum, quod intellectus intelligit se, Sicut & a¬
237 2848 1085 2894 lia: quia non per aliam spem cognoscit se, quam alia: quia comn
236 2892 1087 2946 gnoscit se cognoscendo alia: S io pro statu praesentis vitae
252 2939 1093 2989 per eandem spem, pr quam cognoscit alia, deuenit aliquo
252 2969 659 3024 modo in cognitionem ipsius.
285 3008 1098 3059 Ad 7. dicendum, quod illud consequens non sequitur ex
235 3041 1087 3101 illo antecedente; deberet. n.m Sic inserri: ergo intellectus non
252 3095 1090 3142 est spes intelligibilis: & hoc ego concedo, in praedicta au
239 3134 1088 3188 te consequentia mutatur esse in hoc, quod est in se here,
240 3166 830 3228 & ideo est ibi fallacia figurae dictionis,
1168 273 1984 348 Ad S. dicendum ad maiorem, quod habere plures ef¬
1138 338 1985 388 tectus adaequatos, pot dupliciter intelligi, vno modo quod
1134 374 1974 414 aeque immediate respiciant suam causam. Alio modo
1147 412 1989 460 quod respiciant eam quodam ordine, puta vnus mediam
1141 452 1982 499 te alio. Primo modo, maior est uera sed minor est falsa,
1153 482 1979 540 uia spens immediatius respicit obiectum, quam ipsa intel¬
1147 531 1970 573 ectio: nam obiectum est cam intellectionis mediante intelli¬
1141 566 1976 612 gibili specie. Sed secundo, modo, tunc maior est falsa. Nam
1138 610 1973 656 essentia aiae est causa tam intellectus, quam voluntatis, quo
1144 638 1976 697 lam tamen ordine naturali, quauis vtraqe istarum potentia
1134 679 1872 742 rum in suo genere adaequet calitatem ipsius aiae.
1170 723 1985 780 Ad 9. nego antec edens, quia potentia pure passiua non
1132 766 1976 810 est elicitiua, sed solum receptiua, sed intellectus non solum re
1134 806 1974 847 cipit, verumetiam elicit actum intelligedi Si enim datur oppo
1136 839 1984 894 situ, tuc actus intelligendi non esset operatio vitalis: quod
1132 884 1979 926 non solum est contra Philo, sed et contra dicta multorum san
1129 926 1977 976 ctorum. Ista consequentia patet, quia opero vitalis est a pri
1132 963 1980 1013 cipio vitali actiuo, si enim esset a tali vitali principio, quod
1138 999 1973 1047 solum esset passiuum, tunc non diceretur operatio vitalis,
1132 1035 1620 1090 sed magis det dici passio vitalis.
1174 1081 1970 1133 Ad probationem primam, nego consequentiam prout in com
1140 1117 1980 1165 equenti ponitur istud aduerbium exclusiuum tantummodo,
1143 1164 1994 1207 uia quauis intelligere sit quoddam pati, prout recipituri
1135 1199 1994 1249 ntellectu, & ut sit bene sequatur, quod intellectus re¬
1130 1234 1972 1282 spectu ipsius intelligere sit aliquo modo patiens, tamen
1138 1280 1969 1330 quia non solum recipitur in intellectu, sed etem elicitur ab in
1141 1316 1975 1359 ellectu, io nec intelligere est tantumodo pati, nec intel¬
1134 1358 1974 1401 ectus respum eius detm dici tantum modo patiens haec est n¬
1122 1394 1973 1436 natura actus manetis in agete, quod vt recipitur, pot di¬
1122 1433 1973 1487 ci passio, sed vt habet esse ab eo, in quo recipitur, pot di
1126 1474 1967 1523 ci actio. Et eodem modo suum principium receptiuum, vt hu
1117 1510 1977 1559 iusmodi actum recipit, sic est patiens, sed ut ipsum elicit,
1122 1556 1536 1606 sSic aliquo modo est agens
1167 1581 1963 1649 Ad secundam probationem dicendum, quod maior est fal¬
1125 1628 1960 1675 sa de omni tali potentia, quae recipit in se suam propriam
1122 1670 1973 1714 operationem, quam elicit: vnde licet idem respectu eiusdem
1123 1710 1958 1756 & secdm eundem modum se habendi non possit fundaro
1120 1749 1972 1797 relationem actiui, & passiui; tamen secundum alium, & aliu
1128 1786 1967 1832 modum hoc pont. Idem n intellectus vt habet aliquid a¬
1120 1824 1964 1874 ctualitatis, & vt informatus est intelligibili specie, elicit
1119 1870 1961 1916 actum intelligendi, & sic fundat relationem actiui: & idem
1128 1908 1967 1954 ntellectus vt deficiens a pura actualitate recipit in se a¬
1123 1943 1957 1991 ctum a se elicitum, & perficitur eo, & sic fundat relatio¬
1122 1989 1960 2042 nem passiui. Et primo modo se habet actiue, sed secudo
1119 2024 1472 2076 modo se habet passiue¬
1161 2065 1955 2107 Ad tertiam probationem, nego maiorem quia plus de
1129 2105 1967 2150 ictiuitate reali habet intellectus respectu ipsius itellectus,
1137 2142 1970 2191 uam obiectum habeat de passiuitate respectu eiusdem:
1126 2182 1967 2226 Vnde Si intellectio realiter esset in obiecto recepta, si¬
1129 2223 1966 2274 tut est ab intellectu elicita, tunc bene curreret illa simi
1116 2261 1874 2315 litudo, quae assumitur in maiori, aliter autem non¬
1161 2303 1859 2350 Ad quartam probationem, nego antecedens
1158 2345 1968 2385 Ad probationem illius dicendum, quod non omne cau¬
1125 2380 1970 2428 sans intellectionem est intelligens, sed solum illud, quod
1124 2415 1964 2466 elicitiue causat, & hoc est solum ipse intellectus possibilis.
1164 2459 1963 2502 Ad decimum nego consequentiam, quia sicut non ob¬
1116 2503 1966 2545 stante, quod habitus scientificus actiue disponat intelle¬
1133 2537 1968 2588 ctum ad actum sciendi, tamen per modum potentiae, pri
1134 2581 1964 2628 mo scimus intellectu, vic non obstante, quod species a¬
1134 2616 1970 2667 ctiue disponat ad actum intelligendi, tamen primo in¬
1130 2659 1888 2706 telligimus anima intellectiua, siue ipso intellectu.
1170 2697 1975 2747 Ad probationem patet, quia nulli alteri conuenit
1188 2740 1970 2785 rius intelligere, quam ipsi intellectui, tamquam prin
1132 2774 1362 2828 cipio elicitiuo.
1164 2813 1972 2868 Ad vndecimum dicendum ad maiorem, quod non quae
1132 2856 1964 2901 cumque praesentia actiui respectu passiui sufficit ad hoci
1152 2896 1967 2941 uod sequatur actio; sed requititur talis praesentia,
1146 2934 1970 2982 ua agens sua uirtute attingat ipsum patiens, quia quam
1143 2976 1964 3024 pon tangunt, non agunt, vt dicitur in lib de genera
1138 3009 1973 3054 sed phantasma fundatum subiectiue in organo corpora
1141 3044 1968 3098 li propter sui materialitatem non attingit intellectum,
1143 3086 1979 3135 nisi mediante specle, ab ipso deriuata recepta in ip¬
1140 3127 1975 3171 so intellectu: igitur phantasma sine tali specie non
1134 3166 1979 3230 pot principiare intellectionem in ipso intellectu possibili¬
