2387 3544
245 287 1082 358 quoe nullo modo perciperet, a quo tatum donum delectationis
238 356 1078 401 reciperet, & per consequens, Deum non minus, qua
239 391 1075 437 prius odiret: quia quamuis homo magnum donum reci
243 426 1080 476 peret ab aliquo, quem mortaliter oditet: tamen si huius¬
234 471 1082 520 modi donum ignoraret ab illo sibi prouenire, quem odit,
245 508 1082 552 tunc non minus eum odiret post illius doni receptionem,
231 547 1068 599 ouam ante. Etiam ratio, quam iste reuerendus socius ad
235 584 1083 634 duxit pro sua conclusione, non est contra me: quia quam¬
234 619 1078 666 uis ille, qui habet actum beatae fruitionis, formaliter ne¬
237 663 1081 709 cessario sit amicus Dei: eo, quod talis sit actus perfecte, &
230 705 1076 750 consummatae dilectionis: tamen quia praedicta delectatio
237 749 1079 789 non esset causata ex actu dilectionis, seu amoris: sed ex
236 783 1072 832 actu creationis: ideo non esset necesse habentem talem
243 821 1077 872 delectationem esse amicum Dei, vel esse acceptum Deo.
241 870 1082 914 quia talis actus non esset donum gratiae gratum facientis:
229 899 788 950 sed tantummodo gratiae gratis datae.
270 926 1078 987 Sed contra ista arguit praedictus reuerendus socius, &
238 975 1083 1021 Magister in secudo suo principio, & uolens probare, quod
243 1017 1079 1070 ista conclusio, quam posui, implicet contradictionem, sup
246 1056 1080 1101 ponit quod praedictum effectum, quem dico Deum posse crea¬
237 1104 1082 1143 re in voluntate damnati hominis, causet in voluntate Lu
235 1137 1079 1197 ciferi, & hoc faciat aeque perfecte, sicut causatus est in bea
234 1175 757 1223 ta Virgine. Hoc supposito arguit sic
285 1212 1073 1260 Quicunque est aeque persecte beatus sicut beata virgo
234 1256 1069 1299 ille aeque est acceptus Deo, & amicus Dei, sicut beata ui
247 1295 1073 1347 go: Sed casu praedicto posito Lucifer esset aeque beatus, si¬
234 1339 1071 1388 cut gloriosa virgo: ergo Lucifer erit aeque acceptus Deo.
232 1371 1071 1419 & amicus Dei, sicut beata virgo. Et tunc pro complemer
231 1412 1073 1464 to elenchi ipse ad oppositam partem arguit sic. Nullus dam
233 1450 1067 1498 natus habens perfectum Dei odium est aeque acceptus Deo
235 1488 1063 1535 & aeque amicus Dei, sicut beata virgo sed Lucifer est dam
228 1526 1076 1575 natus, & perfecte odit Deum : ergo Lucifer non est aeque
233 1579 1069 1618 acceptus Deo, sicut beata uirgo. Conclusiones istorum
224 1607 1063 1658 svllogismorum sibi mutuo contradicunt, & tamen, vt ips
226 1647 1060 1696 ait, ambae sequuntur ex dictis praedictae meae conclusionis
242 1684 1070 1729 ergo dicta in illa conclusione implicant contradictionem.
271 1728 1073 1774 Hic dico, quod ista contradictio non sequitur ex dictis
227 1761 1071 1808 meis. Ad probationem dico, quod minor primi svllogismi non
227 1803 1070 1849 habetur ex dictis meis. Dato enim, quod Deus sub ratione
230 1843 1075 1892 ideali in voluntate Luciseri crearet tantam delectationem
240 1885 1066 1933 quanta est illa delectatio, quae sequitur actum fruitioni
240 1925 1071 1967 Virginis oloriosae: tamen ex hoc ipse ucifer non esset bea
233 1959 1080 2008 tus: quia sibi deficeret omnis actus diuinae dilectionis, si¬
236 2010 1080 2051 ne qua dilectione nulla voluntas potest uere esse beata
229 2034 1077 2085 Sed beata virgo habet perfectissimam Dei dilectionem, &
237 2085 1077 2130 per consequens habet veram fruitionem, in qua consistit
233 2128 1063 2165 vera beatitudo cuiuslibet voluntatis rationalis creaturae
232 2156 1070 2207 Deceptio ergo in isto argumento ex hoc prouenire uido
237 2196 1082 2242 tur, quod iste socius non attendit, quod multo secus est loqui de
238 2238 1082 2287 delectatione, de qua procedit mea conclusio, & de beata
231 2273 839 2330 fruitione, de qua procedit sua conclusio.
282 2312 1073 2365 Quadruplex. enm patens est differentia inter beatam frui
232 2353 1080 2397 tionem, & predictam delectationem. Nam, huiusmodi de
235 2391 1082 2436 lectatio, si poncretur, non esset actus dilectionis: sed esset
231 2431 1082 2478 actus per creationem productus. Fruitio autem beata est
237 2475 1085 2527 ctus perfectae, & consummatae dilectionis; vel est ipsamet
237 2510 726 2561 perfecta, & consummata dilectio.
274 2545 1079 2598 Et ex hoc sequitur secunda differentia. seque huiusmodi
228 2591 1074 2639 delectatio non esset actus elicitus ab aliqua voluntate crea
235 2636 1067 2680 ta: ita enim se haberet voluntas creata respectu illius de¬
231 2667 1076 2710 lectationis receptiue quod tamen haberet se respectu eius
237 2710 1080 2761 elicitiue. Sed beata fruitio est actus a voluntate beata eli
234 2746 763 2796 citus, cum sit actus vere dilectionis,
276 2784 1085 2835 Tertio differunt: quia huiusmodi delectatio non causa
235 2835 1079 2875 retur sub ratione obiectali a diuina bonitate obiectiue
231 2869 1075 2918 mouente ipsam voluntatem: quia sicut ia dictum est ipsa pro
231 2909 1078 2948 duceretur sub ratione ideali a diuina voluntate creatiue es
225 2946 1082 2996 ficiente: sed econtra actus fruitionis perfectae causatur sub
234 2984 1083 3037 ratione obiectali a diuina bonitate in ipsa beata voluntate,
273 3021 1082 3069 Differunt etiam quarto: quia talis delectatio non esset
228 3063 1076 3112 donum gratiae gratum facientis: sed solum esset donum gra
235 3101 1073 3148 tiae gratis datae: &udeo communicabilis esset inimico, Dec
244 3148 1072 3203 peata fruitio, cum sit actus perfectae caritatis, est donum gr¬
1128 306 1970 374 tiae gratum facientis & per consequens nulli hosti, vel ini
1125 348 1511 404 mico est communicabilis
1162 391 1967 453 Deinde arguit iste venerabilis socius contra illud, quam
1125 418 1988 489 dixi, quod praedictam delectationem Deus potest causare in
1132 474 1960 524 voluntate taliter, quod tamen ille, qui recipiet eam, non por
1129 517 1955 557 cipiet, a quo tantum donum recipiat: quia frui est amori
1126 556 1958 603 alicui inhaerere propter seipsum: sed nullus potest amori
1123 582 1958 643 inhaerere ei, que prorsus ignorat. Et confirmatur: quia frui
1132 622 1957 688 tio essentiali ordine praesupponit cognitionem: fruimus
1121 670 1950 713 enim cognitis, quibus voluntas propter seipsa delectata
1123 701 1582 759 conquiescit, vt ait Deatus Auo
1170 746 1953 803 Ad istud patet ex praedictis: quia dato, quod ad actum bes
1135 788 1957 831 ae fruitionis, qui obiectiue a diuina bonitate causatur, &
1126 830 1962 884 a voluntate beata elicitur, cognitio esset necessario prae¬
1125 869 1964 918 exacta: tamen ad recipiendum supradictam delectationem
1129 905 1953 952 a Deo creatiue productam, non esset necessaria notitis
1134 946 1960 990 eius, a quo produceretur: multa nim dona Deus posset i ho
1133 986 1957 1034 mine creare, quae tamen non aduerteret homo a solo Dec
1137 1027 1965 1078 procedere. Etiam posset dici, quod quamuis fruitio presuppo
1131 1066 1961 1111 nat cognitionem ordine essentiali, accipiendo ordinem es
1119 1097 1958 1148 sentialem pro ordine naturali, qui ponitur esse in rebus
1118 1135 1970 1200 secundum potentiam Dei ordinatam: tamen Deus, qui est
1126 1176 1963 1234 istius ordinis, & naturae conditor, de sua potentia absoluta
1129 1215 1964 1268 hunc ordinem potest immutare. Et ideo sicut accides or¬
1128 1258 1963 1306 dine naturali praesupponit substantiam, & tamen diuina
1119 1295 1955 1342 virtute potest esse sine substantia: sic quamuis actus fruitio
1125 1340 1961 1384 nis presupponat cognitionem ordine naturali, tamen hunc
1126 1380 1961 1424 actum Deus posset causare de sua absoluta potentia in ra
1132 1418 1954 1465 tionali anima absque cognitione preuia: sicut etiam in pro
1121 1455 1955 1508 logo primi libri declaraui. Et ideo dato, qud ista delectatio
1125 1495 1955 1551 de qua procedit mea conclusio, esset vera fruitio: adhuc
1121 1533 1961 1592 Deus de sua potentia absoluta posset eam causare in ani
1116 1576 1780 1627 ma, nulla tamen cognitione praeuia: ideo &c
1148 1613 1982 1656 Et quia dixi in istis duobus principijs conclusionem mea
1124 1653 1983 1697 positam de praedicta delectatione non contradicere dire¬
1125 1696 1983 1747 cte conclusioni istius reucrendi Magistri, quam ipse posuit
1119 1732 1982 1775 de beata fruitione:igitur in tertio suo principio ipse vult
1122 1775 1982 1820 ostendere, quod ego necessario habeam dicere conclusionem
1125 1819 1983 1869 meam directe esse contradictoriam suae conclusioni. Et
1119 1845 1458 1897 hoc ostendit ex tribus
1162 1884 1961 1937 Primo, quia ego, vt ipse ait, in primo meo principio,
1134 1928 1961 1976 quando contra dicta sua resumpsi, reduxi dicta sua ad tria
1132 1969 1963 2025 puncta, seu ad tres conclusiones: & posuit tres oppositas
1125 2003 1334 2056 conclusiones.
1161 2045 1960 2093 Secundo, quia, vt iste socius ait, ego ponendo istam se
1119 2087 1969 2128 cundam conclusionem dixi, quod per Dei potentiam absolu
1123 2127 1971 2174 tam tota entitas, & delectatio existens in actu fruitionis,
1129 2162 1964 2218 & odium ipsius Dei simul possunt esse in eadem uolunta
1121 2198 1969 2255 te: sed planum est, quod tota entitas & delectatio existens
1118 2240 1970 2298 in fruitione non potest poni, nisi ponatur ipsa fruitio, er¬
1128 2288 1961 2336 go conclusio mea secundum uerba iam dicta directe uido
1125 2322 1946 2367 tur contradicere conclusioni istius reuerendi Magistri.
1164 2356 1970 2410 Tertio hoc idem probat ex ratione mea, quia sicut ip¬
1129 2396 1967 2452 se ait per rationem meam infertur conclusio, quae directe
1122 2434 1554 2480 contradicit suae conclusioni.
1160 2476 1966 2532 Ad primum dico, quod verum quidem est, quod conclusio¬
1123 2522 1968 2573 nem primam, & tertiam posui directe oppositam primae,
1128 2553 1964 2602 & tertiae conclusioni istius reuerendi socij. Sed secundam
1129 2594 1967 2649 conclusionem non posui directe contra suam conclusionem
1133 2634 1969 2679 secundam, sed magis contra sua incidentia dicta, quibus ui¬
1131 2676 1976 2728 debatur innuere simpliciter esse impossibile uoluntatem
1135 2723 1970 2767 perfecte Deum odiente habere in se aliquam delectationem,
1162 2757 1970 2805 Ad secundum dico, quod ego in rescripto meo non sic ha
1127 2790 1970 2845 beo; & si illa verba inueniuntur in cartula, quam misi huic
1130 2830 1966 2875 socio reuerendo, sicut bene credo, quia eam cum festina¬
1134 2872 1976 2922 tione scripsi, propter quod verba singula non tatum limaui;
1136 2920 1973 2957 prout debui, tunc ad meum propositum huiusmodi uer¬
1125 2950 1972 2991 ba reducendo, dico, quoly & non debet ibi accipi copulati¬
1125 2991 1973 3041 ue, sed expositue, & actus fruitionis non debet ibi accipi
1127 3024 1973 3073 formaliter, sed aequipollenter; ut sit sensus, tota entitas, &
1137 3069 1972 3112 pro, id est, delectatio existens in actu fruitionis non forma
1124 3111 1978 3163 liter, sed aequipollenter accepto, & odium ipsius Dei pos
1122 3144 1777 3196 sunt simul se compati in eadem voluntate.
