2416 3556
411 292 1271 351 quendo de omni eo, quod per se continetur sub obiecto
407 346 856 398 adaequato ipsius intellectus.
465 372 1268 425 Ad probationem dicendum, quod Commentator il¬
411 415 1269 462 lis, & multis aliis similibs verbis non loquitur de obiecto
416 460 1272 509 adaequato ipsius intellectus, sed solum de obiecto primo.
452 493 1261 543 Ad quintum dicendum, quod quamuis intellectus hi
427 538 1275 579 manus cognoscat oia, quae cognoscuntur per potentias
411 577 1281 617 sensitiuas, tamen sparsa sunt in homine, quae vnita sunt
419 616 1278 664 in angelo, quia itellectus angelicus ad hoc, quod cogno
417 654 1272 700 scat ea, quae sub obiecto suo comprehenduntur, non re¬
417 700 1272 739 quirit aliquas alias inferiores potentias cognoscitiuas
420 730 1268 779 sed intellectus humanus ad hoc, quod cognoscat ea, quo
412 764 1280 816 sub obiecto contiuentur: necessario requirit, & praesup¬
428 812 1274 857 ponit cognitionem sensitiuam, nam deficiente sensu, de
418 853 1277 897 ficit etiam scientia, quae est secundum illum sensum, vt
423 900 1271 940 patet. 1. Posteriorum. Etiam destructo solo organo phar
418 927 1270 973 tastico, impediretur omnis cognitio nostra intellectiua;
420 968 1280 1017 quia necesse est intelligentem phantasmata speculari
441 1003 1159 1054 Quod vtique verum est pro statu praesentis vitae.
467 1041 1270 1093 Ad sextum dicendum, quod licet intellectus non in¬
430 1080 1271 1132 telligat tantum modo vniuersalia, sed etiam particula¬
424 1122 1265 1169 ria: tamen per hoc, quod intelligit vniuersalia, sufficien
417 1163 1274 1216 ter distinguitur ab imaginatione, & ab omni alia poten
417 1202 1270 1258 tia sensitiua, quia nulla potentia sensitiua cognoscit vni¬
424 1238 552 1287 uersalia
464 1272 1278 1322 Ad septimum dicendum, quod quamuis ille doctor
435 1320 1280 1370 multum reputet istam rationem:tamen maior, & mina:
423 1357 1271 1405 vt mihi ad praesens apparet, videntur esse necandae, nec
425 1388 1262 1446 earum probationes sunt demonstrationes, sicut ipse vi
417 1448 1282 1498 detur praetendere, sed potius sunt quaedam apparentes
431 1475 674 1529 sophisticationes
474 1509 1271 1565 Dico igitur ad istam rationem, quod salua reuerentia
422 1552 940 1601 istius doctoris, maior non est vera
461 1586 1281 1640 Quia cognitis certis principiis singularitatis alicuius
432 1633 1275 1679 rei singularis, tunc cognoscitur huiusmodi singulare in
424 1674 1272 1724 sua singularitate Sed praeter hoc, quod cognoscitur situs
429 1711 1273 1755 vel fit demostratio situalis, possunt cognosci certa prin
426 1755 1280 1802 cipia singularitatis alicuius rei singularis : ergo possibile
428 1791 1279 1834 est singulare in sua singularitate cognosci non designan
430 1830 1055 1875 do, & demonstrando ipsum sub certo situ
459 1858 1273 1914 Maior patet: quia vnaquaeque res tunc cognoscitur ta
425 1908 1266 1949 lis, quando cognoscuntur principia, propter quae est ta¬
417 1949 1277 1989 lis. Minor etiam patet, quia ea, quae sunt alicui rei intrin¬
418 1986 1271 2033 seca, illa naturaliter prius possunt cognosci tali rei con-
425 2027 1263 2080 uenire, quam illa, quae sibi conueniunt posterius, & ex
426 2067 1264 2113 ttiniece, sed principia singularitatis rei singularis sunt in
429 2108 1265 2150 trinseca rei singulari, & per consequens, naturaliter priu
417 2143 1264 2191 sibi conueniunt, quam quicunque respectus extrinsecu
426 2188 1265 2239 ad aliquam creaturam. Situs autem est quidam respe¬
425 2224 1274 2276 ctus extrinsecus, conueniens rei singulari in ordine ad
423 2258 676 2315 locum: ergo &c
450 2290 1262 2342 2 Preterea secundum Philosophum. . Meta. sicut re
423 2340 1273 2383 se habet ad esse, sic se habet ad cognosci. lstam proposi¬
432 2378 1258 2426 tionem specialiter habet concedere iste doctor, quia sae
436 2420 1262 2465 pius vtitur ea. Sed singularitas rei singularis essendo non
429 2458 1262 2503 dependet a fitu ergo nec in cognoscendo. Minor patet
435 2498 1272 2548 quia prius naturaliter res est haec, & singularis singulari¬
435 2537 1274 2584 tate suae propriae quantitatis, formae, & materiae, quam
422 2580 1257 2626 occupet aliquem locum, vel habeat aliquem situm. Da
432 2617 1255 2668 to enim, quod in nullo loco esset, & per consequens si
426 2657 1265 2699 tu careret, adhuc esset haec, & singularis, sicut apparet do
432 2699 1267 2741 coeso empvreo, quod nullum occupat locum, & tamen
424 2729 1260 2775 in rei veritate est hoc, & singulare, quia habet quantit
429 2776 1268 2820 tem, formam, & materiam numeraliter distinctam a quo-
429 2809 704 2862 libet alio corpore.
475 2851 1268 2907 Ad probationem illius maioris dicendum, quod mi-
425 2895 1265 2943 nor non est vera: Nam sicut si proponerentur mihi duc
432 2934 1277 2973 oua in omnibus accidentibus extrinsecus apparentibus
429 2969 1267 3018 similia, veraciter possum dicere, qoua mihi proposita non
429 3004 719 3057 sunt vnum, sed duo
459 3049 1263 3092 Cuius causam sufficientem possum assignare per hoc
429 3090 1265 3132 quod video quantitate vnius esse distinctam a quantita
425 3130 1265 3195 te alterius, & per consequens concipio materiam vniu
1317 263 2187 340 non esse materiam alterius, nec formam vnius esse for¬
1319 327 2187 375 mam alterius: sic eodem modo, nec verbo, nec conside¬
1326 373 2176 421 ratione mentionem faciendo de situ, possem distingue
1320 411 2177 459 re inter illos duos homines, qui essent per omnia simi¬
1317 450 2180 500 les si mihi proponerentur: nam ad exprimendum eorum
1314 489 2176 529 distinctionem non esset aliqua situalis demonstratio ne
1322 526 2178 574 cessaria, qua dicerem, ille homo non est iste homo, quia
1323 567 2174 623 possem dicere, homines, quos video, non sunt vnus ho¬
1320 620 2172 662 mo, quia quantitates eorum, & per consequens materiae,
1315 649 1803 701 & formae sunt realiter distinctae.
1352 687 2177 737 Etiam dato, quod inter illos duos homines non pos¬
1323 721 2165 779 sem distinguere absque situali demonstratione, tamet
1320 767 2181 817 ex hoc non esset supradicta maior demonstratiue proba
1311 808 2165 846 ta, sed potius committeretur fallacia consequentis: qui
1314 845 2173 885 sicut non sequitur Sortes non currit: ergo nullus homo
1323 884 2178 928 currit, sic non sequitur, homo non potest absque situali
1320 920 2174 969 demonsfratione distinguere inter duo singularia similli¬
1310 968 2170 1011 ma, nec per consequens ea cognoscere, ergo inter nulla
1316 1014 2168 1057 singularia absque situali demonstratione distinguere po
1326 1042 2183 1093 test, vel ea cognoscere, quia plures causae distinctionis ap
1329 1080 2183 1140 parent inter singularia dissimilia, quam inter illa, quae
1326 1121 1682 1172 essent omnino similia.
1349 1163 2168 1210 Ad confirmationem dicendum, quod minor non ess
1326 1204 2175 1248 vera, quia ego possum coelum empvreum concipere, vt
1321 1245 2172 1291 quoddam suppositum singulare, & incommunicabile,
1316 1288 2174 1331 nullum conceptum habendo de situ suo, immo magis
1325 1328 2166 1369 concipio ipsum, vt carens situ, cum situs sit ordo partium
1320 1358 2178 1406 in loco. Istud autem coelum concipio non esse in loco¬
1327 1396 2165 1444 Item, quando ego concipio vnigenitum virginis Mariae,
1322 1444 2171 1491 certum est, quod ego concipio quoddam singulare, & in¬
1314 1479 2174 1518 communicabile, quia virgo Maria mater Dei non ha¬
1321 1518 2171 1566 buit nisi vnicum filium, qui exprimitur per Iy vnigenitum,
1319 1556 2165 1603 & tamen in tali conceptu, vel cognitione nulla demon¬
1317 1593 2180 1650 stratio fit de situ. Etiam eius responsio ad instantiam non
1322 1640 2178 1676 valet quia eo ipso, quod tales duo homines supponun¬
1327 1676 2175 1728 tur esse in eodem loco, igitur ille, qui veraciter apprehen¬
1317 1714 2174 1764 deret eos, non variaret eorum situm, quin potius si in
1323 1756 2174 1801 eius apprehensione caderet situs ipse apprehenderet
1318 1795 2174 1844 eos in eodem situ, sicut in rei veritate essent in eodem
1321 1836 2166 1886 situ. Etiam minor supradictae rationis non videtur esse
1320 1875 2174 1918 vera, quia intellectus meus potest habere certam cogni
1321 1913 2168 1960 tionem de hoc, quod ego sedeo in hoc studiorio legendo
1311 1953 2171 1997 in hoc determinato libro, & quod Petrus currit m illo
1317 1992 2167 2036 foro, & loannes stat, vel sedet in isto choro, & Sic de aliis
1322 2032 2162 2071 determinatis sitibus, & personis singularibus: sed pla¬
1320 2076 2171 2124 num est, quod cognitio intellectus est in intellectu: ergo
1311 2106 1808 2155 salsa est illa minor, quae dicit &c
1363 2148 2166 2202 Ad probationem eiusdem minoris dicendum, quod operatio
1307 2191 2174 2240 nem esse quantitatiuam, & materialem, potest esse dupliciter.
1363 2232 2180 2284 vno modo realiter. Alio modo aequiualenter, seu aequi
1332 2262 2168 2310 pollenter Primo modo maior est vera, sed secundo mo¬
1320 2309 2172 2358 do non est vera. Nam virtus intellectiua, quae est simplex,
1314 2346 2174 2386 & immaterialis potest habere operationem, quae quam¬
1315 2386 2174 2433 uis non sit materialis, & quantitatiua realiter, est tamen
1317 2429 2160 2470 materialis, & quantitatiua aequiualenter, quia quicquis
1332 2467 2172 2518 ossunt attingere sua cognatione virtutes sensitiue, quae
1324 2503 2165 2555 sunt materiales, & quantitatiuae, hoc potest intellectus
1311 2542 2159 2590 attingere sua intellectione non solum aequiualenter, sed
1316 2578 1702 2636 etiam superaequipollenter
1355 2617 2159 2678 Etiam iste doctor non videtur dicere verum in hoc, quod ait in
1314 2660 2197 2717 tentionem Arist fuisse, quoed intellectus nullo modo attingat.
1317 2703 2197 2760 aliquid, quod non remanet conmunicabile, quia Aristan;
1310 2738 2158 2790 lib Priorum, loquens de svllogismo expositorio dicit, quod
1323 2780 2162 2830 medium in illo svllogismo est hoc aliquid, & Singulare, &
1326 2823 2172 2870 per consequens secundum intentionem Arist. medium illius svl
1312 2861 2174 2912 logismi non est communicabile, sed intellectus attingit
1317 2904 2159 2954 medium cuiuslibet svllogismi, quia nulla potentia svllo
1315 2939 2168 2991 gix at, nisi solus intellectus, ergo secundum intentionem
1318 2985 2172 3033 Arist. intellectus potest attingere aliquid, quod non est
1316 3013 1565 3066 communicabile
1356 3055 2156 3108 Dato etiam, quod vsquam in dictis Arist. inueniatur atta
1317 3091 2163 3154 ctum per intellectum fore communicabile, tunc Arist. per
1315 3142 2163 3203 communicabile intelligit vniuersale, & per consequens
