2397 3542
211 267 1050 336 tarum prouidus chorus, ibi duodenus Apostolorum nu¬
200 329 1047 375 merus, ibi innumerabilium martvrum victor exercitus.
208 360 1059 413 ibi sanctorum confessorum sacer conuentus, ibi veri, &
217 407 1058 463 perfecti monachi, ibi sanctae mulieres, quae voluptates se¬
208 445 1055 490 culi, & sexum infirmitatis vicerunt, ibi pueri, & puellae,
213 490 1056 537 qui annos suos moribus transcenderunt; ibi oues, & agni,
220 529 1052 571 qui iam huius voluptatis laqueos euaserunt. Exultant
213 563 1059 604 omnes in proprijs mansionibus: quia dispar est gloria
211 599 1055 644 singulorum: sed communis est laetitia omnium, plena, &
220 644 1053 692 perfecta ibi regnat caritas: quia Deus est ibi omnia in om
213 686 1050 728 nibus, quem sine fine vident, & semper videndo in eius
211 721 1053 765 amore ardent, & laudant, & amant, omne opus eorum
208 755 1052 798 laus sine fine, sine defectione, sine labore. Felix ego, &
210 799 1052 838 vere in perpetuum felix, si post iter huius corpusculi au
211 836 1055 876 dire merueto illa cantica coelestis melodiae, quae can¬
210 881 1047 929 tantur ad laudem regis aeterni ab illis supernae patriae
210 914 1059 966 ciuibus. Et subdit Augustinus, fortunatus ego, &
210 960 1045 1009 nimirum beatus, si & ego meruero cantare ea, & assi¬
211 993 1050 1045 stere regi meo, Deo meo, duci meo, & cernere eum in
207 1032 1052 1090 gloria sua, ficut ipse polliceri dignatus est, dicens, Pa¬
211 1070 1055 1112 ter, volo quos d edisti mihi, sint mecum, vt videant cla¬
210 1112 1044 1156 ritatem meam, quam habui apud te ante constitutionem
205 1150 1048 1198 mundi. Ex his, & multis alijs, quae in praedicto libro
203 1196 1049 1242 ponit August. patet, quod nec August. dirigit sermonem
207 1228 1058 1280 ad solas illas animas, quae suis corporibus sunt reunitae;
213 1271 1058 1314 nec solum loquitur de visione humanitatis Christi: sed ex
209 1313 934 1359 presse loquitur de clara visione ipsius diuinitatis.
219 1356 1046 1401 I4 Praeterea, praedicta veritas etiam expresse habetur
216 1392 1047 1440 ex dictis Aug. in libello, qui incipit, Cognoscam te cogni
201 1427 1046 1474 tor meus, qui ab aliquibus appellatur Soliloquium ani¬
210 1473 1048 1519 mae. vbi Aug. affectans praeclarum gaudium, quod pro¬
208 1509 1055 1552 nunc habent animae sanctae a suis corporibus absolutae,
208 1545 1043 1595 sic ait, Sitio domine, sitio Deum viuum, quando veniam
201 1585 1052 1628 & apparebo ante faciem tuam, putas videbo diem illam,
209 1623 1049 1671 diem, inquam, iucunditatis, & laetitiae, diem, quam fe¬
201 1663 1043 1707 cit dominus, vt exultemus, & laetemur in ea. Odies prae¬
211 1703 1039 1747 clara nesciens vesperum, non habens occasum, in qua au¬
204 1743 1061 1783 diam uocem laudis, vocem exultationis, & confessionis.
204 1779 1045 1828 Intra in gaudium domini tui, intra in gaudium sem¬
208 1821 1059 1873 piternum, in domum domini tui, vbi sunt magna, &
201 1869 1047 1910 inscrutabilia, & mirabilia, quorum non est numerus,
204 1900 1052 1938 intra in gaudium sine tristitia, quod continet aeternam
216 1937 1055 1989 laetitiam, vbi erit omne bonum, & non erit aliquod
210 1976 1064 2022 malum, vbi erit quicquid voles, vbi erit vita vitalis;
207 2020 1055 2071 dulcis, & amabilis, & deitatis beata visio, quae est gau¬
211 2058 435 2109 dium nostrum
230 2090 1059 2140 Forte iterum dicet veritatis aduersarius, quod ista verba
218 2139 1062 2188 unt intelligenda de beatitudine, quae erit post mortuo¬
201 2174 1050 2222 rum resurrectionem: eo, quod Aug. loquatur de futuro.
203 2213 551 2270 quia dicit, vbi erit &c.
249 2244 1050 2307 Respondeo, quod hic falsum assumitur: quia Augusti
215 2294 1057 2336 loquitur de gaudio, quod pronunc habent animae san¬
204 2332 1061 2380 ctae, quia tamen August. uerba praedicta direxit ad se, &
207 2374 1060 2421 illud gaudium non erat sibi praesens: sed futurum: ideo in
217 2424 1060 2463 praedictis vtebatur verbo futuro: sed in sequentibus diri¬
207 2456 1058 2507 gens sermonem ad animas sanctas, quae protunc a suis
206 2502 1060 2537 corporibus exutae fuerunt, non vtitur uerbo futuro iam
212 2533 1056 2576 dictae beatitudinis gaudium exprimendo. Vnde parum
213 2570 1060 2624 post verba praedicta subdit, Felices, qui de periculo ma¬
205 2608 1054 2658 ris huius educti ad te Deum portum tutissimum perue¬
208 2653 1062 2698 nire meruerunt. Overe felices, qui de pelago ad litus,
213 2689 1058 2734 de exilio ad patriam, de tarcere ad palatium peruene¬
211 2733 1064 2774 runt, optata iam quiete beati: quia brauium perpetuae
218 2766 1054 2822 gloriae, quod hic per multas tribulationes quaesierunt
211 2804 1069 2848 ram felici iucunditate adepti laetantur in perpetuum.
215 2843 1058 2884 Overe beati, qui a malis omnibus exuti, securi iam
214 2881 1051 2930 de sua immareescibili gloria ad regnum decoris perue
213 2928 1061 2971 nire meruerunt. Oregnum aeternum, regnum omnium
225 2959 1057 3014 seculorum, vbi lumen indeficiens, & pax domini exsu¬
226 3008 1068 3051 perat omnem sensum, in qua sanctorum animae requie¬
213 3047 1066 3091 scunt, & laetitia sempiterna super capita eorum. O quam
215 3081 1061 3138 gloriosum est regnum, in quo tecum domine regnant
1103 268 1934 345 omnes sancti, amicti lumine sicut vestimento, haben¬
1107 338 1944 389 tes in capite suo coronam de lapide precioso. Ore-
1107 375 1936 414 gnum beatitudinis aeternae, vbi tu domine spes san¬
1102 416 1942 458 ctorum, & diadema gloriae, facie ad faciem videris
1107 456 1941 509 a sanctis tuis, laetificans eos vndique in pace tua, quae
1110 494 1947 548 exsuperat omnem sensum, vbi gaudium infinitum, le¬
1098 533 1945 575 titia sine tristitia, salus sine dolore, uirtus sine labo¬
1109 566 1938 621 ce, lux sine tenebris, vita sine morte, omne bonum sine
1100 608 1946 654 onmni malo, vbr iuuentus numquam senescit, ubi uita
1111 651 1947 693 erminum nescit, vbi gaudium numquam decrescit, vbi
1099 689 1946 742 dolor numquam sentitur, vbi gemitus numquam audi¬
1107 731 1948 780 tur, vbi tristis nullus uidetur, ubi laetitia semper habe¬
1095 761 1932 820 tur, ubi malum nullum timetur, quoniam ibi summum
1108 807 1946 849 ponum possidetur, quod est semper uidere faciem domi¬
1107 844 1940 895 ni virtutum. Et subdit Aug. Felices igitur, qui de naufra¬
1101 886 1937 929 gata vita presenti ad tanta gaudia iam peruenire merue¬
1100 925 1937 966 runt. Istis bene intellectis, cessat omnis cauillatio
1107 964 1943 1009 partis aduersae: quia clare patet, quod Augustinus loqui¬
1102 1004 1943 1042 tur de visione diuinae nature. Patet etiam quod asserit
1105 1037 1933 1085 anctorum animas ad illam gloriosam uisionem iam per¬
1102 1074 1221 1124 uenisse.
1110 1118 1961 1171 13 Praeterea, Augustinus in libro de doctrina christia l
1104 1158 1961 1214 na hortatur quemlibet fidelem, sic dicens, lllud age, vt s
1100 1198 1962 1249 bonam vitam habeas, tunc quandocumque occasio fue¬
1098 1237 1931 1277 rit, vt exeas de corpore, exis ad requiem, exis ad beatitu¬
1096 1272 1932 1331 dinem, quae non habet finem. Ex quo dicto iterum pa¬
1098 1316 1937 1372 tet, quod secundum August. anima hominis, qui est bone
1107 1352 1931 1400 itae immediate post mortem procedit ad claram Dei vi¬
1105 1405 1930 1452 ionem, sine qua esse non potest beatitudo, quae non ha¬
1099 1428 1244 1478 bet finem
1110 1475 1962 1527 re Praeterea, secundum August. in libro de poeniten¬l
1096 1511 1962 1552 tia, quicumque rite baptixatus moritur prius, quam uita l
1095 1552 1961 1590 sua iterato peccatis maculetur, illius anima vadit de la¬
1099 1592 1961 1629 bore in requiem, de miseria ad gloriam. Item Augusti. ini
1095 1627 1941 1681 sermone de beato Stephano, cum prius tetigisset, quomo
1096 1666 1932 1712 do Paulus Apostolus ante sui conuersionem beatum Ste
1107 1705 1961 1750 phanum persequebatur, tandem subdit, Ecce nunc Pau¬
1101 1758 1962 1797 us cum Stephano laetatur cum Stephano Christi clari¬
1099 1797 1962 1839 tate perfruitur. Sed Christi claritas principaliter respicit,
1101 1821 1947 1875 eius diuinitatem, qua nullus fruitur in sua claritate, nisi
1100 1869 1929 1912 eam videat in sua claritate. Item Augustin. de Deato
1107 1904 1937 1957 ptephano dicit, quod depositis corruptibilibus corpo¬
1096 1949 1940 1986 ris indumentis ad coeli palatium perenniter regnaturus
1096 1981 1236 2029 ascendit.
1120 2020 1961 2069 17 Praeterea, beatus Augustinus in epistola ad Fortu¬
1105 2061 1962 2099 natianum de uidendo Deum expresse ponit, quod aliqui,
1101 2101 1944 2143 homines tantam a Deo in hoc mundo gratiam percepe¬
1108 2142 1944 2186 cunt, quod animae eorum naturam Dei nude viderunt,
1094 2177 1937 2223 antequam temporali morte a suis corporibus essent exu
1113 2220 1943 2268 e. Et hoc ibidem probat de Paulo, & de Movse. Ergo mul¬
1101 2258 1937 2301 to magis secundum intentionem Augusti animae sanctae
1122 2302 1944 2345 er mortem a suis corporibus separatae nude uident es-
1101 2338 1952 2383 sentiam Dei. Consequentia patet per locum a minori
1107 2372 1284 2419 affirmatiue.
1137 2413 1961 2458 Forte dicetur, quod istud dictum Augu precedentibus
1101 2449 1283 2501 contradicat.
1114 2496 1947 2542 1 Quia vnum de impedimentis videndi Deum est ani¬
1110 2532 1947 2574 mam esse in carcere corruptibilis corporis, ut dictum est
1114 2572 1942 2617 uperius ratione vi: Sed quamdiu uiuit homo in hac
1108 2612 1943 2651 vita, tamdiu anima eius est in corruptibili corpore: er-
1108 2650 1241 2699 go &cet.
1179 2685 1962 2729 Praeterea, illud uerbum domini ad Movsen. Non ui
1114 2730 1946 2773 debit me homo, & uiuet, communiter exponitur de uiuen
1108 2768 1956 2824 tibus in hac vita mortali: ergo non uidetur, quod aliquis.
1108 2804 1668 2847 hic viuens, possit nude uidere Deum.
1144 2844 1956 2887 Respondeo ad primum, quod quamuis de legc com¬
1116 2889 1943 2931 muni animam esse in carcere corporis corruptibilis prae¬
1107 2922 1952 2968 stet impedimentum uidendi nude diuinam naturam: ta¬
1119 2963 1951 3006 men de priuilegio singulari Deus potest tollere tale im¬
1118 3005 1949 3042 pedimentum, ipsa anima manente in corruptibili corpo¬
1107 3041 1950 3093 re, sicut de facto tulit de anima Movsis, & Pauli Apostoli.
1119 3080 1952 3137 Non est igitur hic aliqua contradictio: quia quod dictum
