2399 3568
435 308 1289 378 est talis, quod in quacumque materia vna est vera de ne¬
438 373 792 424 cessitate, altera est falsa.
459 410 1283 465 Deinde arguit iste reuerendus socius, & Magister con¬
435 456 1287 505 tra illud, quod dixi non sequi ex dictis meis, quod Deus
436 494 1286 538 immediate per seipsum nullo alio in genere causae effi¬
437 536 1281 578 cientis concurrente possit causare odium sui in hominis
434 578 1275 619 voluntate. Quia secundum me Deus potest supplere cau
437 607 1286 656 salitatem cuiuslibet causae secundae in genere causae effi-
432 650 1280 694 cientis: ergo Deus potest supplere causalitatem cuiusli¬
437 689 1273 734 bet causae in genere causae efficientis respectu ipsius odi
445 736 1270 784 quo ipse Deus oditur, Consequentia patet: quia ad oppo
430 766 1280 813 situm consequentis sequitur oppositum antecedentis: Sed
425 805 1271 853 antecedens assumptum est per me tamquam verum: quia
434 852 1270 896 per ipsum probaui secundam partem antecedentis illius
422 881 1274 940 rationis, quam adduxi ad probandum conclusionem
434 923 672 976 meam: ergo &c.
477 943 1265 1013 Respondeo negando consequentiam: quia quamui
438 988 1272 1047 Deus possit per seipsum supplere causalitatem cuiuslibet
432 1037 1275 1082 causae secundae, vt efficiens; tamen non potest supplere hu
444 1078 1276 1127 iusmodi causalitatem, vt deficiens est, & vt illud, quod ef
435 1114 1265 1161 ficitur per ipsam potius debet dici defectus, quam effectu¬
432 1155 1266 1199 & maxime talis defectus, qui est de genere moris: Sic au¬
417 1197 1270 1249 tem est in proposito: quia voluntas, vt est causa odii, quo
432 1236 1274 1283 oditur Deus, est causa deficiens magis, quam efficiens, &
423 1273 1267 1323 illud, quod vt sic efficit, magis est defectus; ideo Deus non
422 1315 1266 1362 potest esse causa illius odii nisi mediante voluntate crea
432 1354 1268 1397 ta, quae potest deficere, & per consequens huiusmodi actu
429 1388 722 1439 defectuosum elicere
449 1426 1270 1474 Ad probationem dico, quod falsum assumitur: nam ad
427 1468 1267 1508 oppositum illius consequentis non sequitur oppositum
419 1509 1262 1559 illius antecedentis: nam antecedens intelligendum es
426 1548 1270 1592 de efficiente vt efficiens est, & non vt deficiens est, & cu¬
427 1582 926 1631 ius efficientia non est deficientia.
463 1623 1262 1679 Vltimo quantum ad istam conclusionem arguit iste sc
436 1661 1257 1705 tius contra illud, quod dixi Deum posse in intellectu ho
417 1705 1266 1756 minis damnati causare effectum aequipollentem illi effe¬
417 1750 1272 1793 ctui, qui posset in eius intellectu causari ex perfecta com
435 1786 1262 1822 placentia voluntatis, & cum hoc probat maiorem propo
420 1823 1262 1864 sitionem, quam adduxit in tertio suo principio contra istud
422 1861 1259 1911 aequipollens, quam propositionem ego pro tunc negaui
413 1896 1256 1940 Et arguit sic. Nihil aequipollet perfectae complacentiae vo
413 1938 1266 1989 luntatis, quod est minus ea bonitate, eligibilitate, virtu¬
421 1979 1255 2025 te, & delectatione, & est commune malis: Sed omne si
423 2011 1259 2065 compatiens cum summa miseria voluntatis est minus
430 2054 1260 2099 perfecta complacentia voluntatis bonitate, elgibilita¬
429 2093 1253 2139 e, virtute, & delectatione, & est commune malis: ergo enim
420 2131 1260 2179 hil se compatiens cum summa miseria voluntatis aequi¬
423 2173 1255 2211 pollet perfectae complacentiae voluntatis. Et ista conclu¬
420 2213 1258 2264 sio est maior superius per me negata: ergo &c. Maior
415 2250 1244 2291 istius rationis patet. Quia nihil commune malis aequipol
410 2286 1244 2339 let ei, quod conuenit solum bonis: Sed persecta compla
414 2330 1243 2382 centia voluntatis conuenit solum bonis. Etiam illud, qu
416 2368 1252 2414 est minus altero, non aequipollet ei, respectu cuius dicitur
413 2411 1253 2460 minus: alias inequale esset aequale. Patet etiam minor;
417 2453 1247 2494 quia notum est, quod omne se compatiens cum summa
416 2486 1246 2535 miseria voluntatis est commune malis. Etiam notum es
413 2522 1252 2581 quod omne tale est minus bonitate, eligibilitate, virtuo¬
417 2561 1255 2612 sitate, & delectabilitate, quam perfecta complacentia vo¬
408 2603 1251 2650 luntatis: quia per huiusmodi complacentiam, cum sit bea
418 2641 1253 2683 tifica, excluditur omnis miseria, Propter quod sequitur
417 2685 1248 2731 necessario, quod nihil causatum in damnato aequipollere
426 2720 1253 2761 potest perfectae complacentiae voluntatis. Multa etiam
408 2760 1240 2804 alia quo ad istam primam conclusionem adducit iste so
405 2801 1243 2848 cius in isto quarto suo principio, quam ad praesens non repeto
411 2835 1232 2885 quia ex peedentibus meis dictis clare patet ad ea solutio.
449 2876 1247 2927 Ad istam igitur rationem dicendum, quod accipiendo
410 2915 1240 2960 complacentiam voluntatis causaliter modo, quo dictu es
405 2951 1250 3004 supra in processu tertii principij, tunc minor hic assumpta
410 2994 1253 3036 non est vera, quia Deus in intellectu damnati hominis
408 3028 1238 3078 potest de sua absoluta potentia causare talem effectum
401 3071 1238 3113 qui non est minor bonitate, eligibilitate, virtute, & deli
405 3109 1243 3151 ctatione, quam effectus causatus, vel causabilis in intel¬
408 3146 1237 3200 lectu ex perfecta complacentia voluntatis: Quia eo ipso
1335 300 2181 385 quod talis causalitas complatentiae voluntatis est de ge¬
1329 368 2172 414 nere causae efficientis, vt superius dictum est, igitur Deus
1332 410 2166 459 immediate potest illum effectum efficere per seipsum
1325 445 2175 501 Nec erit iste effectus sic a Deo causatus communis malis
1343 485 2168 538 quia posito praedicto casu, tunc ille effectus non erit in
1325 525 2164 576 malo, secundum, quod malus est, sed erit in eo, secundum
1338 565 2166 621 quod beatus est: quia non esset ille effectus in peruersa
1326 602 2160 644 voluntate illius hominis, secundum quam ipse est malus
1327 646 2163 693 & damnatus, sed esset in suo intellectu, secundum quem
1340 689 1727 738 pse est gloriosus, & beatus
1359 717 2162 771 Ad probationem illius minoris dicendum, quod quam¬
1314 765 2166 811 uis illud, quod se compatitur cum summa miseria volun¬
1327 803 2165 845 tatis, naturaliter, & secundum cursum communem sit con
1315 845 2166 892 mune malis, & sic minus &c tamen illud, quod per diui¬
1317 880 2156 931 num praecise miraculum modo supradicto compatitur se
1319 921 2165 968 cum summam miseriam voluntatis, non oportet, quod sit
1319 959 2160 1009 commune malis, nec quantum in se est, minus esset eligi
1323 995 2164 1039 bile, quam effectus perfectae complacentiae voluntatis, quia
1318 1036 2163 1080 visio Dei cum tali effectu aeque delectabilis esset intelle¬
1319 1075 2150 1121 ctui: sicut si ei assisteret cum perfecta complacentia voli
1320 1115 2163 1159 tatis, nec tamen ex hoc remitteretur miseria voluntatis:
1319 1159 2160 1204 eo, quod modo, quo dictum prius, ipsa voluntas a perce¬
1320 1191 2157 1241 ptione omnium bonorum, quae Deus causaret in intelle
1312 1231 2165 1272 ctu, penitus suspenderetur. Et haec de prima conclusione
1327 1272 1787 1328 stius socii ad praesens sufficiant.
1359 1298 2151 1363 Secunda conclusio istius reuerendi Magistri est haec, quod
1317 1349 2179 1405 simpliciter est impossibile, & contradictionem implicat l
1311 1389 2180 1446 beatae fruitionis actum, & actuale Dei odium simul esse
1305 1429 2178 1484 in eadem voluntate. Quia omnis habens actum beatifice.
1318 1468 2151 1510 fruitionis est acceptus Deo, & est amicus Dei: Sed nullus
1311 1507 2157 1559 habens in sua voluntate actuale odium Dei est acceptus
1317 1546 2154 1586 Deo, vel est amicus Dei:ergo si idem homo simul in sua
1317 1586 2140 1626 voluntate haberet beatam fruitionem, & actuale odiun
1314 1626 2175 1667 Dei, tunc idem homo simul esset acceptus Deo, & non es
1309 1661 2174 1708 set acceptus Deo, & non esset amicus Dei; & esset ami¬
1315 1706 2150 1745 cus Dei: Sed istud est simpliciter impossibile, cum sit mani
1314 1742 2146 1784 festa contradictionis implicatio; ergo illud, ex quo sequi¬
1311 1781 2157 1824 tur, sbeatam fruitionem, & Dei odium simul esse in eade
1320 1821 1861 1876 voluntate est simpliciter impossibile
1341 1857 2144 1908 Huic conclusioni directe non contradico: sed pro tanto
1326 1908 2144 1947 uia iste socius reuerendus a voluntate perfecte Deum
1305 1943 2150 1987 odiente videtur de necessitate excludere omnem dele¬
1299 1978 2153 2020 ctationem, & maxime delectationem tantam, quanta est
1305 2013 2155 2060 in beata fruitione: ideo huiusmodi dicti oppositum ego
1308 2055 1600 2108 posui, & quo ad hoc
1351 2098 2141 2146 Conclusio mea est haec, quod in voluntate danati ho¬
1301 2139 2134 2185 minis, Deus potest de sua absoluta potentia causare tan
1301 2172 2134 2216 tam delectationem, quanta est in beata fruitione, non ol
1304 2213 2140 2254 stante, quod in illa voluntate permaneat perfectu, & actua
1301 2253 2144 2294 le Dei odium. Hanc conclusione m probo sic, Omne il¬
1301 2290 2150 2337 lud potest Deus, quod non implicat contradictionem: sed
1308 2333 2147 2374 huiusmodi delectationem esse in voluntate actualiter, &
1310 2371 2154 2415 perfecte Deum odiente non implicat contradictionem;
1308 2410 2141 2452 ergo &c. Maiorest manisesta apud quemlibet theologum
1298 2447 2154 2496 Minorem probo: quia si implicaretur hic aliqua contradi
1293 2487 2145 2529 ctio, vel hoc esset pro tanto, quod talis delectatio necessa
1305 2526 2152 2567 rio tolleret odium, tamquam aliquid formaliter sibi re¬
1304 2567 2138 2604 pugnans, vel pro tanto, quod saltem remitteret odium
1296 2610 2149 2650 & per consequens non posset esse odium perfectum. No
1294 2646 2141 2685 ratione primi; quia quamuis amor, & odium respectu eius
1304 2681 2141 2734 dem obiecti secundum suum esse perfectum non possint
1302 2723 2135 2764 esse simul, & semel in eadem voluntate, tamen delecta¬
1300 2760 2150 2809 tio, & odium non videntur habere mutuam repugnantiam
1302 2801 2138 2845 nisi sit talis delectatio, quae innascitur ex amore illius
1293 2838 2145 2888 obiecti, quod oditur; Sed Deus potest praedictam delecta
1303 2879 2144 2924 tionem, de qua posui praesentem conclusionem, creare in
1299 2918 2142 2973 illius hominis voluntate sub ratione ideali absque hoc,
1304 2958 2134 3005 quod moueat illam voluntatem ad aliquem actum amo
1291 2996 2138 3041 ris sub ratione obiectali; ergo huiusmodi delectatio non
1296 3035 2136 3089 videtur habere repugnantiam cum Dei odio, & per con¬
1296 3072 2147 3126 scquens poterit simul esse in eade voluntate. Nec ratio¬
1287 3115 2141 3160 ne secundi; quia hmoi delectatione creata in illa volunta¬
1289 3157 2135 3217 te posset Dex suspedere cognitionem illius hominis taliter
