2389 3493
403 238 1237 303 sionis & gaudium fruitionis: quia ois potentia immediate fun
393 292 1232 351 data in natura seu essentia, quae realiter patitur, oportet,
394 333 1232 391 quod patiatur: sed tota natura animae Christi patiebatur
389 371 1241 433 propter dissolutionem armoniae corporis, cuius tota natura
386 412 1236 466 animae fuit perfectio naturalis: ergo portio superior, non
391 456 1228 502 obstante gaudio suae fruitionis, necessario patiebatur ra¬
399 486 1236 543 tione naturae patientis, in qua, vt in proprio subiecto, fun
402 526 1242 580 dabatur. Et ista videtur esse intentio Augu. super illo ver
399 571 1229 622 bo Psal. Repleta est malis anima mea, vbi ait Augu. sic
392 608 1234 665 Non vitiis & peccatis: sed humanis malis, & doloribus re
401 651 1231 696 pleta fuit anima Christi: quibus ipsa compatiebatur carn
399 689 1231 742 non enim corporis dolor potest esse sine anima: dolero
395 726 1156 782 autem anima, etiam non dolente corpore, potest
426 769 1229 816 Sed contra illud est quaedam opinio: quae reputat im¬
414 801 1242 856 ossibile, quod in eadem potentia animae Christi simul
390 850 1238 897 fuerit dolor, & gaudium. 1 Quia contraria includunt
403 878 1245 935 contradictorie opposita: igitur si praedicta, cum sint con¬
402 927 1234 973 traria, simul essent in eadem potentia, tunc contradicto¬
396 959 910 1018 ria simul verificarentur de eodem
420 996 1231 1053 2 Praeterea, vt dicunt medici, & physici, gaudio cor di¬
401 1037 1243 1094 latatur: & dolore, seu tristitia constringitur: igitur idem
402 1076 1229 1132 cor simul mouetur motu dilatationis, & motu constri
407 1117 836 1170 ctionis, quod est impossibile¬
413 1157 1247 1216 3 Praeterea, idem corpus non potest esse gloriosum, &
401 1194 1238 1254 non gloriosum simul, & semel : ergo eadem anima non
396 1232 1243 1295 potest simul, & semel esse tristis, & gaudiosa secundum
398 1278 685 1331 eandem sui partem
413 1307 1242 1364 4 Praeterea, quando aliqua secundum vniuersalem ra¬
392 1347 1247 1416 tionem eorum sunt incompossibilia, tunc impossibile est
395 1393 1240 1443 eorum indiuidua se simul compati in eodem: sed gaudium,
405 1428 1242 1484 & tristitia opponuntur secundum vniuersalem eorum ra¬
396 1475 667 1526 tionem: ergo &c.
410 1499 1244 1571 3 Praeterea, sicut gratia opponitur culpae: sic beatitudo
402 1544 1244 1598 miseriae: sed impossibile est gratiam, & culpam simul esse
407 1590 704 1645 in eodem: ergo &c.
421 1619 1244 1675 e Praeterea, philosophus. 7. ethicorum ait, quod dele¬
401 1670 1238 1718 ctatio, si sit abundans, expellit omnem tristitiam, & quae
411 1706 1246 1755 contraria, & quae contingens est: sed delectatio fruitionis
408 1741 1239 1794 est maxima, & superabundas delectatio: ergo in eodem
408 1782 1112 1832 immediato subiecto nullam patietur tristitiam.
442 1818 1237 1872 Sed ista opinio est contra expressam sanctorum aucto¬
402 1857 1247 1912 ritatem. 1 Dicit enim Damas: libro 2. quod Christus ha¬
405 1901 1240 1950 buit mestam intelligentiam: ergo non solum in parte
399 1938 1249 1996 sensitiua, sicut isti ponunt, fuit dolor, & tristitia Christi.
417 1976 1243 2028 2 Item idem Damas: ibidem ait, quod timore naturali
401 2027 1240 2064 timet anima separari a corpore propter familiaritatem,
402 2056 1247 2106 & legem positam a conditore: sed anima, quae separatur,
401 2098 745 2154 est anima intellectiua.
419 2141 1247 2184 3 Praeterea, non minus est naturalis colligatio poten¬
405 2175 1248 2220 tiarum inseriorum ipsius animae cum superioribus, quam
402 2211 1241 2263 inferiorum cum carne: sed secundum istam opinionem ra¬
403 2250 1245 2298 tione secundae colligationis propter dolorem, qui fuit
401 2287 1241 2336 in carne Christi, erat intensissimus dolor in anima secun
405 2326 1248 2379 dum vires inferiores: ergo propter primo dictam colliga¬
410 2369 1034 2419 tionem erit dolor in viribus superioribus.
442 2405 1234 2457 Ad primum motiuum eorum dicendum, quod ante¬
419 2460 1241 2498 edens non est verum vniuersaliter maxime secundum
405 2478 1248 2538 illam opinionem, quae ponit, quod virtute diuina con¬
403 2525 1244 2582 traria possunt simul esse in eodem. Diceret enim illa opi
414 2564 1247 2618 nio, quod quamuis naturaliter subiectum informatum
402 2608 1241 2654 vno contrariorum includat negationem alterius, non
411 2639 1249 2692 tamen supernaturaliter: non enim apparet ratio, quare
405 2679 1244 2732 in eadem parte Christi minus fuerunt simul contraria,
402 2725 1249 2768 quam in eadem parte hominis damnati: sed, quod contra
402 2761 1247 2810 ria simul sint in eodem subiecto danato, hoc ponit glosa
404 2796 1241 2852 super illo verbo Fucae, lbi erit sletus & stridor dentium
442 2836 1247 2886 Item, sicut quantitas naturaliter habet extendere ma¬
405 2874 1242 2930 teriam, in qua est, & resistere alteri extenso in loco, in
417 2922 1240 2975 quo est: sic qualitas habet qualificare subiectum in
409 2954 1238 3014 quo est: & expellere contrarium de eodem. Sicut igitui
402 2993 1244 3047 Deus sua supernaturali virtute ex parte quantitatis, ser¬
405 3033 1234 3088 uato primo, tollit secundum sine contradictione, vt app:
404 3071 1237 3129 tet de corpore glorioso, quod simul est in eodem loco con
1281 230 2128 297 corpore glorioso, quod simul in eodem loco cum corpo
1277 291 2131 337 re non glorioso: sic ex parte qualitatis potest Deus tol¬
1293 326 2129 372 ere secundum, seruato tamen primo. Cum igitur dolo¬
1287 370 2123 409 rosa passio, & delitiosa fruitio non fuerint in Christo si¬
1293 401 2126 456 mul naturaliter: sed diuinae virtutis dispensatione: i¬
1291 449 1400 496 deo &c
1316 475 2126 532 Etiam potest dici, quod quamuis delectari, & tristari
1281 520 2132 574 circa idem oblectum sint contraria: non sunt tamen con¬
1281 573 2123 609 traria secundum diuersa obiecta, vt dicunt aliqui ma¬
1286 602 2132 653 gni doctores. Vnde sicut scire lapidem, & nescire an¬
1289 648 2125 700 gelum non sunt opposita propter obiectorum diuersita¬
1290 681 1473 731 tem: sic &c
1322 711 2134 764 Ad secundum, nego consequentiam. Ad probationem,
1286 760 2128 809 quae praemittitur, dico, quod vel gaudium, & tristitia sunt
1283 795 2136 841 totaliter aequalia, tunc, nec cor dilatatur, nec constringi¬
1295 834 2122 882 tur: quia quantum gaudium faceret ad dilatationem: tanti
1290 874 2137 924 tristitia impediret eam. Sicut si ad circumferentiam ali¬
1287 912 2123 961 cuius domus concauae vndique poneretur Magnetes, si¬
1287 948 2131 1007 ue Adamantes, ferrum positum in medio illius domus
1296 1004 2126 1045 permaneret immobile; Sicut etiam dicitur corpus Ma¬
1289 1039 2138 1082 chometi in capsa ferrea pendere in medio vnius templi¬
1290 1071 2136 1123 vel gaudium excederet tristitiam, & tuc cor dilataretur:
1296 1112 1841 1161 vel econuerso, tunc constringeretur.
1332 1153 2141 1196 Posset tamen probabiliter dici, quod corporales arteriae
1287 1193 2132 1238 cordis non dilatantur ratione gaudit fruitionis beatae, quod
1298 1227 2132 1272 est in portione superiori ipsius animae: sed solum dilatan¬
1290 1276 1974 1320 tur ad gaudium existens in virtute sensitiua
1332 1304 2138 1357 Ad tertium patet, quod neganda est consequentia per
1298 1356 1729 1402 ea, quae dicta sunt ad primum.
1329 1388 2141 1434 Ad quartum dicendum, quod ea, quae virtute naturae sunt
1304 1428 2129 1479 ecundum suam vniuersalem rationem incompossibilia, il¬
1301 1465 2117 1516 orum indiuidua possunt virtute diuina se compati in eodem.
1325 1509 2128 1552 Etiam minor est falsa: quia gaudium, & tristitia respe¬
1297 1542 2138 1592 ctu diuersorum obiectorum non sunt contraria: ideo &c
1333 1580 2138 1637 Ad quintum nego maiorem, maxime loquendo de cul
1310 1631 2138 1674 a mortali: quia gratia coniungit Deo: sed culpa morta¬
1289 1658 2131 1713 lis totaliter disiungit a Deo: gaudium autem fruitionis
1288 1699 2131 1754 sic coniungit Deo, quod tamen prena, seu miseria non di¬
1289 1745 1498 1797 siungit a Deo.
1323 1780 2143 1827 Ad fextum dicendum est, quod dictum philosophi ve¬
1285 1817 2128 1873 rum est secundum cursum naturae, ex hoc tamen non pra
1297 1858 1765 1909 udicatur diuinae dispensationi.
1436 1981 1994 2034 ARTICVLVS I
1291 2055 2136 2139 Vtrum christus sic fuerit passibilis, quod habuerit
1519 2112 1901 2183 necessitatem moriendi.
1381 2208 2129 2250 VANTVM ad tertium articulum ponam duas com
1302 2245 2138 2287 clusiones. Prima est, supposito, quod Christus
1296 2288 2134 2335 passibilis fuerit, modo quo dictum est in primo articulo,
1303 2323 2124 2369 unc Christus secundum assumptam humanitatem ha
1296 2361 1737 2415 buit necessitatem moriendi.
1313 2403 2140 2454 1 Quia omnis substantia corporalis, quae patitur passio
1297 2442 2134 2485 ne proprie dicta, quae scilicet magis facta abiicit a substan¬
1297 2479 2147 2529 tia, est necessario corruptibilis: sed humanitas Christi est
1296 2520 2135 2565 ubstantia corporalis, & patiebatur huiusmodi passio¬
1293 2561 1494 2614 ne : ergo &c
1323 2600 2138 2650 FORTE dicetur, quod corpora damnatorum inte¬
1296 2637 2153 2683 sissimas sustinent passiones, & tamen non corrumpuntur.
1301 2678 2128 2729 Sic quamuis corpus Christi maximam sustinuerit passio¬
1301 2718 2138 2764 nem: tamen non est necesse huiusmodi passionem sequi
1287 2754 1521 2805 corruptionem.
1331 2794 2140 2841 Re SPoNDEO, quod non est simile: quia ignis inferna
1296 2835 2126 2878 lis agit in huiusmodi corpora, vt instrumentum diuina
1295 2872 2153 2917 iustitiae: & ideo sic agit, vt eo vtitur iustitia diuina: sed iu
1300 2914 2141 2961 titia diuina non vtitur illo igne ad corruptionem dam¬
1291 2952 2144 2999 natorum: Sed solum ad eorum afflictionem: & ideo sic
1291 2996 2139 3045 est in damnatis passio afflictiua, quod non est in eis passio
1289 3033 2147 3080 abiectiua alicuius, quod Sit de substantia patientis. Secus
1291 3068 1829 3129 autem fuit de passione Christi.
