2396 3549
229 269 1086 353 tale dictum est intrlligendum de eo, quod intellectus at
228 347 1098 402 tingit per modum obiecti primi, & non de omni eo, quod
231 374 1090 432 intellectus attingit tamquam eomprehensum infra ambi
227 417 635 471 tum sui obiecti adaequati.
238 462 1082 516 Et eodem modo responderi pot ad auctoritates Come¬
238 496 1085 552 tatoris hic adductas. Intendit. n. Comentator ostendere
228 536 1085 597 distinctionem potentiarum ex distinctione primorum obie
237 572 1092 639 ctoru. Nam penes obiecta adaequata proprie non possunt
223 616 1084 667 distingui potentiae, quarum vna est superior respectu alte
230 655 1079 712 rius, nisi attendendo ad inconuertentiam: nam obiectum
237 690 1081 749 potentiae inferioris, Vt plurimum clauditur infra ambiti
228 741 1079 792 adaequati obiecti potentiae superioris, & non econuerso
267 772 1081 832 Conclusio secunda est; quod intellectus coniunctus
237 816 1070 875 pro statu praesentis vitae non potest particulare intellige
234 860 1076 910 re primo, ita quod ipsum particulare sit primum obiecti
228 889 493 938 talis intellectus.
280 929 1077 990 Ad cuius euidentiam est aduertendum, quod species inte
240 964 1080 1019 ligibilis recepta in intellectu possibili virtute intellectus
233 1016 1074 1059 agentis est abstracta ab hic, & nunc, & a ceteris conditi¬
228 1048 1081 1099 mbus materialibus, & indiuiduantibus, & ideo immedia¬
237 1094 1074 1141 re repraesentat re: quidditatem, quae est ipsum uniuersa
239 1129 1082 1184 le Cum igitur illud primo obijciatur intellectui possibi¬
234 1168 1078 1218 li, quod primo repraesentatur a specie intelligibili, igitui
230 1212 1086 1272 primum obiectum intellectus possibilis non potest esse
227 1247 779 1300 res materialis, vt est particularis.
240 1293 1080 1350 2 Praeterea, quandocumque aliqua sic se habent, qud in ali
237 1328 1084 1376 quo genere cognitionis cognitio vnius praesupponit co¬
227 1374 1077 1423 gnitionem alterius, tunc in illo genere praesuppones non
244 1413 1082 1462 potest esse primo cognitum: sed pro statu praesentis uitae
232 1453 1082 1495 particulare, & vniuersale sic se habet in genere cognitio
232 1493 1077 1541 nis intellectiuae, quod cognitio particularis praesupponit
233 1524 1077 1580 cognitionem vniuersalis:ergo &c. Maior est nota: quia ni
234 1567 1076 1617 quam praesupponens est prius praesupposito. Minorem pro¬
237 1603 1083 1651 bo: quia cognito ipso uniuersali, intellectus immediate
234 1641 1088 1688 reflectit se super suam cognitionem, & intelligit se intel¬
237 1679 1086 1735 ligere, & quia naturale est intellectui, quod cognito effe¬
247 1721 1086 1778 ctu immediate cognoscit causam, maxime si sit causa pro
248 1770 1082 1808 portionata, & sit praesens intellectui:igitur cum huiusmo
234 1806 1089 1856 di intellectio sit causata a phantasmate, mediante specie
230 1843 1083 1886 intelligibili ab ipso phantasmate deriuata, quod quidem
251 1877 1081 1925 phantasma quamuis non sit in intellectu, tamen est pre¬
239 1920 1092 1975 sens intellectui: ideo intellectus cognoscit huiusmodi
246 1956 1079 2006 phantasma, & per consequens cognoscit tale particulare
247 1998 1092 2050 tuius perfe cta similitudo relucet in tali phantasmate: Vn
235 2040 1082 2084 de hic est rectus ordo cognitionis intellectiuae pro statu
240 2083 1087 2132 praesentis uitae, quod intellectus actu recto primo cogno¬
234 2121 1091 2162 scit ipsum vniuer sale, seu quidditatem rei materialis secu
239 2157 1092 2205 dum se, secundo actu reflexo cognoscit suum intelligere;
234 2189 1079 2246 & tertio actu recto cognoscit ipsum particulare, vt relu
246 2229 540 2282 cet in phantasmate.
282 2270 1092 2324 Forte dicetur, si ipsum phantasma est praesens intelle¬
243 2315 1084 2366 ctui possibili, tunc ad hoc, quod intellectus intelligat, ip¬
240 2354 1085 2398 se non indiget aliqua specie intelligibili, cuius oppositum
252 2394 1082 2439 am dixist. lstam consequentiam nego: quia quauis phar
243 2437 1080 2482 taima taliter sit praesens intellectui, quod nulla localis distam
245 2473 1082 2516 tia est inter intellectum, & phantasiam, in qua est ipsum
254 2511 1079 2559 phantasma: tamen quia phantafma non est in ipso intel¬
249 2546 1093 2592 lectu: ideo propter talem praesentiam ipsius phantasma¬
247 2588 1082 2633 tis intellectus non actiuatur, nec actualiter ad intelliger
252 2627 1092 2682 dum mouetur, donec virtute luminis intellectus agentis
246 2669 1091 2717 species intelligibilis a. phantasmate deriuata in intelle¬
245 2702 586 2756 ctu possibili recipiatur
282 2745 1085 2796 Sed contra istam conclusionem sunt multi, qui ponunt
252 2792 1096 2843 quoe primum cognitum ab intellectu possibili sit ipsum par
251 2825 818 2872 ticulare, & hoc probant multipliciter,
235 2855 1098 2913 21 Primo sic. Quandocumqu, aliqua potentia abstrahit vnum
243 2906 1100 2946 ab altero, tuc non cognoscit abstractu, nisi prius cognoscat.
246 2942 1094 2987 illud, a quo abstrahit ipsum: Sed intellectus abstrahit uni
255 2984 1088 3031 uersale ab ipsis particularibus: ergo intellectus non pot com
248 3022 1082 3072 gnoscere vniuersale, nisi pris cognoscat iprum particulare
249 3062 1092 3114 2 Praeterea, intelligentem necesse est phatasmata spe
246 3105 1097 3153 culari : ergo intellectus nihil potest intelligere prius, quam
227 3145 1097 3193 intelligat particulare. Antecedens patet. 1. 83. de anima
1137 316 1988 389 Consequentia etiam uidetur esse nota: quia nullus intel¬
1136 356 1992 438 lectus potest speculari phantasma, nisi intelligat particu¬
1136 395 1659 454 lare, quod relucet in phantasmate.
1146 447 1990 498 3 Praeterea, sicut ponit conmunis doctrina, intellectus
1133 485 1977 537 couertendo se ad phatasmata itelligit particulare. Sed itel
1134 515 1989 585 lectus nihil pot itelligere, nisi conuertat se ad phantasmata
1143 561 1988 621 propter hoc enim cecus non potest intelligere colores;
1144 601 1975 655 quia non habet apud se phantasma coloris, ad quod con¬
1143 642 1978 706 aertat se suus intellectus: ergo intellectus nihil potest in
1143 669 1827 735 telligere, nisi intelligat aliquod particulare.
1200 721 1980 778 Praeterea, illud, quod vere mouet aliquam potentiam,
1138 759 1980 818 hoc necesse est esse aliquod suppositum, & singulare: sed
1146 791 1986 849 rimum obiectum intellectus vere mouet intellectu: er¬
1143 825 1983 892 so primum obiectum intellectus est singulare, & non uniuer¬
1133 883 1978 935 ale Maior patet: quia. 1. meta. dicitur, quod actiones sunt fin
1135 910 1966 969 gularium. Minor etiam est nota: quia quaelibet potentis
1122 953 1973 1019 tam cognitiua, quam etiam appetitiua mouetur a suo pri¬
1130 990 1488 1040 mo, & proprio obiecto.
1204 1026 1973 1087 Praeterea, species singularis ducit immediate in co¬
1134 1068 1970 1124 gnitionem rei particularis: sed species, qua intellectus in¬
1128 1111 1968 1161 telligit, est haec & singularis: quia intellectus, in quo ess
1128 1139 1853 1197 huiusmodi species, est hic, & singularis: ergo &c
1200 1181 1969 1243 Praeterea, intellectus est hic, & nunc: ergo primum ob
1126 1213 1967 1287 iectu eius nec est abstractu ab hic, nec a nunc, & per conse
1131 1262 1962 1326 quens non est vniuersale, sed simpliciter singulare. Consequen
1122 1306 1967 1357 tia patet propter proportionem necessario requisitam in
1134 1345 1972 1403 ter potentiam, & obiectum. Antecedes probatur. Quod, no
1125 1374 1970 1440 intellectus sit hic, patet, quia est in hac aia, quae informat
1125 1415 1965 1483 hoc corpus. Est etiam nunc: quia necessario habet habitu
1127 1454 1976 1522 dinem teporis ratione corporis informati per essentiam
1125 1505 1830 1551 animae, quae est subiectum intellectus: ergo &c
1199 1534 1964 1600 Praeterea, cadem sunt principia essendi, & cognoscn
1126 1572 1973 1634 di; sed particulare est ipsi uniuersali principium essendi; er
1128 1622 1966 1670 go erit sibi principium cognoscendi, & per consequens prius
1132 1662 1848 1714 cognoscitur particulare, quam ipsum uniuersale
1149 1696 1979 1757 3 Praeterea, confirmatur, quia modus intelligendi se¬
1145 1739 1964 1796 uitur modum essendi. Sed particulare prius habet esse
1146 1779 1973 1833 uam uniuersale. Natura. n occulte agit circa uniuersalia
1130 1817 1965 1866 vt ait Auctor lib sex principiorum: quia uniuersalia nec
1143 1851 1967 1913 enerantur, nec corrumpuntur, nisi generatis, vel corrup¬
1129 1886 1619 1936 tis ipsis particularibus, igitur, &c
1176 1929 1594 1985 sta non concludunt. lgitur,
1174 1969 1973 2035 Ad primum dicedum, quod maior non est uera, suppo
1129 2000 1971 2074 sito, quod cognitio non praeueniat abstractionem, sed po¬
1143 2045 1979 2111 ius sequatur eam. Sic autem est in proposito. Nam ista
1135 2088 1976 2150 abstractio, qua species intelligibilis sequestratur a condi¬
1131 2125 1957 2189 tionibus indiuiduantibus, fit per intellectum agentem
1145 2171 1980 2222 ui, ut ait Commentator, facit uniuersalitatem in rebus,
1132 2208 1995 2263 & ideo huiusmodi abstractio non fit per cognitionem, quia
1128 2255 1977 2299 intellectus agens non cognoscit, sed uirtute sui luminis
1145 2291 1976 2346 peciem intelligibilem perlustrando, intellectum possibi
1140 2332 1976 2384 em, qui huiusmodi speciem recipit, ad cognoscendum di¬
1132 2363 1978 2416 sponit. Ex quo patet, quod talis abstractio praecedit ordi¬
1140 2411 1967 2460 ne naturae intellectualem cognitionem. Sicut enim non ob¬
1130 2437 1974 2500 stante, quod lac simul est album, & dulce, tamen si contingi¬
1141 2484 1979 2543 tur a corporali lumine, uirtute illius luminis recipitur in
1134 2519 1979 2579 aere species, quae repraesentat albedinem sine dulcedine:
1131 2557 1982 2622 sic non obstante, quod ipsum phantasma sit repraesentati
1127 2605 1974 2660 uum rei materialis cum conditionibus indiuiduantibus,
1143 2640 1974 2697 tamen ad praesentiam luminis intellectus agentis deriua
1140 2680 1970 2729 tur ab ipso phantasmate species spiritualis, & abstracta re
1150 2718 1979 2780 raesentans rei phantasiabilis quidditatem absquae condi
1136 2763 1973 2812 tionibus indiuiduantibus ipsi intellectui possibili, in quo
1134 2789 1439 2843 recipitur subiectiue.
1177 2831 1979 2897 Ad secundum dicendum, quod intelligentem necesse est pha¬
1131 2862 1971 2926 tasmata speculari, non tamen antecedenter, sed concomi
1147 2915 1983 2970 anter, vel consequenter, modo, quo dictum est in secuda
1134 2956 1683 2997 ratione adducta pro ista conclusione.
1170 2986 1973 3042 Esttmn hic notadum, quod quauis intellectus itelligat vniuer
1140 3026 1977 3086 ale, & intelligat se intelligere prius, quam itelligat particula
1143 3068 1973 3126 te, ut relucet in phantasmate, tamen quia in omni intelle¬
1134 3110 1973 3163 ctione rei materialis isti tres actus ita uelociter se conse¬
1142 3153 1984 3204 quuntur, quod tempus interpositum non est perceptibile. Et
