2408 3558
258 281 1121 343 angeli determinate possint cognosci, tamen propter ni¬
252 336 1128 388 mias suas poenas impediuntur a perfecto vsu illarum spe
252 371 1111 413 cierum: numquam enim fuit homo, qui ita perfectu ha¬
264 409 1122 466 beret habitum alicuius scientiae, si totus arderet in igne,
261 454 1122 513 quin impediretur a debito, & perfecto vsu illius scientiae:
252 489 561 543 sic in proposito &c.
265 526 1114 581 Posito tamen casu, quod animae damnatae perfecte vi
265 563 1111 614 derent pulchritudinem omnium angelorum, tunc ad¬
244 603 1115 650 huc dico, quod nullam ex hoc haberent beatitudinem
250 645 1099 690 Quia ad hoc, quod visio sit delectabilis, oportet, quo
247 690 1100 732 concurrat complacentia voluntatis. Si enim concurrit di
244 721 1112 778 spli centia, tunc non laetificat, sed contristat. Posito autem,
249 769 1100 814 quod animae damnatae viderent perfecte substantiam, qui
249 811 1113 856 pulchritudinem bonorum angelorum, nullam haberent
243 852 1119 906 in huiusmodi visione complacentiam, sed potius inuidem
249 882 732 941 tiam, & displicentiam, ergo &c.
288 922 1101 983 Maior patet. Minorem probo, quia sicut videmus, quod
249 970 1103 1024 peruersus homo tristatur de gloria, & perfectione eius
247 1009 1100 1063 quem mortaliter odit: sic quia damnati odiunt omne
251 1046 1103 1092 beatos: ideo ex eorum pulchritudine non laetantur, sec
245 1093 1104 1142 potius tristantur; immo valde tristantur. Tanta est enim
246 1127 1102 1171 inuidia damnatorum respectu beatorum, quod vellen
250 1167 1096 1221 omnes beatos secum esse damnatos, & sua pulchritudi
250 1209 1107 1273 ne esse priuatos, sicut & ipsi priuati sunt. De hoc etiam
240 1244 651 1300 patebit infra artic. quarto.
291 1277 1112 1341 Ad sextum dicendum, quod maior non est vera, nisi
255 1327 1110 1380 tateris existentibus paribus, quamuis enim aquila i po¬
249 1364 1100 1419 tentia visiua sit perfectior, quam vespertilio tamen si a¬
250 1405 1100 1461 quila poneretur in carcere tenebroso, & vespertilio ex.
244 1448 1102 1492 tra carcerem, tunc aliquid videret vespertilio, quod pro
249 1486 1100 1532 tunc aquila videre non posset Tunc ad minorem dico
252 1530 1111 1577 quod hic cetera non sunt paria, quia quamuis anima con
242 1572 1109 1618 iuncta corpori in hoc sit perfectior, quam separata, quia
250 1607 1109 1651 est sicut apta nata est esse: Nam secundum suam naturam
243 1645 1094 1695 est, apta nata ad hoc, quod informat corpus humanum
239 1680 1106 1731 tamen quamdiu illud corpus non est glorificatum, tunc
247 1724 1104 1774 est quasi carcer, & obscura captiuitas, seu custodia ani¬
247 1762 1100 1815 mae, De qua liberari desiderans ipse propheta, ait. Edut
237 1801 1103 1846 de custodia animam meam ad confitendum nomini tuo
239 1846 1103 1895 &c. lIdeo anima existens in isto carcere non cognoscit tam
234 1879 1109 1929 tum de spiritualibus, & aeternis substantiis, quantum con
243 1923 1110 1977 gnoscit, dum fuerit ab huiusmodi carcere separata: quia
231 1960 1110 2013 sicut se habet oculus vespertilionis ad lucem Solis, sic se
238 2001 1089 2043 habet animae nostrae intellectus ad ea, quae sunt manise
240 2038 1091 2084 stissima in natura, vt ait philosophus. 2. meta. Quod vti
243 2081 1097 2130 que verum est loquendo de naturali cognitione conus
229 2121 1095 2168 niente ipsi animae pro statu presentis vitae, quo clausa te¬
234 2163 643 2211 netur in iam dicto carcere
263 2178 1098 2245 Conclusio tertia est, quod separata anima habet not
234 2239 1091 2297 tiam omnium naturaliter cognoscibilium, nisi per acci
233 2282 508 2338 dens impediatur.
250 2320 1096 2372 1 Quia intellectus, qui sua notitia attingit maius, &
241 2365 1097 2403 excellentius intelligibile, etiam potest attingere ea, quae
233 2399 1100 2454 sunt minus excellentia. Sed inter omnia intelligibilia
233 2440 1094 2491 creata substantiae separatae tenent summum, excellentis.
237 2481 1100 2534 simum gradum. Cum igitur huiusmodi substantias aia se
233 2531 1091 2573 parata attingat sua notitia, vt patuit in conclusione pra
240 2558 1092 2614 cedentifergo etiam potest cognoscere omnia naturali¬
234 2601 1093 2651 ter cognoscibilia, quae sunt multo minus excellentia, quam
244 2635 1093 2685 substantiae separatae. Dixi autem notanter, nisi per acci¬
228 2678 1084 2726 dens impediatur. Nam supposito, quod ab eisdem idei
239 2714 1089 2772 diuinis, a quibus res producuntur in esse reali, influan¬
234 2768 1086 2810 tur rerum productarum similitudines in intellectu cuium
226 2796 1082 2843 libet animae separatae, quibus ipsae res sint aptae natae com¬
237 2838 1092 2894 gnosci, tamen a debito vsu huiusmodi specierum ratio
230 2880 1084 2934 ne copule, & poenae potest anima separata quampluri¬
235 2920 468 2972 mum impediri
273 2927 1087 3015 Etiam posito, sicut dicit quaedam opinio, quod anima
230 3000 1081 3046 separata possit a rebus naturalibus, uirtute luminis in¬
230 3044 1082 3087 tellectus agentis species intelligibiles abstrahere, quibus
228 3075 1088 3124 mediantibus perfecte huiusmodi res cognoscere valeat,
241 3126 1082 3168 tunc praeter impedimenta praedicta posset anima separa
237 3151 1078 3217 ta a cognitione huiusmodi rerum impediri propter ni
1168 288 2016 347 miam distantiam ab ipsis naturalibus rebus, quia non
1174 347 2015 390 posset recipere earum species, seu similitudines, nisi sup¬
1162 381 2020 444 posita huiusmodi rerum praesentia secundum distantiam
1168 417 1423 470 proportionatam.
1188 454 2022 520 Sed contra istam conclusionem ex dictis quorundam
1149 493 1569 551 doctorum potest argui sic¬
1163 532 2006 589 1 Omnis cognitio fit per assimilationem: sed anim;
1148 582 2010 634 separata non alsimilatur rebus naturalibus: ergo non con
1154 620 2020 664 gnoscit eas. Minor patet. 1. de anima. Etiam minor patet:
1157 661 2009 712 quia anima separata est omnino immaterialis: nam ani
1146 699 2015 751 ma separata, nec i se est materialis, nec est coniuncta mate
1145 741 2007 791 riae: res autem naturales sunt simpliciter materiales: er-
1145 778 2014 825 go quamuis inter animam materiae coniunctam, & res
1154 815 2015 864 naturales possit attendi aliqua similitudo, tamen in¬
1145 856 2004 920 ter animam separatam, & res naturales non videtur es¬
1146 892 1356 948 se similitudo
1169 919 2000 985 2 Preterea, daemones non cognoscunt omnia natur;i
1156 985 2012 1019 ia, ergo nec animae separate. Consequentia patet, quia
1152 1017 2013 1062 demones sunt naturali ingenio acutiores, & subtiliores,
1152 1057 2006 1101 quam animae separatae, nam naturalia daemonum mansi
1151 1100 2012 1142 runt integra, & clara, vt patet per Dio, de di. non. Antece¬
1146 1132 2009 1182 dens probatur, quia ille non cognoscit omnia naturalia,
1149 1178 2016 1227 qui in cognoscendo proficit per experientiam longi te¬
1146 1219 2015 1264 poris: sed daemones proficiunt in cognoscendo per expe
1155 1254 2013 1304 cientiam longi temporis, vt ait. P. Aug. & istud etiam po
1159 1299 2013 1345 it lsid de summo bono lib. 1 vbi ait, Praeuaricatores
1153 1331 2012 1383 angeli sanctitate amissa non amiserunt viuacitatem sen
1141 1370 2018 1420 suum angelicae creaturae: sed triplici modo prescientiae vi
1149 1415 2006 1459 gent, scilicet subtilitate naturae, experientia temporum;
1156 1451 2006 1513 & reuelatione summarum potestatum, idest bonorum
1147 1490 1338 1542 angelorum.
1152 1528 2012 1585 3 Praeterea, animae separatae non cognoscunt omnia
1143 1566 2000 1623 indiuidua rerum naturalium, ergo non cognoscunt on
1153 1610 2014 1654 nia naturalia Consequentia patet, quia naturalis rerum
1144 1650 2018 1697 entitas maxime consistit in indiuiduis, seu primis substam
1152 1688 2012 1735 tiis, de quibus dicitur in predicamentis, quod primo, &
1149 1731 2015 1783 principaliter, & maxime subsistent Et ibidem dicitur, quod
1144 1766 2013 1816 destructis primis substantiis impossibile est aliquid alio
1147 1803 2013 1850 rum remanere. Patet etiam antecedens, quia indiuidua
1140 1846 2008 1893 sunt infinita, propter quod descendentem a generalissi¬
1143 1882 2015 1946 mis ad specialissima iubet Plato quiescere: sicut ait Por
1146 1924 1409 1979 phirius, ideo &c.
1152 1961 2006 2024 4 Preterea, contra istam conclusionem videntur esse
1140 2009 2001 2050 ea, quae superius dista 5: arti a ex motiuis erroneae opinio
1155 2044 2007 2094 nis adduxi ad probandum, quod animae sanctorum non
1136 2094 1826 2129 intelligant preces, quibus ipsos inuocamus
1161 2120 2003 2175 Preterea, contra primum modum de influentia spe¬
1146 2166 1998 2216 cierum ab ideis diuinis potest argui sic. Quandocumqu
1143 2204 2004 2255 aliquid reducitur in actum per agens extrinsecum, quod
1142 2246 2007 2298 non est sui generis, tunc talis reductio non est naturalis
1144 2281 2004 2334 Sed idea, existens in mente diuina, est agens extrinsecu
1142 2324 2006 2364 respectu intellectus animae separate: ergo si per talem ideam
1141 2366 2012 2408 anima reducitur ad actum cognoscendi, tunc talis cogni
1140 2406 1997 2459 tio non erit naturalis, & per consequens non erit ad pro
1159 2433 2004 2489 ositum: quia vt predictum est, hic loquimur de cogni¬
1139 2478 2003 2525 tione naturali ipsius animae separate. Minor est nota. Pro
1133 2519 2003 2564 b atur maior: quia sicut sanitas, quae confertur a Deo, im
1143 2561 1994 2613 mediate, & non a principus intrinsecis nature, non dici
1135 2596 1995 2650 tur sanitas naturalis, sed potius miraculosa, & superna¬
1139 2641 2002 2687 turalis, vt apparuit in sanitate Exechi regis luda, & in
1138 2679 1995 2741 multis sanitatibus collatis a Christo, & a suis discipulis
1127 2716 1748 2764 in nouo testamento, sic in proposito &c
1151 2736 2001 2813 3 Preterea, talis modus recipiendi species int elligibi
1133 2797 1995 2842 les conuenit intelligentus: ergo non conuenit animab.
1132 2838 1998 2882 separatis Antecedens patet ex dictis lib secundo distin¬
1130 2879 1996 2931 3 artic. 2. Consequentia probatur, quia pura potentia in
1130 2923 1996 2971 genere intelligibilium alium modum videtur habere in
1125 2960 1984 3010 recipiendo species intelligibiles, quam illud, quod esi
1134 2996 1994 3051 actus in huiusmodi genere. Sed intellectus noster est pu¬
1136 3046 1988 3084 ra potentia in genere intelligibilium, vt patet per com¬
1133 3073 1984 3123 men. 35. de anima, & quelibet intelligentia est actus in hu
1127 3118 1792 3166 iusmodi genere, vt patet i2. meta. ergo. &c.
1145 3145 1975 3219 3 Preterea, anima separata retinet species rerum na¬
