2388 3536
214 257 1052 314 antecedentis: Sed antecedes probatur sic. Nullus potes
217 313 1062 358 videre sine lumine: sed existentes in inferno carent lum;
221 350 1054 395 ne, quod patet auctoritate Saluatoris in Matt vbi de danato
227 387 1070 430 it, Ligatis manibus; & pedibus, proiicite eum in tenebras
226 429 1061 479 exteriores, ibi erit fletus, & stridor dentium. Quod verbu
231 469 1061 517 pertractans magister hic in littera ait, quod per tenebras
224 509 1063 556 exteriores exclusio omnimoda a luce significatur. Istud
231 549 1057 595 etiam patet auctoritate Dasilij, qui super illud psalm vo¬
218 587 1073 637 domini intercedentis flammam ignis, sic ait, Dominus di
226 623 1059 673 uidet ardorem a splendore, & splendor cedet in locum sal¬
229 671 907 719 uandorum; ardor vero in locum damnatorum.
245 699 1060 752 2 Praeterea, beati non videt poenam damnatorum: er-
221 739 1073 798 go nec damnati vident gloriam beatorum. Consequentia
223 780 1067 831 patet: quia tanta est distantia a loco damnatorum ad locum
231 821 1058 872 beatorum, quanta est econuerso: quia idem est spatium asci
229 856 1070 904 dentium, & descendentium, sicut eadem est via, qua itur
225 896 1065 948 a Thebis in Athenas, & ab Athenis in Thebas, vt dicitur
221 940 1072 987 3. physicorum. Probatur antecedens: quia si beati viderent
224 975 1071 1035 huiusmodi penas, tunc aliqui beati viderent parentes suos
222 1014 1065 1068 in illis poenis. Vel igitur vellent parentes suos pati illas pe
225 1061 1076 1104 nas, vel nollent eos pati huiusmodi ponas. Si datur pri¬
229 1104 1063 1141 mum, tunc beati essent valde crudeles, nec etiam seruarent
223 1134 1064 1179 mandatum Dei, quo precipitur, vt parentes honorentur, qo
228 1173 1072 1217 ipsis subueniatur. Si datur secundum, tunc beati non essent
229 1208 1071 1255 beati, quod est contradictio. Secundum enim Aug. solum
221 1253 1076 1298 ille beatus est, qui habet quicquid vult: sed isto casu posi¬
229 1285 911 1341 to, tunc beati non haberent quicquid uellent
245 1332 1066 1383 3 Praeterea, quicumque videt gloriam sanctorum, neces
233 1367 1075 1418 se est, at videat diuinam essentiam: sed nullus damnatorum
227 1408 1080 1457 videt diuinam essentiam: ergo &c. Maior patet: quia diui¬
234 1444 1076 1492 na essentia est obiectum gloriae beatorum: Sed qui uidet
230 1485 1069 1533 aliquem actum, necesse est ut videat obiectum, quod ter¬
238 1523 1073 1577 minat talem actu. Patet etiam minor: quia secundum Aug¬
237 1561 1067 1620 1. de tri. Humanae mentis acies inualida in tam excellen¬
235 1601 1076 1655 ti luce figi non valet, nisi per iustitiam fidei nutrita vege
231 1642 1072 1689 tetur: Sed damnatus, vel non est nutritus, vel saltem non
234 1679 802 1740 est vegetatus in iustitia fidei: ergo &c
245 1723 1072 1769 4 Praeterea, quod pro magna, & specialissima gratia quan
228 1757 1073 1809 doqe conceditur aliquibus excellentissimis sanctis in hoc
233 1802 1078 1849 mundo, hoc non videtur esse concessum damnatis in infer
234 1842 1078 1885 no. Sed uidere gloriam beatorum concessum fuit aliquibus
237 1876 1073 1922 sanctis pro gratia valde speciali, sicut apparuit de Aposto
240 1914 1069 1961 lo Paulo, quod raptus usque ad tertium coelum uidit archana Dei
246 1953 1073 2011 quae non licet homini loqui, vt patet. 2. ad Cor. ergo &c.
318 1997 1072 2043 Praeterea, animae damnatae non uident ea, quae fiunt
231 2030 1071 2083 In hoc mundo; ergo non uident gloriam sanctorum exi¬
231 2070 1077 2123 stentium in coelo. Antecedens patet auctoritatibus Aug¬
240 2120 1075 2163 & Oreg. adductis superius circa finem. 3 art. istius questio
231 2148 1073 2200 nis consequentia probatur: quia negotia huius mudi quam
230 2188 1069 2239 si mediant inter infernum, & coelum, & per consequens
239 2225 1073 2288 magis sunt uisibilia ab his, qui sunt in inferno, tamquam
246 2269 1070 2317 minus ab ipsis distantia: plus enim distat extremum ab ex
240 2305 1082 2355 tremo, quam a medio: minus autem distantia a uidente
242 2346 770 2394 sunt ceteris paribus magis uisibilia,
246 2374 1073 2432 te Praeterea, homines in hoc mundo uiuentes non ui
238 2421 1072 2477 dent gloriam beatorum: ergo nec damnati degentes in in
243 2466 1081 2510 ferno. Consequentia patet: quia minor est conformitas in
243 2503 1091 2561 ter damnatos, & beatos, quam inter uiatores, & beatos, seu
246 2538 1079 2593 comprehensores. Etiam est maior localis distantia inter
250 2581 1086 2633 existentes in inferno, & in coelo; quam inter uiuentes
246 2618 1087 2677 in hoc mundo, & in coelo. Antecedens non oportet
255 2662 1093 2704 probare: quia ucritatem eius quilibet nostrum experitur
238 2702 1087 2755 in seipso. Rationes istae sunt satis apparentes: nihilomi¬
241 2737 1087 2790 nus tamen in talibus, quae humanam rationem excedunt,
245 2775 1092 2825 magis credendum est dictis sanctorum, quam appatentijs
248 2812 1067 2873 rationum: ideo prout potero istis obiectis respondebo.
264 2855 1087 2901 Ad primum igitur dicedum, quod antecedens non est ve¬
249 2892 1084 2941 rum: quia sicut patet in Luc: diues in inferno sepultus ele
252 2930 1096 2982 uatis oculis suis uidit Caxarum in sinu Abrahae. Et Sap. di
246 2971 1083 3024 cit de damnatis, videntes turbabuntur timore horribili
246 3015 1084 3062 Ad probationem dicedum, quod quamuis in inferno sit aliquid
240 3059 1093 3101 de lumine, tamen quia huiuimodi sumen est infernali sumo
240 3084 1087 3140 horribiliter obfuicatum intantum, quod eius uisio nullam ui¬
1104 274 1945 321 dentibus praebet consolationem, sed potius ingerit terro
1114 312 1949 361 em, & desolationem: ideo auctoritates hic adductae huius¬
1101 352 1946 393 modi lumen appellant tenebras: quia ut supra dictum est
1106 394 1948 443 que modicum distat, pro nihilo reputat intellectus. Quod
1116 436 1952 476 iunt in inserno sit lumen cedens ad damuatorum desolatio
1110 477 1951 522 nem, patet de auctoritate Ore, qui in libus moralium loquens
1107 504 1961 555 de igne inferni, sic ait. Quauis ignis iste ad consolationem
1119 546 1960 592 tis, sidamnatis, non luceat: tamen, ut magis torqueat, ad
1113 586 1958 633 aliquid lucet. Nam sequaces suos, quos secum reprobi de
1116 622 1862 667 mundo traxerunt, siamma illustrante uisuri sunt.
1150 663 1955 711 Ad secundum, nego antecedens. Ad probationem dicen
1116 700 1949 749 dum, quod si aliquorum beatorum parentes sunt damnati, tunc
1119 740 1939 787 tales beati uolunt poenas parentum suorum, non tamet
1107 776 1959 834 absolute, sed hoc uolunt inquantum cognoscunt ipsum
1107 825 1948 865 deum hoc uelle: est enim uoluntas cuiuslibet beati tanta
1119 859 1955 908 iniformitate coniuncta uoluntati diuinae, quod non pot non
1122 893 1971 940 selle illud, quod cognoscit deum uelle. Nec etiam isto modo
1119 933 1953 979 selle poenam carnalis parentis est nota crudelitatis, sed po¬
1112 969 1961 1021 tius est signum summae perfectionis, & bonitatis: Sicut. n¬
1113 1026 1957 1068 unaquaeque res est tanto peior, & imperfectior, quanto ma
1115 1061 1958 1106 gis deuiat a sua prima, & perfectissima, ac rectissima regua
1117 1099 1957 1146 a: sic unaquaeque res tanto melior est & perfectior, quanto
1113 1136 1949 1175 huiusmodi regulae intimius conformatur: Cum igitur uo
1119 1169 1954 1221 untas diuina sit quedam perfectissima, & rectissima regu
1122 1210 1951 1259 a uoluntatis humanae: ideo uoluntas humana tunc est
1105 1254 1949 1304 summe perfecta, quando non potest uelle oppositum il¬
1113 1286 1625 1334 lius, quod cognoscit Deum uelle
1141 1317 1955 1382 Ad tertium dicendum, quod maior non est uera. Ad pro¬
1122 1367 1955 1414 pationem dicendum, quod quamuis ille, qui uidet perfe¬
1125 1397 1960 1453 te, & intuitiue aliquem actum, uideat terminum ad que
1114 1441 1956 1489 huiusmodi actus terminatur, tamen hoc est necesse, si hu¬
1119 1489 1952 1533 iusmodi actum uideat imperfecte, & per quaedam extrin¬
1120 1521 1960 1571 eca signa. Sic autem est in proposito: quia damnati non
1116 1561 1957 1608 uident gloriam sanctorum perfecte, & intuitiue: sed solum
1128 1597 1956 1642 er quaedam siona extrinseca, quae circa huiusmodi glo¬
1115 1632 1429 1691 riam ipsis reuelantur
1162 1678 1964 1728 Ad quartum dicendum ad minorem, quod eo modo, quo
1116 1716 1956 1769 gloria beatorum reuelatur de speciali gratia aliquibus san¬
1120 1754 1958 1801 ctis, sic nonuident eam damnati: quia sanctis reuelata est
1114 1794 1955 1841 huiusmodi gloria taliter, quod ipsam uiderunt intuitiue, &
1121 1828 1968 1885 perfecte, sicut apparuit in Apostolo Paulo. Etiam dato, quod
1110 1881 1961 1925 aliquibus sanctis reueletur sub aliquibus signis abstracti¬
1127 1911 1967 1965 uis, tamen hoc fit pro talium sanctorum consolatione. Sed
1117 1948 1962 2000 reuelatio, quae fit damnatis, non fit pro eorum consolatio¬
1116 1993 1957 2038 ne, sed potius pro eorum magna desolatione: quia
1117 2038 1962 2076 multum affliguntur ex hoc, quod ipsi suis demeritis per¬
1125 2071 1958 2121 diderunt tantum bonum, quod sanctos cognoscunt per¬
1128 2109 1379 2161 petue possidere.
1157 2143 1954 2196 Ad quintum potest negari antecedens: quia quamuis
1123 2185 1963 2237 damnati non cognoscant clare, & euidenter ea, quae fiunt
1126 2224 1964 2271 in hoc mundo, multa tamen de his cognoscunt per con¬
1116 2260 1970 2312 iecturam: llle enim diues in inferno existens cognouit se
1122 2307 1966 2348 adhuc habere quinque fratres in hoc mundo. Auctoritates
1125 2339 1961 2391 aut sanctorum, quibus probatur illud antecedens, sunt in
1129 2376 1973 2427 telligendae de clara, & euidenti notitia: talis enim noti¬
1127 2418 1963 2463 tia est delectabilis ipsi cognoscenti; ideo a danatis exclu¬
1134 2464 1967 2509 ditur, quibus non conceditur aliqua delectatio Tamen an
1139 2493 1967 2541 ecedente concesso, adhuc potest negari consequentia.
1164 2541 1972 2586 Ad probationem dicendum, quod quauis uisibile aeque cla
1126 2576 1972 2622 re mouens uisum non magis moueat ab extremo, quam a
1127 2613 1973 2665 medio: tamen tantae claritatis posset esse in extremo, quod ma¬
1133 2659 1973 2708 gis moueret potentiam uisiuam, quam aliud remissae clari¬
1134 2694 1964 2740 tatis existens in medio: Nam sol existens in oriente, imedia¬
1129 2729 1968 2778 te propter suam eminentem claritate mouet uisum hois exi¬
1128 2778 1972 2817 stentis in occidente; & tamen multa uisibilia sunt in me¬
1132 2806 1967 2856 dio inter oriens, & occidens, quae non mouent uisum talis
1131 2846 1976 2895 hominis. Etiam dato, quod illa probatio bene procedat
1134 2886 1978 2935 de cognitione simpliciter naturali, tamen nihil conclu¬
1142 2932 1982 2969 lit de cognitione supernaturali, quae fit per reuelationem,
1134 2969 1970 3014 Potest. n. Deus, uel etiam Angelus reuelare ea, quae fiunt
1131 3004 1971 3055 in uno extremo, homini existenti in altero extremo, prae
1143 3045 1976 3092 ter hoc, quod reuelet ea, quae fiunt in medio. Cum igi¬
1146 3081 1984 3137 tur notitia, quam habent damnati de gloria beatorum,
