2427 3580
398 287 1252 363 turalium, quas habuit, quando erat coniuncta: ergo non
390 349 1247 399 quaelibet anima separata habet species sibi impressas: im
395 395 1247 442 mediate ab idaeis diuinis. Antecedens probatur, quia se¬
396 433 1247 484 cundum Doetium i de consolatione, receptum est in re
387 471 1240 523 cipiente per modum recipientis, sed intellectus anima
396 512 1250 560 coniunctae recipit species intelligibiles, vt patet 3 de ani
388 550 1235 604 ma, vbi dicitur, quod anima est locus specierum non to
393 590 1241 640 ta, sed intellectus, & iste intellectus est incorruptibilis, u
389 629 1257 686 patet ibidem, ergo huiusmodi species sunt in intellectu
389 672 1253 718 modo incorruptibili & per consequens manent in ani¬
384 710 1254 756 ma separata. lstud etiam patet auctoritate Hier7. in pro
389 751 1240 802 logo bibliae, vbi ait. Discamus in terris, quorum cobis scie
381 787 1249 839 tia remanebit in coelis, Patet etiam consemnentia, quia
388 828 1256 871 si datur oppositum, tunc plura accidenti; solo numero
391 868 1244 917 differentia essent simul in eodem iadiuisibili subiecto,
390 911 1235 964 puta species lapidis hic acquisita, & species lapidis:
384 948 1250 994 idaea lapidis impressa, & sic consimiliter de specieb. Ta¬
387 987 611 1041 liarum rerum
396 1014 1244 1067 3 Praeterea, contra secundum modum de receptio¬
382 1069 1235 1119 ne specierum ab ipsis rebus naturalibus opinio opposi
383 1106 1251 1152 ta arguit sic. Semper inter recipiens, & receptum debet
393 1144 1256 1185 esse conuenientia: sed intellectus non habet conuenien
391 1185 1250 1240 tiam cum rebus extra existentibus: ergo nihil recipit im
389 1227 1251 1276 mediate a talibus rebus. Maior patet. Minor declaratur,
390 1267 1247 1317 quia quamuis medium conueniat cum vtroque extre¬
389 1307 1238 1354 mo, tamen extremum non conuenit cum extremo. Ser
391 1341 1245 1389 sensus est quasi quoddam medium inter rem sensibilem
380 1381 1253 1425 & intellectum. lsta patet, quia species in re sensibili sunt
395 1418 1247 1465 cum materia, & cum materialibus conditionibus. In in¬
380 1461 1243 1503 tellectu vero sunt absque materia, & absque condition
391 1502 1257 1543 bus materiae, puta sunt abstractae ab hic, & nunc in sensu
395 1538 1246 1591 vero sunt medio modo, quia sensus est receptiuus specis
390 1583 1244 1622 rum sine materia, vt dicitur 2. de anima, & tamen reci¬
384 1620 1247 1676 pit eas cum conditionibus materialibus: quia sensus, nec
391 1656 1247 1704 abstrahit ab hic, nec a nunc Per primum istorum sensus
382 1700 1257 1746 conuenit cum intellectu, per secundum vero conuenit
391 1741 1241 1780 cum ipsa re sensibili: ideo ratione istius conuenientiae sei
384 1769 1240 1817 sus potest immediate speciem recipere a re sensibili, qu
384 1815 1256 1859 intellectus ab ipso sensu, quamuis intellectus non possit
384 1857 1247 1905 ammediate recipere ab ipsare sensibili: eo, quod de ex.
384 1894 1252 1950 tremo ad extremum non possit esse trasitus nisi per me
387 1940 1244 1988 dium Cum igitur anima separata careat sensibus, sequ
384 1982 1243 2028 tur, quod eius intellectus nihil possit recipere a rebus
389 2013 569 2061 sensibilibus
423 2042 1240 2100 Sed ista non concludunt. lgitur ad primum dicendum
390 2092 1238 2148 quod anima dupliciter potest considerari. Vno modo si
384 2143 1238 2183 cundum se; Alio modo vt est informata intelligibili spe¬
381 2176 1244 2219 cie Primo modo, minor est vera, quia sola essentia diui¬
381 2217 1242 2266 na est similis omnibus rebus, eo que ipsa sola sit exeplai
384 2255 1236 2308 expressissimum omnium creaturarum. Propter quod si
391 2293 1238 2334 lus Deus per essentiam suam immediate nullo alio requi¬
374 2335 1245 2382 sito cognoscit omnes creaturas Sed secundo modo mi-
384 2372 1250 2421 nor est falsa quia dum intellectus est informatus specie¬
383 2412 1247 2452 bus & similitudinibus rerum naturalium, tunc est similis
384 2451 1237 2495 rebus naturalibus, non obstante, quod intellectus sit im
385 2491 1152 2533 materialis, & res naturalis sit materialis. ideo &c
414 2526 1238 2578 Ad secundum nego antecedens Nam daemones ha¬
385 2564 1232 2610 bent omnium naturalium saltem notitiam habitualem
382 2610 1244 2658 quamuis ab actuali consideratione qu ndoque impedia
389 2649 1233 2690 tur ratione suae intensissimae poene Ad probationem at
383 2688 1234 2730 ductam ex auctoritate Augu. dicendum, quod secundi
384 2725 1241 2781 P. Aug. daemones res exteriores tripliciter cognoscere so
378 2763 1231 2820 sent, secundum quod istae tres tripliciter se habent Ne
385 2807 1228 2865 quaedam sunt secreta Dei mysteria, sicut illa, quae spectam
384 2846 1238 2892 ad Christum, & ecclesiam, & ista quandoque cognoscunt
384 2885 1237 2931 daemones per bonorum angelorum denuntiationem,
375 2922 1232 2971 quibus talia Deus reuclauit vlterius reuelanda. Alia Sunt
369 2968 1236 3015 entia naturaliter scibilia, & haec secundum Aug. daemo¬
380 3001 1238 3048 nes cognoscunt acumine sui naturalis ingenii. Aliqua Ve
378 3040 1236 3095 ro sunt futura contingentia, & quantum ad haec quado¬
379 3083 1234 3131 que daemones aliqualiter proficiunt longi temporis ex¬
376 3125 1226 3169 perientia, coniecturando, similia ex similibus. Et ad hus
374 3166 1239 3225 sensum etiam videntur ire verba lsid, quia non dicit sim
1295 291 1799 364 pliciter scientiae, sed praescientiae.
1329 349 2156 390 Ad tertium dicendum, quod antecedens non esi ve¬
1300 387 2148 437 rum, supposito, quod anima separata non impediatur p
1289 426 2159 468 accidens, puta propter eius poenam, vel propter nimiam
1289 465 2154 513 indiuiduorum distantiam ab ipsa anima: vel etiam quan
1304 506 2156 550 do actu considerat de vno, tunc per accidens potest im¬
1305 540 2154 598 pediri, ne consideret de altero. Ad probationem dicen
1286 597 2157 632 dum, quod quamuis indiuidua sint potentia infinita, ta¬
1290 628 2153 675 men actu numquam erunt infinita: ideo possunt cogno¬
1288 663 2150 716 sci a finito intellectu, etiam Plato iubet quiescere in spo
1302 706 2157 752 ci alissimis, non pro tanto, quod intellectus non possit
1288 751 2156 791 cognoscere indiuidua, sed pro tanto, quia de indiuiduis
1293 788 2162 841 no: potest esse scientia: eo, quod sint incorruptibilia, &
1290 826 1418 880 iacerta
1328 854 2071 914 Ad quartum patet per ea, quae dicta sunt di. 45.
1342 903 2156 956 Ad quintum dicendum, quod concessa maiori, & mi
1302 937 2156 991 nori, non plus habetur nisi, quod actiuatio intellectus, qua
1295 984 2149 1026 actiuatur per species influxas ab idaeis diuinis, non sit ni
1295 1023 2150 1067 turalis, sed possit dici supernaturalis. Ex hoc tamen non
1296 1063 2152 1106 sequitur conclusio, quae infertur scilicet, quod cognitio
1305 1104 2161 1148 secundum tales species supernaturaliter impressas non
1301 1145 2163 1188 sit naturalis. Nam sicut si aliquis cecus a Deo recipiat vi
1302 1184 2156 1234 sum, quamuis tale donum sit supernaturale, tamen poss
1302 1223 2159 1277 quam recepit visum, tunc non mi nus naturaliter videt,
1305 1271 2162 1316 quam ille, qui natus est videns. Sic dato, quod infusio spe
1299 1299 2153 1351 cierum ab ideis dicatur supernaturalis, tamen cognitio
1301 1345 2156 1390 secundum illas species, quae repraesentant res naturales;
1301 1384 2160 1427 non minus est intellectui naturalis, quam si intellectus
1299 1421 2130 1471 cognosceret per species abstractas a reb naturalibus.
1344 1462 2166 1507 Ad sextum, nego consequentiam. Ad probationem
1295 1500 2162 1547 dicendum, quod substantia intellectualis, quae dicitur pu
1298 1546 2159 1590 ra potentia in genere intelligibilium potest dupliciter
1301 1585 2171 1625 considerari, vno modo, vt est actualiter coniuncta cor¬
1313 1619 2168 1668 pori pro statu praesentis vitae, & sic habet alium modum
1300 1661 2159 1713 recipiendi species intelligib iles quam intelligentia: quia
1300 1701 2166 1746 vt sic, suas species abstrahit a phantasmate tamen put
1298 1741 2158 1788 est separata a corpore, quia, vt sic aliquo modo habet mo¬
1293 1779 2160 1826 dum essendi intelligentiae: ideo congruum esse videtur,
1298 1818 2156 1876 vt etiam aliquo modo habeat modum recipiendi ipsius
1298 1860 1502 1910 intelligentiae
1329 1898 2159 1945 Ad septimum nego consequentiam. Ad probatio¬
1300 1938 2158 1981 nem, iterum nego consequentiam, quia nulla anima ab
1293 1978 2162 2028 hac vita ita pertecta decedit, quod habeat in se species
1296 2020 2152 2065 omnium naturalium. Multae enim sunt mirabiles, & stu
1305 2058 2156 2098 pendae creaturae in mari, & in abyssis, ac in regionibs de¬
1293 2099 2156 2147 sertis, quas raro, vel numquam vidit aliquis homo, qua¬
1287 2138 2157 2187 rum species potest recipere anima, postquam ab hac vi¬
1295 2181 2146 2221 ta decessit, dato, quod tunc non recipiat de nouo illarum
1285 2214 1923 2261 rerum species, quas in hac vita cognouit.
1334 2257 2148 2309 Ad octauum dicendum, quod concessis ambabus pre
1298 2300 2156 2353 missis, non plus habetur si debite concluditur, nisi quod
1280 2333 2152 2381 intellectus non recipiat immediate ipsas res extra existen
1299 2374 2159 2428 tes, quo concesso non sequitur conclusio qua infertur, si
1296 2419 2147 2467 quod intellectus nihil recipiat immediate a rebus extra
1284 2458 2147 2502 existentibus. Et quando additur in probatione, quod de
1286 2497 2157 2543 extremo ad extremum non fit transitus nisi per medium,
1292 2538 2151 2587 dicerent forte illi de opposita opinione quod istud non
1292 2578 2146 2625 est verum sublato medio, quod fuit inter huiusmodi ex
1287 2613 2140 2659 trema. Sed quamuis in hac vita sensus mediet inter res
1287 2655 2140 2702 sensibiles, & intellectum existentem in anima coniucta
1283 2698 2139 2739 corpori, tamen in hora mortis aufertur istud medium
1280 2736 2140 2782 quando sensus corrumpitur, & anima a corpore separa¬
1284 2784 2151 2825 tur. Et ideo nisi aliud dicatur, ex his motiuis non conuin
1284 2817 2147 2866 citur, quin intellectus possibilis separatus in virtute in¬
1319 2859 2109 2904 tellectus agentis sibi coniuncti possit immediate re
1386 2896 2048 2943 cipere speciem intelligibilem a re sensibili¬
1421 2934 2027 2992 Dico autem notanter nisi aliud dica¬
1482 2972 1940 3024 tur, quia utrum ille modus
1524 3008 1898 3068 ponendi sit rationabilis
1559 3049 1849 3107 vel non, ad prae¬
1598 3087 1812 3141 sens discutere
1629 3129 1767 3179 non inten
1678 3169 1740 3233 do.
