2395 3519
430 262 1271 335 Sorte, implicat humanum suppositum: eo quod humans
438 326 1284 382 natura in Christo non habeat aliud suppositum, quam
419 365 710 422 suppositum verbi.
468 398 1274 453 Ad septimum dicendum, quod Christus dicitur natus
435 440 1277 484 temporaliter cum determinatione naturae humanae, vel
438 485 831 548 expressa, vel subintellecta.
564 552 1172 644 ARTICVLVS IR
426 680 1270 727 vtrum haec proposito sit concedenda, christus, secun¬
624 715 1096 790 dum quod homo, est treatura.
431 786 1279 880 SVID AVTEM tenendum sit de quarto articulo,
544 857 1277 918 & responsio ad argumenta questionis patet per
426 892 579 963 sam dicta.
576 982 1135 1040 DISTINCTIO SR
426 1061 1276 1152 Facilis huius distinctionis diuisio, in qua inquiritur,
514 1128 1178 1190 An homo ille semper fuerit, vel quando¬
722 1178 992 1249 que caoeperit esse
663 1256 1274 1316 OST PREDICTA &c. Haec est distin
691 1308 1271 1351 ctio 12. in qua Magister inquirit, vtrum
683 1348 1268 1395 homo Christus habuit esse inceptum
684 1386 1286 1432 vel inchoatum. Et diuiditur in duas par¬
685 1426 1268 1470 tes: quia primo quaerit de iam dicto de¬
678 1462 1277 1510 fectu mensurae, qui vniuersaliter compe¬
437 1499 1277 1555 tit omni creaturae. Secundo de quibusdam particularibus
430 1540 1279 1594 defectibus hominibus competentibus distincte ex parte
440 1578 1280 1637 coporis, & animae ibi, ldeo non immerito. Prima in duas:
432 1620 1279 1669 quia primo mouet quaestionem principalem, puta, vtrum
435 1655 1268 1710 homo, qui est Christus, esse inceperit. Secundo adiungi
437 1696 1264 1755 quaestionem incidentalem, puta, vtrum aliunde hominem
428 1731 1280 1796 quam de genere Adae Deus assumere potuerit ibi, Solet
438 1773 1280 1825 etiam quaeri. Sequitur illa pars, ldeo non immerito. In
435 1812 1279 1863 qua Magister &c. Et diuiditur in duas partes; nam primo,
444 1858 1279 1904 inquirit de defectu contingente circa potentiam spiritualem.
438 1893 1264 1948 Secundo, de defectu accidente circa potentiam corporalem
438 1936 1280 1993 puta, circa virtutem generatiuam: quia raro, vel numquam
443 1969 1284 2030 generatur femella, nisi sit defectus in generatiua poten¬
438 2007 1278 2064 tia non potente sufficienter subiicere inobedientem ge¬
433 2052 1270 2098 nerationis materiam. Secunda ibi, Solet etiam requiri
433 2084 1280 2143 Prima in tres: quia primo de potentia peccandi mouet
436 2129 1274 2174 questionem. Secundo ad motam quaestionem respondeti
432 2165 1284 2214 Et tertio quorundam obiectionem remouet. Secunda
435 2207 1276 2254 ibi, Hic distinctione opus est. Tertia ibi; Quidam tamen
431 2248 737 2305 probare. Hic quaero.
726 2314 998 2397 Quastio 1
582 2417 1106 2489 An Christus potuerit peccare.
471 2780 1276 2854 VTRVM Christus possit peccare. Et videtur, quod
496 2824 1280 2879 sic. Quia Deus potest peccare: ergo Christus po¬
438 2865 1284 2917 test peccare. Consequentia patet. Antecedens probo:
435 2909 1272 2971 quia ille, qui praecipit alicui, vt peccet, videtur peccare
435 2949 1270 3001 ed Deus praecepit Oseae, vt acciperet vxorem fornicarian
438 2995 1262 3041 & faceret filios fornicationis vt patet in Osea. Et 3. Reg
442 3028 1279 3075 Cum dixisset spiritus mendax; Egrediar, & ero spiritus
441 3066 1275 3111 mendax in ore omnium prophetarum tunc dixit sibi do¬
429 3104 796 3171 minus. Egredere, & fac
1353 249 2169 315 CONTRA si Christus posset peccare, Christus pos¬
1321 315 2159 367 set damnari. Consequens est falsum: ergo & antecedens
1323 353 2165 405 Hic quattuot sunt videnda. Primo propter argumentum
1325 396 2159 444 est videndum, vtrum Deus sit, vel esse possit causa pec¬
1324 427 2172 474 cati. Secundo, vtrum Christus possit, vel potuerit actua
1330 467 2175 514 iter peccare. Tertio supposito, quod non, vtrum in Chri
1321 508 2159 561 sto sit potentia peccandi. Quarto supposito per impossi¬
1325 549 2168 613 bile, quod Christus mortaliter peccaret, vtrum posset danari
1503 621 1994 705 RESOLVTIO
1317 735 2168 786 cum Deus nec peccet, nec peccandi cansa existat: consequeas est
1357 775 2162 827 quod christus nec peccauit, nec peccare potuit: cum praeser.
1359 813 2165 866 tim imm ediata peccandi facultas ab eo penitus est remauenda
1505 890 2004 962 ART ICL V S
1320 1009 2099 1075 Vtrum Deus sit, nel esse possit causa peccati.
1344 1092 2162 1163 SVANTVM ad primum ponam duas conclusiones;
1329 1131 2160 1178 Prima est, quod Deus non potest eise causa pec¬
1324 1176 1695 1228 cati in se, vel immediate¬
1347 1208 2155 1269 SECVNDA est, quod Deus non potest esse per si
1323 1253 1966 1301 causa peccati in alio, seu quod alius peccet.
1349 1292 1904 1347 RATIO Primae conclusiones est.
1334 1323 2157 1375 1 Quia omne peccatum (vt patuit superius in secun¬
1320 1368 2156 1423 do libro) vel est ex ignorantia, vel est ex impotentia
1324 1414 2165 1459 vel ex certa malitia: Sed in Deo nulla potest esse igno¬
1323 1443 2172 1495 rantia, cum sit infinitae sapientiae, nulla impotentia, seu
1324 1493 2164 1541 infirmitas, cum sit omnipotens, & infinitae potentiae, nec
1326 1527 2066 1576 aliqua malitia cum sit infinitae bonitatis: ergo &c
1336 1569 2174 1618 2 Praeterea, in puritate summa, & infinita nulla po¬
1330 1606 2167 1659 test esse macula: sed Deus est purus actus, vt patet apud
1330 1645 2171 1705 theologos, & philosophos, & omne peccatum est quae¬
1332 1691 1993 1738 lam turpitudo, & spiritualis macula; ergo &c
1366 1724 2156 1773 RA TIo secunde conclusionis est. 1 Quia ens to
1331 1760 2183 1812 taliter posituum, & simpliciter perfectum non potest esx
1329 1803 2182 1846 se perse causa effectus totaliter priuatiui, & simpliciter de
1322 1845 2182 1893 fectiui: Sed Deus est ens totaliter positiuum, cum sit pri¬
1323 1880 2156 1935 mum omnium entium, & est simpliciter perfectus, cun
1326 1925 2159 1976 in eo sint perfectiones omnium generum, vt patet s. meta
1330 1968 2183 2008 peccatum vero est simpliciter quid priuatiuum, & defe¬
1322 2000 1586 2053 ctiuum : ergo &c.
1349 2037 2169 2087 t Preterea, nihil odit Deus eorum, quorum est causa
1323 2080 2169 2133 efficiens: quia de ipso dicitur. Diligis omnia, quae sunt, &
1326 2118 2165 2173 nihil odisti eorum, quae fecisti: Sed Deus odit omne pes
1333 2166 2182 2211 tatum: nam pariter odio sunt Deo impius, & impietas
1321 2196 2165 2245 eius, vt dicit Sap. ergo Deus nullus peccati est auctor in
1321 2234 2166 2281 nobis. Vnde bene ait Fulgentius, quod Deus non est au¬
1326 2274 2166 2324 ctor illius, cuius est vltor. Et Aug. 83. qu. ait, quod Deo
1326 2310 2159 2361 auctore non fit homo deterior: Sed planum est, quod Deu¬
1326 2360 2167 2401 est vltor peccati, & homo efficitur deterior ipso peccato:
1329 2397 1452 2455 ergo &c.
1329 2423 2156 2474 SED contra primam conclufionem potest argui sic¬
1323 2472 2168 2521 1 Illud dicitur quis posse, quod potest, si vult: Sed Deus
1323 2519 2168 2567 potest peccare si vult peccare: quia eius voluntas non ex
1335 2551 2171 2598 cedit eius potentiam: Etiam velle peccare est peccatum;
1328 2591 2180 2644 ergo non potest velle peccare; nisi possit peccare: quia
1321 2627 1839 2686 actus praesupponit potentiam.
1341 2664 2177 2716 2 Ptaeterea, sicut qui occasionem damni dat, damnum
1327 2708 2171 2755 dedisse videtur, vt patet in regulis iuris, sic qui oceasionem
1342 2747 2171 2790 eccati dat, peccati causa esse videtur: Sed Deus dando
1342 2783 2171 2832 raeceptum primum de fructu ligni scientiae boni, & ma¬
1327 2823 2172 2869 li non comedendo, videtur dedisse oceasionem peccati:
1330 2868 2168 2912 nam ipse praesciuit, quod mens humana nititur in vetitum;
1337 2910 2153 2962 quia iuxta poetam, quod non licet, acrius vrit, ergo &c.
1350 2941 2160 2995 3 Praeterea, quandocunque aliqua sunt inseparabilite
1327 2987 2164 3036 annexa, quicquid est per se causa vnius, oportet, quod si
1319 3019 2168 3068 etiam causa alterius, sed Deus est causa omnis entitatis, &
1314 3059 2165 3114 aliqua sunt entia, quae inseparabiliter habent anexam
1320 3102 2076 3160 & conuolutam malitiam, siuc peccatum: ergo &c.
