2391 3563
233 287 1103 350 ter emanationem diuinarum personarum, productio creaturarum
249 335 1094 392 est huiusmodi maior patet, probo minorem, quia creatu¬
237 373 1094 429 rae non producuntur nisi por intelligere essentiale, & per
244 426 1095 474 velle essentiale, quae sunt necessario tribus personis comu
243 454 1098 519 nia, cum idem sit velle & intelligere omnium trium perso¬
243 499 827 550 narum secundum fidem sanctam.
289 534 1093 588 SED aliqui oppositae opinionis suam intentionem pro
240 565 1083 625 bant sic. Quando aliquae duae emanationes sic se habent, quoi
240 610 1092 676 formale principium vnius est ordinaliter prius formali
236 659 1083 715 principio alterius, illa, cuius principium est prius, non pro
240 697 1091 756 supponit aliam de necessitate, sed formale principium pro¬
237 733 1079 785 ductionis creaturarum est ordinaliter prius formali prin
236 774 1088 831 cipio emanationis personarum: ergo &c. Maior patet.
237 808 1085 872 Minor probatur: quia absolutum in diuinis est ordinaliter
231 858 1086 912 prius respectiuo: sed formale principium producendi crea¬
237 894 1097 951 turas est absolutum, puta, ipsa diuina essentia: sed forma¬
231 927 1092 987 le principium producendi personas vel est relatiuum, vel
242 965 632 1018 est essentia sub relatione.
255 1013 1092 1063 2 Praeterea, illud, quod ex sui natura non praesupponit nisi
238 1041 1088 1107 suppositum absolutum, vel quasi absolutum, hoc non prae
227 1083 1074 1147 supponit de necessitate emanationem personarum, crea
238 1130 1084 1176 tio est huiusmodi: quia ludei, ac etiam multi Pagani po¬
231 1168 1080 1223 nentes tantum vnum suppositum in diuinis, ponunt Dei
249 1204 563 1256 producere creaturas.
255 1240 1082 1293 3 Praeterea, non minus est perfecta Dei patris potentia
235 1286 1092 1334 quam eius sapientia: sed pater per se, & ex se est perfecte
237 1321 1075 1375 sapiens, & sciens, sicut probat Aug. 25. de trin. ergo pa¬
239 1359 1089 1415 ter per se, & ex se & in se est perfecte potens, & per con¬
241 1401 1079 1461 sequens per se potest creaturam producere, non expecta.
239 1441 581 1494 to quocunque alio.
246 1483 1086 1528 4 Praeterea, ordinaliter pater prius habuit intelligere
234 1523 1086 1575 essentiale, quam notionale cum ergo creatura producatur
234 1560 1079 1620 per intelligere essentiale, persona filii per intelligere no¬
231 1607 1082 1646 tionale: ergo productio creaturarum non praesupponit
235 1638 1094 1701 de necessitate productionem filii, nec per consequens pro¬
237 1682 1068 1729 ductionem spiritus sancti: ergo &c.
248 1722 1079 1767 3 Praeterea, patri nihil accrescit ex productione filii: e
244 1763 1082 1808 go non est impossibile patrem producere creaturam sece
231 1806 1080 1853 dum se, non requisito filio. Antecedens patet. Nam pa¬
238 1842 1087 1879 ter est fontana deitatis, cui nihil accrescit ex alio, sed to¬
246 1881 1079 1936 tum, quod habet in se ipso, & a se ipso. Consequentia e¬
238 1911 749 1968 tiam patet de se ipsa: ergo &c.
273 1956 1089 2005 SED quia isti innituntur cuidam falsissimo fundamen
246 1999 1085 2045 to, puta, que in quodam priori ante productionem filij pater
246 2034 1086 2080 possit creare: ideo antequam iam dictis motiuis respodeam, vo
235 2067 1064 2118 lo arguere contra illud falsissimum fundamentum.
242 2121 1082 2168 Quia pro illo ficto priori, in quo pater non est, nec ali¬
238 2158 1076 2207 quod esse potest habere, nec habet, in illo pater nihi
237 2197 1088 2244 potest creare, sed pater non habet prius esse, quam sit in
227 2235 1081 2276 actuali productione filii: ergo &c. Maior patet, quia age¬
234 2276 1076 2313 re vel praesupponit esse, sicut in agentibus absolutis, ve
224 2311 1079 2353 saltem est idem cum formali constitutiuo, quo agens con
237 2352 1080 2401 stituitur in esse suppositali; sicut gonerare diuinum est idi
234 2390 1078 2439 quod ipsa paternitas, qua pater in esse suppositali costitu
236 2434 1083 2478 tur. Minor etiam patet, quia relatiua simul sunt natura¬
234 2469 1077 2514 li intelligentia. Etiam probaui in lib. 1. quod impossibi¬
234 2510 1091 2562 le est esse inter diuinas personas aliquam prioritatem,
243 2548 1083 2599 praeter prioritatem originis, quae prioritas nullam prae¬
232 2584 1073 2631 cessionem requirit, sed solum dicit hoc esse ab hoc.
234 2620 1085 2676 2 Praeterea, pater non potest intelligere creaturam, nisi
237 2665 1078 2711 ordinaliter prius intelligat se: sed pater non potest pro
243 2704 1086 2749 ducere creaturam, nisi intelligat creaturam: ergo pater non
237 2744 1091 2795 potest producere creaturam, nisi prius intelligat se: cum
237 2788 1086 2837 ergo intelligendo se producat personam verbi: ergo de
233 2822 1085 2865 necessitate pater producit verbum, antequam producat crea¬
241 2865 1085 2915 turam. Et eodem modo potest argni de velle respectu
235 2900 452 2954 spiritus sancti.
249 2941 1091 2992 3 Praeterea, artifex in productione artificialium praesup
246 2978 1081 3031 ponit artem: Sed pater quauis producat filium naturali
238 3021 1080 3074 ter, in productione tamen creaturarum se habet per modi
234 3060 1079 3108 artificis: Omnium nm est artifex, vt dicit Sapiens. Etiam di
231 3101 1087 3146 oppositum, runc produceret creaturas ex necessitate natu¬
243 3139 1088 3188 tae, quod fuit error aliquorum philosophorum: ergo in produ¬
1143 315 2005 377 ctione creaturarum praesupponit necessario verbum suum,
1153 350 2005 419 de quo ait August. 8. de trin, quod est ars omnipotentis,
1143 391 1991 451 atque sapientis Dei, plena rationibus omnium viuentium.
1161 437 1987 488 4 Praeterea, non minus pater coexigit filium & spiritum
1140 469 1995 535 sanctum in productione creaturarum, quam conexigat fi¬
1140 506 1988 569 lium in productione spiritus sancti; quia sicut est vna vir¬
1146 556 1985 615 tus spiratiua in patre, & filio, ratione cuius pater in spi¬
1140 593 1988 648 rando requirit filium, sic est vna virtus creatiua in omni-
1144 626 1988 688 bus tribus personis, ratione cuius secundum Damas in¬
1143 660 1992 731 diuisa sunt opera trinitatis, sicut est indiuisa substantia;
1143 705 1973 771 sed pater de necessitate conexigit filium in spirando, vt pro
1134 754 1988 812 tuit in primo li. ergo de necessitate comexigit filium &
1139 787 1587 841 spiritum sanctum in creando.
1144 834 1989 888 3 Praeterea, productio contingens potens aliter se habe
1140 868 1986 922 re, necessario praesupponit eam, quam impossibile est ali
1141 904 1984 965 ter se habere, & hoc maxime, si illae duae productiones re¬
1135 939 1976 1005 spiciunt idem agens: sed productio cuiuscunque creatu¬
1134 982 1989 1049 rae est contigens, & productio diuinarum personarum est
1148 1026 1803 1080 necessaria & immutabilis: ergo pater &c.
1155 1068 2001 1122 S Praeterea, quandocunque aliqui dno actus sic se ha¬
1140 1099 1971 1152 bent respectu vnius agentis, & quod vnus de necessitat,
1134 1145 1974 1205 non potest esse coeternus, vel saltem potest esse non cons
1137 1180 1982 1242 ternus, tunc ille, qui de necessitate est agenti coeternus,
1130 1226 1979 1281 necessario praesupponetur ab illo, qui non est de necessi¬
1144 1256 1978 1319 tate coneternus: sed productio diuinarum personarum est
1131 1302 1973 1348 de necessitate patri coeterna: productio autem creatu¬
1131 1334 1979 1397 rarum vel non potest esse patri diuino coneterna penes il¬
1140 1374 1967 1437 lam opinionem, quae ponit, quod impossibile est mundi
1137 1411 1982 1478 fuisse ab eterno, vel saltem potuit esse non coeterna, vt
1140 1449 1973 1518 de facto apparet, cum mundus productus sit in tempo¬
1142 1492 1422 1547 re: ergo &c.
1147 1536 1979 1596 Ad primum motiuum istorum dicendum quod minor
1136 1577 1983 1625 non est vera; Ad probationendico, sicut etiam dictu est in
1137 1606 1970 1672 libro primo, quod potentia generandi, ac etiam spiran¬
1139 1648 1977 1710 di est ipsa essentia absoluta, quamuis non progrediatur
1137 1697 1982 1737 in actum, nisi vt stat sub respectu paternitatis quo ad ge¬
1138 1734 1979 1790 nerationem, & spirationem, quo ad spritus sancti produ¬
1131 1773 1978 1824 ctionem. Sic etiam dico in proposito, quod quamuis es¬
1139 1804 1970 1868 sentia, diuina sit principium ereandi, tamen non progre¬
1143 1844 1982 1903 ditur in actum creationis, nisi vt suppositata est tribus
1133 1882 1325 1932 personis.
1137 1928 1976 1989 Ad secundum dicendum, quod quamuis possibile si con¬
1136 1969 1974 2019 tingit, nullum sequatur impossibile; vt patet 1. priorum
1138 2003 1970 2064 & 1. physic, tamen ex impossibili suppositione multa im¬
1131 2048 1980 2103 possibilia sequi possunt: Sed posito ludaeorum, & Paga¬
1137 2089 1970 2136 norum negantium sanctissimam trinitatem, est imposfi
1143 2122 1976 2176 bilis, quia impossibile est Deum aliter esse, quam est. Cum
1140 2164 1979 2226 ergo Deus sit trinus, da quod non sit trinus, sequitur quod
1140 2198 1981 2251 Deus non sit Deus; Et ideo patet, quod minor illius ratio¬
1134 2243 1976 2299 nis non solum est falsa, veram etiam est impossibilis omnino.
1161 2286 1974 2336 Ad tertium dicendum, quod quamuis pater sit potens
1137 2323 1982 2365 ex se & in se; tamen quia eadem est & ab aeterno fuit po¬
1137 2358 1979 2407 tentia patris & filij & spiritus sancti: ideo nihil ab extra
1143 2398 1982 2458 producere potest, quod non producant filius, & spiritus
1126 2434 1496 2483 sanctus.
1130 2481 1976 2534 Ad quartum nego maiorem, quia nullum intelligere pa
1131 2519 1970 2566 tri potuit competere ante intelligere notionale; quia nec
1149 2558 1880 2603 ater potuit esse pater ante intelligere notionale.
1137 2590 1973 2639 Ad quintum nego consequentiam, quia quamuis pa¬
1144 2636 1974 2685 tri nihil accrescat ex productione filij, tamen non potest
1143 2670 1925 2724 producere spritum sanctum, nisi producto filio, sic &c
1146 2711 1977 2774 Secundo dico, quod non solum ordinaliter; verum
1137 2745 1976 2802 etiam causaliter productio personarum de necessitate
1150 2795 1979 2844 raecedit productionem creaturarum: quia sicut habet
1143 2831 1973 2889 productum ad productum, sic se habet productio ad pro¬
1137 2872 1971 2924 ductionem, sed omne productum extrinsecum quantum
1137 2908 1974 2959 ad omne suum esse reale necessario dependet causaliter
1134 2954 1978 2995 ab omni producto intrinsece in diuinis: ergo omnis pro¬
1137 2983 1979 3037 ductio rei extrinsece causaliter dependet a productione
1136 3023 1651 3066 intrinseca diuinarum personarum.
1142 3062 1974 3116 2 Praeterea, productio illius, per quod omnia facta, seu
1138 3108 1983 3152 creata sunt, praesupponitur in ratione causae a productione
1136 3141 1977 3210 sactorum, seu creatorum: sed de verbo Dei dicitur, Omnin
