2424 3556
255 282 1109 349 apprehendit essentiam diuinam: quae est simplicissima: er
257 333 734 376 go totaliter comprehendit eam
277 373 1104 428 3 Praeterea, secundum Aug. in lib de videndo Deum,
261 413 1115 465 comprehendi dicitur, cuius nihil latet videntem: sed ni-
263 444 1109 508 nil essentiae diuinae latet animam Christi: quia si aliquid
248 482 1118 548 lateret, tunc in essentia diuina esset diuersitas: quia aliqud
250 522 645 582 sui latet, & aliquid patet.
274 571 1105 614 4 Praeterea, lsidorus ait, Trinitas sibi soli nota est, & ho
256 609 1103 663 mini assumpto: sed hoc non potest intelligi de notitia ap
261 649 1104 704 prehension is: quia sic nota est cuilibet beato: ergo de non
251 683 595 740 titia comprehensionis,
261 729 1113 779 RESPONDEO ad primum, quod quamuis essentia diuina
256 768 1100 818 tota sit vnita animae Christi secundum esse: non tamen
248 808 1105 850 totaliter, puta, omnibus modis quia essentia diuina per
264 849 1112 894 vnionem verbi ad animam non est in anima penes modum
255 885 1100 930 essendi, quo est in patre, vel in spiritu sancto. Sic quam¬
255 928 1100 978 uis cognoscitur tota essentia diuina ab anima Christi; non
255 966 1106 1015 tamen cognoscitur totaliter, & per consequens non com
258 1006 1101 1047 prehenditur: quia potentia cognoscentis cognoscibilita¬
259 1040 1105 1087 ti cognoscibilis non adaequatur. Et per hoc patet ad se¬
265 1081 1099 1122 cundum: quia quamuis simplex, quod est infinitae co¬
258 1122 1113 1164 gnoscibilitatis a virtute finita totum apprehendatur: non
253 1159 1098 1198 tamen apprehenditur totaliter: igitur non comprehen¬
259 1196 1104 1245 ditur totaliter: Sicut enim vna linea tendens a circumfe
256 1241 1113 1286 rentia ad centrum attingit totum centrum, cum sit indi¬
264 1275 1098 1317 uisibile, & punctuale: tamen non attingit ipsum totali¬
257 1317 1094 1368 ter: quia ab infinitis aliis lineis idem centrum potest con
258 1361 1109 1409 tingi, quas alitei, & aliter potest terminare, puta, penes
246 1396 1102 1446 sursum, & deorsum, & sic de aliis: fic in proposito. Etiam
264 1436 1102 1485 quilibet intellectus cognoscit totum primum principium,
256 1472 1100 1518 scilicet de quolibet esse, vel non esse: & tamen nullus in¬
261 1512 1100 1563 tellectus creatus cognoscit ipsum totaliter: quia nullus
262 1551 1099 1601 intellectus creatus forte intelligit omnes conclusiones
262 1591 1025 1638 deducibiles ex illo principio. Sic in proposito &c
295 1626 1109 1679 Ad tertium dicendum, quod posito, quod nihil essen¬
258 1666 1102 1721 tiae realiter, seu quantum ad rem, quae est essentia, lateat
252 1706 1097 1757 animam Christi: multa tamen, & infinita ipsius essentia
268 1749 1113 1797 modaliter, seu quod ad modos essentiae, possunt illam ani
252 1791 1109 1837 mam latere: quia infiniti sunt modi, quibus essentia diui
258 1829 1105 1886 na imitari posset a creaturis, si Deus eas producendas esse
271 1868 437 1920 decerneret
312 1908 1110 1951 Ad quar tum dicendum, secundum quod dicunt doctores,
260 1947 1105 2000 que lsidorus ibi loquitur de notitia trinitatis non quomodo
260 1984 1101 2040 cunque: sed quo ad numerum scitorum talium, quae co¬
258 2030 1115 2077 gnoscuntur scientia visionis, hoc est, eorum, quae facta sunt
262 2072 1108 2112 vel adhuc fenda sunt: quia in talium notitia anima
261 2102 1101 2151 Christi, vt dicunt, aequatur verbo, & hoc verum est quan¬
270 2147 1119 2191 tum ad numerum scitorum sed non quantum ad modum
261 2179 1106 2243 sciendi: ideo ad talem notitiam ipsius animae non sequi¬
263 2219 869 2264 tur comprehensio ipsius diuinae essentiae
303 2260 1107 2313 Praeterea, arguo secundo pro supradicta conclusione
270 2301 1109 2348 nc. Si anima Christi cognosceret omne possibile produ¬
271 2340 1110 2388 ci a diuina potentia, tunc infinita Dei potentia esset ex-
261 2383 1037 2427 hausta in prospectu virtutis finitae, quod est impossibile¬
300 2419 1121 2471 Praeterea, quanto plures conclusiones simul cognoscum
264 2462 1108 2507 tur in aliquo principio, tanto maior virtus requiritur in
283 2498 1101 2542 otentia cognitiua: nam ille intellectus, qui duas co¬
270 2544 1112 2588 gnoscit, perfectior est, quam qui solam vnam cognoscit,
261 2587 1113 2631 & qui tres, perfectior, quam qui duas: & sic deinceps: er-
257 2620 1118 2671 go ille qui infinita simul intelligeret in vno principio, o¬
273 2656 1111 2700 porteret, quod esset infinitae virtutis; sic autem esset de a¬
257 2701 1106 2746 nima Christi si omnia cognosceret, quae in diuina essen¬
265 2733 683 2778 tia repraesentantur: ergo &c
312 2761 1109 2816 Sed contra istam conclusionem ex dictis aliquorum
278 2810 465 2867 arguitur sic
279 2839 1117 2899 1 Nullus potest aliqua cognoscere, quae ignorat anima
273 2893 1120 2941 eius : sed Christus nouit omnia. Vnde dixerunt ei disci¬
265 2928 772 2985 puli, nunc scimus: quia scis omnia
285 2972 1109 3015 2 Praeterea, voluntas Christi cum haberet perfectam ca¬
276 3013 1121 3062 ritatem, amauit omne bonum : ergo intellectus Christi com
275 3053 1110 3100 gnouit omne bonum. Consequentia patet: quia bonum
277 3090 1119 3137 cognitum est obiectum voluntatis, sed omne, quod in esse¬
268 3131 1058 3190 tia diuina relucet, habet rationem boni: ergo &c
1179 291 2015 359 3 Praeterea, ille, in quo perfecta est potentia intellectus.
1167 350 2008 396 ossibilis ille scit omnia scibilia: quia intellectus possibi¬
1153 385 2000 437 lis est omnia fieri, vt patet 3. de anima: sed in Christo
1158 426 1619 476 nihil est imper fectum: ergo &c.
1170 467 2019 525 4 Praeterea, hoc non debet negari animae Christi, quod vere,
1152 496 1995 542 conuenit cuilibet animae beatae: sed quaelibet anima bea
1152 539 2000 593 ta videt omnia, quae relucent in essentia diuina, non solum fa
1151 575 2001 624 cta, & fienda: verum etiam fieri possibilia. Maior patet.
1148 617 1755 672 Et minorem ipsi probant multipliciter.
1176 658 2019 705 I PRIM o sic. Anima beata nude cognoscit essentiamn
1162 696 2020 744 liuinam: ergo cognoscit omnia. Antecedens patet ex di¬
1160 733 2000 788 ctis in 1 artic. Probatur consequentia: quia omnia pro¬
1152 776 1997 818 ducta, vel producibilia in essentia diuina relucentia exce
1156 811 2005 857 duntur incomparabiliter a diuina essentia, & per consequens
1155 855 1999 904 virtus cognitiua, quae potest in essentia potest in onia alia
1170 896 1995 946 2 Praeterea, quae aequaliter repraesentantur in aliquo
1156 930 2001 979 speculo, qua ratione cognoscitur vnum ab eo, cui praesens
1157 971 1999 1018 est speculum, eadem ratione cognoscuntur omnia alia;
1155 1009 2006 1069 sed in speculo diuinae essentiae aequaliter repraesentantur
1164 1048 1473 1094 mnia: ergo &c.
1170 1082 1999 1139 3 Praeterea, anima rationalis naturaliter desiderat sci¬
1151 1131 1997 1174 re omnia: sed cum anima est beata, omne suum deside¬
1148 1170 1742 1212 rium adimpletur: ergo &c.
1163 1206 1990 1253 4 Praeterea, in beatis nulla erit poena: sed igorantia ess
1167 1247 1579 1297 uaedam poena: ergo &c.
1176 1282 1999 1327 3 Praeterea, essentia diuina est expressior similitudo cu
1155 1323 1998 1376 iuscunque rei, quam propria species ipsius rei: sed cuius¬
1149 1371 1992 1414 cunque species esset praesens animae beatae, illa re cogno
1146 1403 1991 1452 sceret: ergo cum essentia diuina sep sit pses animaebeatae &c.
1164 1444 1997 1484 e Praeterea, omnis creatura, vt est in Deo, est idem, quod
1154 1479 2001 1537 creatrix essentia: ergo non aliter se habet vna creatura ad
1164 1521 1909 1561 noc vt videatur per diuinam essentiam, quam alia.
1170 1558 2007 1601 2 Praeterea, Creg. 2. lib. dial. ait. Quid est, qud ibi nesciunt
1158 1597 1573 1647 vbi scientem omnia sciunt,
1167 1639 1994 1688 8 Praeterea, Apoc. 5. dicitur dignus est agnus accipere sa
1170 1677 2000 1725 uientiam. Olosa inquit, idest omnium cognitionem, sicut
1160 1717 2000 1755 verbum, cui vnitus est ergo saltem anima Christi cogno¬
1165 1755 1874 1802 cet omnia, quod est contra tuam conclusionem.
1194 1794 1999 1842 Sed quamuis predictis minor multipliciter videatur es
1151 1837 1850 1879 se probata: tamen non reputo eam esse veram.
1169 1873 2011 1921 1 Quia per apertam intellectionem, seu intuitionem,
1164 1914 2006 1957 obiecti intelligibilis non videntur oia representata in ob¬
1158 1949 2009 1989 iesto, nisi conprehendatur ratio, sub qua talia repraesen¬
1168 1996 2006 2043 tantur in obiecto: sed nullus intellectus creatus quantuli¬
1170 2031 2004 2078 pet beatus comprehendit huiusmodi rationem, sub qua diui
1158 2069 1996 2111 na essentia repraesentat infinita producibilia: quia illa ra¬
1165 2104 1502 2158 tio est infinita: ergo &c
1174 2147 2013 2188 2 Praeterea, quauis essentia diuina respectu intellectus
1161 2179 2009 2229 diuini sit obiectum naturale: qua talis intellectus est beatus
1162 2225 2000 2271 ex natura: tamen respectu ceterorum, quod ex sola gra sunt beati
1161 2265 2006 2302 e obiectum liberum, & voluntarium: & ideo non oportet, quod se o¬
1168 2303 2005 2348 stendat quatum potest: sed ostendit se quantum vult, & quantum
1170 2341 1739 2388 eorum beatitudini decreuit impartiri.
1184 2371 2012 2432 3 Praeterea, intellectus finitus, quamuis videat essentiam
1173 2422 2010 2472 diuinam infinitam, videt tamen ea finite, & sub ratione finita.
1161 2459 2011 2504 lsta patet: quia inter potentiam cognitiuam, & rationem co¬
1179 2499 2015 2541 noscendi debet essc conformitas sine excessu: dato etiam, quod
1164 2538 2016 2585 res cognita excedat potentiam cognitiuam: sed obiectum quauis
1164 2582 2007 2631 cunque infinitum sub ratione finita non repraesentat
1171 2613 1431 2666 nfinita : ergo &c.
1177 2657 2004 2696 4 Praeterea, sicut probaui int. li. dist. 38. conclusione. 1.
1169 2695 2012 2737 vnus angelus scit aliqua, quom ignorat alius angelus: ergo non
1169 2735 2009 2791 quilibet beatus cognoscit omnia in diuina essentia repre
1173 2774 2010 2825 entata. Et ista est intentio P. Dion. 7. ca. cael. Hier. ubi
1168 2812 1997 2865 ait, quod angeli superiores purgant inferiores a nescientia.
1200 2854 2016 2901 Ad primum contra conclusionem adductam dicendum,
1173 2893 2015 2939 ue maior tantumodo est vera de eo, qui est vnius naturae,
1168 2932 2003 2981 & non de eo, qui habet in se naturam diuinam, & humanam: quia
1171 2968 2013 3021 lle potest aliqua scire secundum diuinam naturam, quae
1163 3010 2005 3058 agnorat anima sua, quae se tenet ex parte naturae humane¬
1180 3051 2018 3094 Ad secundum dicendum, quod ea, quae sunt possibilia fieri
1179 3088 2018 3130 er diuinam potentiam, quae tamen diuina sapientia non di¬
1169 3121 2018 3180 sponit sore producenda, nec ordinauit ad esse, illis non
