2422 3527
428 253 1276 338 posituam, quae est in actu ipsius, esset a Deo non praecise
414 320 1268 368 sed esset a Deo mediante voluntate huiusmodi actum in
426 361 1273 403 mediate, & sua sponte eliciente: sed quantum ad peccatum
430 398 1277 441 & deformitatem existentem in illo actu tunc nullatenus
431 439 1268 484 esset a Deo, sed a sola voluntate abutente sua libera ptant,
464 473 1274 516 Contra tertiam meam responsionem iste Magister re
429 512 1274 560 ducit rationem; ad quam dedit illam responem hoc modo
434 551 1269 600 Nihil se compatiens cum summa miseria voluntatis aequi¬
436 592 1266 641 pollet vltimatae complacentiae voluntatis, sed quodcum
429 629 1274 680 que positum intellectu damnati, hominis se compatitur
441 669 1265 716 tum summa miseria voluntatis: ergo nihil positum inte
434 707 1274 756 lectu talis damnati potest aequipollere perfectae compla¬
425 750 1072 797 centiae voluntatis. Maior patet dupliciter.
464 785 1267 837 Primo, quia beatifica complacentia excludit omnem
429 826 1256 881 miseriam, & omnem deformitatem ab ipsa voluntate.
459 864 1268 908 Secundo, quia impossibile est hominem, habentem
419 902 1274 956 huiusmodi complacentiam, esse malum: sed manente Dei
423 949 1276 996 odio in ipsa voluntate, tunc impossibile est hominem non
422 979 838 1030 esse malum, vel esse bonum
470 1016 1267 1068 Addit etiam hic iste Magister, quod ratio, quam addu
423 1057 1278 1102 Si ad probandum Deum posse huiusmodi aequipollens cau
417 1100 1272 1151 sare in intellectu, non concludit intentum, etiam conces
430 1137 765 1191 sis ambabus praemissis.
459 1180 1256 1232 Ad primum respondeo, quod complacentia duplicite
418 1216 1273 1271 potest accipi. Vno modo formaliter, & sic solum habet es
423 1265 1266 1307 se in voluntate. Alio modo causaliter, & isto modo effe¬
417 1296 1264 1342 ctus complacentiae potest dici complacentia: Sicut etiam
420 1334 1259 1385 ipse philosophus in de sensu, & sensato dicit, quod odor
423 1373 1262 1422 est fumalis euaporatio. Quod dictum quamuis non sit ve¬
417 1412 1259 1460 rum praedicatione formali, est tamen verum praedicatio.
416 1457 1266 1499 ne causali. quia fumalis euaporatio est causa odoris. Et
430 1491 1256 1534 sto secundo modo accipiendo complacentiam, ipsa co
421 1535 1263 1586 placentia, ac etiam aequipollens complacentiae potest esse
421 1572 1268 1624 in ipso intellectu Et hoc modo in proposito ego loquor
418 1613 1264 1662 de complacentia, & de aequipollenti complacentiae, quod eui¬
423 1650 1257 1699 denter patet ex dictis meis tam in prima positione; quam
423 1688 1055 1734 etiam in responsio nibus subse quentibus
463 1728 1259 1774 His praemissis ad formam rationis respondendo, dico,
414 1768 1257 1819 quod maior non est vera, quia supposita suspensione voli
426 1817 1256 1855 tatis a perceptione eorum, quae sunt in intellectu, tuns
411 1845 1251 1898 aequipollens complacentiae secundo modo acceptae caus
417 1885 1262 1930 tum a Deo in intellectu, compatitur secum summa mise
410 1923 1260 1975 ria voluntatis, & cum actuali odio Dei existente in volun
408 1963 1265 2006 tate. Quia sicut dictum est supra isto casu posito, tunc
410 2008 1253 2054 nulla mutatio fieret in voluntate propter ea, quae Deus
412 2041 1256 2086 faceret in intellectu; eo, quod voluntas non perciperet ali
422 2078 966 2132 quid de his, quae essent in intellectu;
453 2116 1251 2173 Ad primam probationem dicendum, quod quamuis
411 2151 1250 2214 beatifica complacentia excludat omnem miseriam volur
411 2199 1259 2243 tatis, accipiendo complacentiam formaliter, tamen hoc
417 2235 1256 2278 non est necesse, accipiendo complacentiam causaliter in
399 2277 1249 2322 suo esse aequipollenti; quia suspensa voluntate per diui¬
408 2316 1257 2357 nam potentiam modo praedicto, tunc quamuis Deus cau
405 2355 1252 2397 saret in intellectu effectum aequippollentem illi effectui
411 2394 1248 2437 qui ex beatifica voluntatis complacentia causabilis est in
411 2432 1256 2481 intellectu, qui effectus, vt prae dixi, dicitur complacentia
417 2471 1251 2515 praedicatione causali, tamen stante iam dicta suspensione
411 2511 1250 2560 hmoi effectus non excluderet a voluntate aliquam miseriam
449 2553 1250 2600 Ad secundam probationem dicendum, quod quamuis
408 2560 1253 2632 ille homo non esset malus in suo intellectu: tamen pos¬
418 2630 1250 2675 let esse malus in sua voluntate peruersa, de qua nihil tol
410 2670 1253 2713 leret iam dictus effectus causatus in intellectu, qui effe¬
407 2707 1253 2757 ctus dicitur aequipollens complacentiae causaliter dictae,
405 2746 728 2795 vt patet ex iam dictis.
439 2786 1240 2836 Ad illud, quod addit probationem meam etiam con
410 2825 1246 2873 cessis praemissis non concludere intentum, nego assum¬
405 2867 1244 2916 ptam, quia concessis istis praemissis, scilicet quod Deus po
402 2904 1253 2953 test immediate omnem effectum producere per seipsum
406 2945 1238 3000 quem potest producere mediante causa secunda in geni
407 2983 1238 3031 re causae tfficientis, & quod omne illud, quod Deus mi
411 3024 1247 3063 diante complacentia voluntatis facit in intellectu, redu¬
389 3060 1247 3103 citur ad huiusmodi complacentiam secundum genus cau
397 3101 1246 3148 sae efficientis, tunc necessario sequitur haec conclusio. siqud
1317 253 2178 333 Deus possit immediate per seipsum causare in intellectu
1331 312 1989 359 aequipollens complacentiae causaliter dictae.
1358 351 2175 401 Iterum, in quarto suo principio iste venerabilis colle¬
1322 399 2165 447 ga impugnat responsiones per me iam proxime assigna¬
1323 429 2162 483 tas. Et quia ego dixi, quod minor secundae partis elenchi
1324 475 2191 524 quem adduxit, processit a positone consequentis ad po¬I
1317 509 2166 558 sitionem antecedentis; ideo nunc ostendit iste magister,
1323 550 2159 605 quod talis processus in proposito gratia materiae sit bo¬
1318 596 1919 642 nus: dato quod non valeat gratia formae.
1360 628 2162 680 Et arguit sic. In causis praecisis si affirmatio est causa al
1323 655 2151 710 firmationis, tunc negatio est causa negationis, & econue¬
1317 703 2165 750 so. Istam patet primo posteriorum. Sed praecisa causa, quare
1316 747 2166 798 iste damnatus odiens Deum non torquetur ex gloria Dei
1329 789 2187 842 isi, est negatio perceptionis illius visionis. lstam dicit sei
1317 829 2162 875 habere ex mea responsione. Ergo praecisa causa, quare tor
1319 866 2154 921 quetur ex gloria Dei visi est perceptio eiusdem visionis.
1360 903 2162 950 Ad istud dico, quod minor non est vera, nec sequitur
1323 941 2157 997 lla minor ex responsione mea. Quia respondendo istan¬
1318 982 2152 1027 tiis istius magistri quas fecit in tertio suo principio, ego
1315 1024 2161 1065 dixi incidenter, quamuis superius non scripserim, quod si
1324 1068 2151 1117 talis damnata voluntas perfecte perciperet gloriam, &
1317 1099 2159 1153 bonitatem Dei, vt clare visi, tunc desisteret ab omni odio.
1316 1144 2158 1188 actuali; quia purum bonum clare visum, & aperte mon¬
1313 1180 2159 1227 stratum voluntati, voluntas nullatenus potest odire; im¬
1314 1221 2156 1261 mo necessario ipsum amaret amore naturali. Circa proba
1314 1258 2159 1306 tionem istius ad praesens non insisto; quib euidenter istud
1327 1298 2157 1347 potest concludi ex his, quae dixi lib. 1. d. 1. q.2. art. 1 &ar. 3.
1354 1337 2142 1382 Et quia iste socius reuerendus vidit hanc responsioni
1315 1369 2159 1423 sequi ex praecedentibus meis dictis; ideo arguit contra ea
1311 1416 2159 1467 sic. Sicut puro bono clare monstrato alicui voluntati im
1327 1460 2151 1502 ossibile est talem voluntatem elicere actum odii, vel tri¬
1320 1492 2163 1537 titiae circa ipsum; sic puro bono clare mostrato alicui ho
1308 1536 2150 1583 mini impossibile est ipsum elicere actum odij circa huius
1311 1572 2158 1627 modi purum bonum. Sed clare videnti Deum clare mon
1301 1611 2156 1656 stratur purum bonum; ergo clare videns Deum nullate¬
1308 1651 2153 1703 nus potest odire eum. lsta autem conclusio contradicit
1312 1690 2159 1744 primae meae conclusioni; ergo responsio non potest stare
1312 1737 2148 1786 cum conclusione mea. Maior patet, quia eadem ratio im
1308 1775 2150 1820 possibilitatis est vtrobique. s.clara monstratio puri boni
1300 1805 1679 1857 Minor etiam de se patet.
1341 1840 2151 1896 Respondeo ad maiorem, quod licet illa maior sit vera
1303 1887 2157 1944 supposito, quod voluntas illius hominis non sit suspensa
1294 1933 2144 1977 a perfecta pceptione illius puri boni suo intellectui cla¬
1297 1967 2141 2012 re monstrati, si tamen sua voluntas suspensa fuerit a per¬
1312 2005 2139 2064 teptione illius puri boni sub ratione, qua purum bonum
1300 2046 2168 2092 est, & eadem voluntas admittitur ad perceptionem eius¬
1299 2083 2151 2131 dem boni sub ratione, qua illud bonum districtus iudex
1299 2123 2138 2173 est, condenans illam voluntatem propter eius iniquitatem,
1294 2164 2145 2217 tunc ista maior non est vera: quia isto casu posito tunc, volunm
1296 2205 2150 2257 tas talis hominis clare videntis purum bonum potest odire
1299 2241 2147 2297 illud, quod est purum bonum, non sub ratione puri boni; quia
1299 2277 2150 2330 sic non percipit ipsum sed sub ratione iudicis condemnam
1309 2318 2145 2377 is huiusmodi voluntatem. Sic autem est in proposito de con
1305 2357 2151 2416 clusione mea. lgitur responsio mea in nullo obuiat con
1294 2399 2136 2448 clusioni meae, quia responsio mea procedit de voluntate
1294 2441 2129 2493 non suspensa, & percipiente illud purum bonum sub ra
1296 2474 2135 2524 tione puri boni. Etiam potest dici qudconcessis ambabus
1305 2524 2146 2567 praemissis, tunc non plus habet in conclusione, nisi quod
1293 2562 2142 2608 clare videns Deum non potest odire Deum sub ratione
1306 2595 2135 2646 qua Deus est purum bonum. Et hoc ego concedo. Ex hoc
1287 2641 2143 2681 tamen non habetur, quin si illius hominis voluntas per¬
1303 2671 2132 2719 tipiat ipsum Deum sub rone iudicis condenantis, & punion
1293 2716 2135 2766 tis, & non sub ratione puri boni, quin vt sic, possit odire Deum.
1330 2750 2139 2809 Forte dicetur, quod istud non est possibile. s.qud volun
1292 2793 2138 2846 tas percipiat obiectum sub ratione damnantis, quod intel¬
1298 2828 2126 2884 lectus cognoscit sub ratione puri boni; quia purum bont
1296 2869 2126 2925 non potest apprehedi, vel percipi sub ratione nocentis;
1290 2903 2127 2960 sed ratio condenantis est ratio nocen tis, & destruentis.
1323 2946 2119 3001 Respondeo, quod dato, quod istud non esset possibile isti
1293 2989 2130 3046 potentiis relictis suo communi cursui, tamen est valde pos
1294 3025 2130 3081 sibile in ordine ad potentiam Dei, quae plus potest facere
1293 3067 2138 3116 quam etiam nos possimus intelligere, vt patet per Aug¬
1287 3101 1710 3166 in Epistola ad Volusianum.
