2397 3532
446 276 1293 342 4 Praeterea, vna potentia habet vnum modum operam¬
425 340 1280 382 di: sed voluntas rationalis non habet vnum modum ope¬
430 372 1274 423 randi: quia quaedam vult naturaliter, quaedam elicitiue
441 418 1286 470 quaedam amore amicitiae, quaedam amore concupiscentiae.
446 451 1281 504 3 Praeterea, secundum philosophum3. de anima, in
441 498 1285 542 omni natura, quae quandoque est potentia, quandoque
435 529 1287 580 actu, sunt duo principia, quorum vnius est facere, & alte¬
435 574 1286 621 rius fieri: sed voluntas est natura, quae quandoque est actu;
435 611 900 669 quandoque potentia: ergo &c
450 632 1280 698 & Praeterea, eiusdem potentiae non est elicere contra¬
437 690 1274 739 rios actus: sed voluntatis est velle, & nolle, quae sunt con¬
440 732 1292 776 traria. Ad primum dicendum, quod intellectus possibilis
442 762 1281 815 indiget intellectu agente pro abstractione sui obiecti: vo
432 809 1286 859 luntas autem non indiget voluntate agente: quia eadem
441 851 1292 895 abstractio, quae facta est per intellectum agentem pro in¬
432 880 1282 933 tellectu possibili, sufficit etiam pro ipsa voluntate.
479 921 1289 972 Ad secundum dicendum, quod licet maior sit vera, loquen¬
435 959 1280 1015 do de distinctione secundum rationem: non est tamem ve
438 1001 1295 1052 ra loquendo de distinctione secundum rem: idem enim
435 1037 1282 1092 secundum rem, distinctum tamen secundum rationem.
444 1084 1286 1136 puta, ens, & bonum, obiectiue mouet intellectum, & vo¬
436 1116 1292 1174 luntatem, quae sunt potentiae realiter distinctae: sed nunc
447 1162 1281 1209 est ita, quod vniuersale & particulare magis differunt secun¬
444 1194 1287 1247 dum rationem obiectalem, licet minus secundum rem,
446 1242 1283 1299 quam finis, & ea, quae sunt ad finem: nam finis, & ea, qua
436 1273 1281 1325 sunt ad finem conueniunt in vna ratione obiectali, qua
446 1312 1289 1369 est ratio boni, vel conuenientis: ideo quamuis sit magna
441 1354 1283 1407 differentia realis ipsius finis, & eins, quod est ad sinem, obii¬
444 1402 1070 1443 ciuntur tamen eidem potentiae volitiuae:
486 1427 1295 1487 Ad tertium, nego consequentiam: quia, vt communi¬
450 1476 1286 1520 ter apparet, ea, quae diuisa reperiuntur in his, quae sunt in
444 1512 1283 1566 ferioris ordinis, vnita sunt in his, quae sunt superiori
442 1553 1287 1598 ordinis: sed appetitus sensitiuus est inferioris ordinis re¬
452 1597 1010 1651 spectu appetitus intellectiui: ergo &c
485 1617 1298 1677 Ad quartum dicendum, quod licet illi modi materia¬
444 1662 1298 1717 liter sint diuersi, conueniunt tamen in vno modo forma¬
446 1712 1282 1756 li, secundum quod sub vna ratione obiectali, puta sub ra
449 1754 1287 1800 tione boni, vel conuenientis mouent ipsam voluntatem
450 1784 1298 1834 & ideo non arguunt diuersitatem formalem in potentia
444 1835 1295 1874 volitiua, quamuis bene innuant in ea aliqualem distin¬
449 1867 748 1916 ctionem virtualem.
478 1894 1281 1944 Ad quintum dicendum, quod licet voluntas quandod
449 1938 1287 1987 sit in actu, quandoque in potentia, non tamen ponimus
449 1980 1285 2026 duas voluntates, quarum virtute vnius illa, quae est in poter
444 2019 1286 2066 tia, reducatur in actum: quia ad hoc sufficit obiectum vo¬
447 2059 1287 2108 luntatis, quod quidem obiectum, cum actu est cognitum
447 2103 1292 2150 est actu volibile : propter quod potest actu voluntatem
444 2134 1293 2183 mouere,. Secus autem est de intellectu possibili, cuius ob¬
444 2176 1292 2225 iectum naturaliter loquendo, circumscripta actione intel
450 2214 1280 2263 lectus agentis, non est actu: sed solum potentia intelligi
454 2258 1292 2310 bile, & ideo indigemus duplici intellectu, quamuis non
449 2293 900 2347 indigeamus duplici voluntate¬
459 2340 1286 2381 Ad sextum dicendum, quod licet maior sit vera de po¬
447 2369 1299 2418 tentia naturali, tamen non est vera de potentia libera, &
449 2411 1289 2458 rationali: nam licet potentiae naturales sint determina¬
449 2450 1282 2503 tae ad vnum, potentiae tamen rationales sunt ad opposita
474 2491 1289 2533 Sed loquendo large de uoluntate, prout doctores san¬
450 2527 1292 2577 cti etiam ipsum apperitum sensitiuum quandoque appel
457 2574 1291 2617 ant voluntatem, tunc in domino lesu Christo sunt, &
448 2602 1298 2652 fuerunt plures voluntates praeter voluntatem diuinam,
450 2642 1290 2695 secundum quod in ipso fuit vere appetitus intellectiuus,
445 2689 1292 2734 & sensitiuus: Etiam illud probat Magister hic in littera
466 2724 1292 2770 luribus sanctorum auctoritatibus, quas ad praesens ratio¬
449 2760 848 2810 ne breuitatis non adduco,
581 2834 1149 2901 ARTICVLVS II
524 2880 1226 2956 Vtrum humand cbrissi voluntas vmquam
705 2938 1040 3006 dissenserit a diuina¬
519 3028 1292 3084 VANTVM ad secundum articulum principale po
563 3073 914 3127 nam duas conclusiones
498 3118 1297 3178 Prima est, quod proprie loquendo de voluntate, puta,
1326 267 2171 340 sumendo voluntatem pro voluntate rationis, & maxime;
1332 331 2172 380 vt est deliberata, tunc voluntas Christi numquam dissen
1324 371 1652 427 sit a voluntate diuina
1350 377 2183 452 1 Quia voluntas, quae est totaliter Deiformis non po¬
1327 447 2169 493 test deliberate a voluntate Dei dissentire : sed Christi vo
1337 487 2182 542 untas erat a principio suae creationis totaliter deifor¬
1326 532 1541 579 mis: ergo &c.
1350 561 2177 612 2 Praeterea, illud, quod tollit rectitudinem humanae vo
1329 605 2177 652 luntatis, non potest competere Christo: sed deliberate
1326 643 2126 695 dissentire a voluntate diuina est huiusmodi: ergo &c
1373 686 2173 730 Maior patet. Probo minorem: quia ex hoc rectitudo
1317 720 2180 768 alicuius tollitur: quia a sua regula obliquatur: sed volun¬
1335 772 2078 814 tas diuina est regula voluntatis humanae: ergo &c.
1347 797 2175 855 3 Praeterea, Christus nihil committere potuit, quo di
1331 839 2181 894 gnus esset poena: sed si Christus voluntate sua a volunta¬
1330 874 2178 932 te diuina dissensisset, ipse maiori poena dignus fuisset, quam
1335 920 2181 971 quicumque alter homo. Maior patet: quia pena de condi¬
1346 955 2183 1006 no non debetur alicui, nisi pro peccato; Christus autem
1343 997 2180 1043 peccare non potuit: ipse enim peccatum non fecit, nec
1333 1038 2180 1084 inuentus est dolus in ore eius, vt ait Petrus in canonica
1337 1074 2186 1123 sua, minorem probo: quia uc. dicit Seruus, qui scit volum
1335 1117 2184 1161 tatem domini sui, & non facit, plagis vapulabit multis:
1341 1151 2171 1201 ed Christus in omnibus, & prae omnibus sciuit volunta
1332 1198 1610 1248 tem Dei: ergo &c
1371 1215 2174 1278 Forte dicetur, quod Christus fleuit super ciuitatem Hie¬
1334 1268 2190 1316 rusalem, eo que vidit secundum voluntatem Dei, & ordina
1335 1311 2183 1361 tionem infallibilem eam destruendam: ergo videtur, quod
1342 1351 1839 1394 ibi a diuina voluntate dissenserit
1356 1384 2193 1444 2 Praeterea, Saluator loquens de sua passione ad patrem
1332 1427 2041 1477 ait. Verumtamen non mea voluntas sed tua fiat
1371 1463 2183 1515 Respondeo, ad primum, quod Christus ex tali fletu non
1335 1505 2205 1552 ostendit, se voluisse oppositum illius, quod voluit Deusi
1334 1545 2187 1595 sed ostendit se ex pietate compassionem habuisse super
1344 1591 2185 1637 miseriam inhabitantium ciuitatem, qui ex sua iniquitato
1338 1627 2169 1677 seipsos reos fecerunt, & morte, ac destpuctione dignos.
1377 1670 2201 1714 Ad secundum dicendum, quod ibi non exprimitur vo
1345 1702 2192 1758 luntas rationis Christi, vt rationis est, siue vt deliberati¬
1348 1737 2193 1793 ua est: sed exprimitur ibi voluntas, vt natura est, hoc est
1344 1784 2186 1823 voluntas secundum motum quemdam subitum sine de¬
1347 1818 2182 1873 liberatione: vel exprimitur ibi voluntas improprie dicta,
1352 1861 1675 1916 uae est ipsa sensualitas
1378 1875 2186 1951 Secunda conclusio est, quod voluntas improprie dicta,
1352 1943 2185 1996 uta, appetitus sensitiuus, potuit dissentire in Christo, &
1349 1975 2137 2028 i voluntate diuina, & a deliberata voluntate rationis.
1358 2024 2183 2072 1 Quia secundum Damascen in tertio libro, vnaque¬
1338 2055 2191 2106 que potentia Christi permittebatur operari, quod sibi
1347 2094 2183 2155 proprium erat: sed proprium est appetitus sensitiui fuge¬
1344 2135 2189 2178 re sensitiuam afflictionem: Deus autem voluit, quod Chri¬¬
1338 2171 2195 2222 stus pateretur huiusmodi afflictionem, in quo volito etiam
1348 2212 2186 2261 Christi voluntas deliberata conformis fuit voluntati di¬
1346 2252 1879 2297 uinae, vt patet ex praedictis: ergo &c.
1356 2287 2194 2342 2 Praeterea, quicunque affligitur in eo, in quo alius
1344 2328 2194 2375 gaudet, & delectatur, hic dissentit ab illo : sed Christi sen
1338 2370 2186 2418 sibilitas affligebatur iciuniis, & castigationibus, in quibus
1344 2408 2185 2457 voluntas intellectiua Christi delectabatur : & voluntas di
1344 2448 1958 2495 uina sibi in eisdem congaudebat: ergo &c
1350 2488 2204 2544 1 Forte contra istud dicetur, ex verbis beati Augusti
1347 2525 2184 2576 qui ait. Sicut omnia animalia pacata fuerunt in arci
1341 2565 2189 2613 Noe: ita omnis motus in Christo: sed vbi omnes motus
1345 2608 1949 2658 sedati sunt, ibi nulla dissensio esse potest
1398 2642 2191 2693 Praeterea, qui dissentit ab aliquo, contrarius ei esse
1344 2682 2187 2732 videtur : sed Christi sensualitas non fuit contraria rationi,
1335 2729 2186 2769 nec per consequens suae voluntati : cum talis contrarie¬
1346 2767 2170 2809 tas sit ratione fomitis, qui numquam fuit in Christo.
1384 2801 2204 2850 Respondeo ad primum, quod in Christo dicuntur om
1345 2846 2187 2889 nia peccata per negationem omnis dissensionis implican
1341 2879 2195 2923 tis vitium, seu peccatum, quia sensualitas plene obediuit
1342 2918 2184 2967 rationi, & imperio suae voluntatis: nam rebellio sensuali
1342 2957 2186 3008 tatis contra imperium voluntatis, & rationis non contin
1347 3003 2183 3048 git in homine nisi ratione fomitis derelicti ex peccato
1344 3034 2191 3084 originali, quod quidem peccatum Christi mundissimam
1354 3075 2189 3118 aturam numquam defoedauit: cum praedicta tamen ple¬
1338 3118 2186 3176 na obedientia potest stare opposito volitorum: nam re¬
