2397 3538
206 299 1065 353 bellio, & contrarietas praedictorum appetituum non est
209 345 1071 394 praecise attendenda in volitorum oppositone: sed ex in¬
200 387 1061 433 orditato motu sensualitatis ad suum volitum, quando
207 421 1063 470 mouetur effrenate contra rationis imperium, ipsam ratio
206 460 1065 512 nem a suo motu ordinato retardando. Et per hoc patet
197 499 602 552 ad instantiam secundam.
354 569 929 649 ARTICVLVS In
200 650 1061 740 Vtrum christus mereri potuerit secundum humanan
522 716 758 786 poluntatem.
269 798 1075 871 IVANTVM ad tertium articulum, ponam duas con
227 856 1060 901 elusiones. Prima est, quod Christus mereri po¬
213 887 287 952 tuit
282 923 1061 984 Quia in quocunque sunt sufficier tia principia me¬
201 976 1067 1017 rendi, & non impedita, ille mereri potest: sed in Christo
210 1014 1069 1058 fuerunt sufficientia merendi principia in nullo penitus
220 1053 1064 1096 impedita: nam in Christo fuit caritas, quae est formale
216 1094 1067 1145 pincipium meritoriae operationis, opus virtuosum, quod est
210 1138 1070 1186 materia meriti: & voluntarie clicitum, quod est apta, seu
210 1170 1070 1215 congrua illius materiae disposito: intentio recta dirigens
207 1215 1061 1262 opera sua in fine debitum: & status meritorie agen tis, pr
208 1251 1070 1300 ta, status viatoris. Et omnes istae quattuor meriti causae in
201 1289 1062 1351 nullo penitus impeditae fuerunt in domino Tesu Christo
210 1332 342 1381 ergo &c.
222 1371 1070 1413 2 Praeterea, quicquid spectat ad perfectionem, & nobi
201 1410 1056 1460 litatem humanam, hoc Christo debet attribui: posse me
204 1449 1057 1497 reri est huiusmodi: quia nobilioris condicionis est, vt il¬
207 1488 1064 1530 lud, quod habet homo aliquo modo, habeat a se, quam
206 1527 1065 1577 quod totaliter habeat ab alio: sed quod quis habet por
207 1567 1054 1610 meritum, aliquo modo habet a se: Et loquor hic de tali
213 1604 1060 1650 bus, quae possibile est cadere sub merito: quia quamuis fi-
216 1646 1071 1689 lius in diuinis nullo modo sit Deus a se, sed a patre: pro¬
217 1684 1060 1740 pter hoc tamen non est con impersectior: quia naturaliter
226 1721 860 1769 esse diuinum non cadit sub aliquo merito.
270 1757 1062 1816 Praeterea, quicunque de facto iam meruit, illum possi
219 1799 1040 1851 bile fuit mereri: sed Christus de facto iam meruit: ergo
255 1838 1076 1891 Maior patet: quia quod impossibile est fieri, hoc impos
221 1871 1073 1925 sibile est factum esse: ergo quod possibile est factum esse,
226 1915 1068 1962 hoc possibile est fieri. Minorem probo. Et quo ad hoc
229 1959 1068 2013 taceo ratione breuitatis de omnibus bonis cogitationi¬
227 1997 1076 2045 bus, verbis, & operationibus peractis a Christo in carita
222 2035 1072 2083 te existente, quibus quilibet alter homo meruisset, si ea
216 2076 1066 2119 secisset, & per consequens etiam Christus ipsis meruit
223 2111 1069 2158 alias praedicta minus fructisera suissent in Christo, quam
216 2157 1071 2209 in alio homine. HIS inquam omnibus dimissis, arguam
215 2193 1066 2244 de sola Christi passione sic. llle, qui mortem talem vo¬
225 2231 1074 2277 luntarie sustinuit, qua omnem hominem a morte aeter¬
229 2271 1067 2314 na liberauit, hic huiusmodi passione meruit : Christus.
219 2315 1067 2359 huiusmodi. Et illud tangens August. ait de humilita¬
221 2351 1076 2395 re passionis Christi. Humilitas claritatis est meritum:
225 2388 767 2435 & claritas humilitatis est praemium
256 2430 1074 2473 FonrE dicetur, quod illius principium, quo quis me¬
225 2465 1077 2513 retur, debet esse ab intra, scilicet in merente: sed passio¬
229 2512 1071 2553 nis principium non fuit ab intra, sed ab extra, puta, a pas¬
219 2546 687 2599 sionem inserent ibus: ergo &c
266 2581 1083 2628 RESPONDEO, quod passio, vt passio est, non est meri¬
229 2625 1073 2672 toria: quia, vt sic, eius principium totaliter est ab extra: ta
222 2666 1079 2714 me passio, vt voluntarie assumpta est, & in bonum finem
227 2707 1074 2753 a patiente ordinatur, sic est meritoria: quia, vt sic, habet su
219 2744 1067 2794 um principium ab intra: sic autem fuit de passione Chri
222 2785 404 2835 sti ergo &c
270 2813 1046 2867 Sed contra ipsam conclusionem in se potest argui sic
243 2862 1078 2910 1 Actus procedens a caritate perfecta non potest esse
227 2908 1074 2949 meritorius: sed omnis actus Christi processit a caritat.
249 2943 1085 2986 erfecta: ergo nullus actus Christi potuit esse meritorius.
226 2979 1084 3028 Probatio maioris: quia actus meritorius anget caritatem:
224 3020 1074 3064 sed perfecta caritas non capit augmentum: ergo &c. Mi¬
225 3063 1085 3105 nor etiam probatur: quia spiritus, qui est caritas, datus est
232 3097 639 3146 Christo non ad mensuram.
296 3130 1093 3200 Praeterea, qui omnino perfectus est in bonis spiritua
1114 286 1971 360 libus, ille vlterius non potest proficere, nec per consequen
1116 351 1976 398 mereri: sed Christus omnino perfectus est in bonis spirie¬
1119 388 1374 442 tualibus: ergo &c
1140 433 1967 476 3 Praeterea, illud agens, quod in omni suo actu est ita
1125 469 1964 513 determinatum ad vnum oppositorum, quod nullo modo
1124 510 1964 550 potest in alterum: hoc nullo suo actu potest mereri pro¬
1120 547 1974 600 pter hoc enim agens naturale mereri non potest: quia est
1112 588 1976 636 determinatum ad vnum: sed Christus in omni suo actu est
1107 623 1967 673 ita determinatus ad bonum, quod nullo suo actu potest
1113 663 1333 712 facere nmalum
1138 701 1970 750 4 Preterea, ille, qui tale bonum, quod est perfectum
1125 747 1971 793 praemium, semper habuit, numquam meruit: quia de
1113 782 1961 828 natura meriti est, quod praecedat praemium: sed Christus
1112 821 1969 886 gloriam beatae vitae semper habuit, quae est perfectu prae¬
1113 858 1340 914 mium; ergo &c
1154 892 1983 952 Ad primum dicendum, quod caritas dupliciter potest
1117 932 1968 985 dici perfecta. Vno modo, vt est caritas comprehensoris;
1125 977 1964 1023 Alio modo, vt est caritas viatoris. Et isto secundo mo¬
1115 1015 1970 1058 do, maior est falsa: quia quanto perfectior fuerit caritas, du
1117 1057 1961 1100 modo habens eam sit verus viator, tanto magis opera a
1119 1101 1956 1147 tali caritate procedentia sunt meritoria. Quamuis igi¬
1123 1141 1971 1192 tur Christus non meruit, pro quanto caritatem perfecti
1113 1177 1959 1220 comprehensoris habuit, tamen mereri potuit, pro quan¬
1123 1210 1974 1260 to caritatem nerfecti viatoris habuit. Ad probationem
1120 1251 1970 1298 dicendum, quod perfecta caritas viatoris potest capere au
1126 1293 1965 1340 mentum, & hoc vel in se, eo quod perfectio caritatis viae
1125 1337 1964 1376 on consistat in vna punctuali mensura, vel in modo ha¬
1116 1370 1962 1416 bendi huiusmodi caritatem : vel ratione alicuius annexi
1114 1406 1302 1455 tali caritati.
1147 1445 1964 1509 Ad secundum dicendum, quod licet aliquis sit omni--
1120 1487 1971 1534 no perfectus, quo ad ea, quae respiciunt beatitudinem es¬
1114 1525 1961 1569 sentialem, potest tamen mereri, quo ad ea, quae respiciunt
1126 1570 1960 1617 peatitudinem accidentalem. Et licet Christus non me¬
1114 1608 1965 1657 ruit gloriam suae beatitudinis: meruit tamen exaltari in hu
1116 1647 1959 1710 manis cordibus sermonibus & operibus, quod est quoddam
1113 1686 1641 1736 accidentale praemium beatitudinis.
1149 1725 1971 1774 Ad tertium, nego maiorem: quia ad illam maiorem se
1137 1761 1962 1824 ueretur, quod nec Maria, nec aliquis in gratia Dei con¬
1120 1801 1965 1859 frmatus potuisset mereri, cum erat hic in via, quod est
1117 1840 1958 1887 simpliciter fal sum. Ad probationem dicendum, quod
1120 1883 1959 1926 agens naturale non prohibetur a merito ex hoc, quod de
1114 1923 1956 1974 terminatum est ad vnum: sed ex modo determinationis;
1129 1955 1958 2015 uta, quia necessario & non voluntarie tendit in illud v¬
1120 1995 1959 2058 num: sed Christus, & quilibet in gratia Dei confirmatus,
1123 2040 1964 2081 licet determinate tendat in bonum, tamen voluntarie, &
1115 2076 1970 2121 libere tendit in ipsum: huiusmodi enim determinatio non
1116 2116 1968 2179 minuit voluntatem, & libertatem: sed potius auget: & ideo
1116 2161 1716 2215 talis determinatio non repugnat merito
1150 2189 1959 2242 Ad quartum, negomaiorem: quia licet illud perfectum
1132 2236 1967 2294 raemium non meruit, potuit tamen multa accidentalia
1120 2271 1426 2326 mereri, vt iam patuit
1161 2305 1962 2364 Secunda conclusio est, quod Christus in primo in stan
1114 2345 1629 2412 ti suae conceptionis mereri potuit.
1131 2384 1964 2438 1 Quia pro quocunque instanti aliquis viator existens
1128 2430 1968 2488 potest in omnem spiritualem actionem competentem vi
1122 2472 1959 2528 ro perfecto, pro eodem instanti ille potest mereri: sed Chri
1126 2507 1965 2566 tus in primo instanti suae conceptionis &c. lsta patet per
1117 2549 1970 2596 Hiere. 31vbi de Christo quantum ad sui conceptionem
1122 2588 1973 2633 dicitur. Nouum faciet dominus super terram: foemina
1135 2623 1964 2675 tircumdabit virum. Hoc autem non potest intelligi quo
1123 2669 1970 2719 ad actiones corporales, cum corporalia sua membra tunc
1123 2706 1968 2774 fuerint ad modum ceterorum infantium debilia: ergo in
1123 2741 1685 2802 telligetur, quo ad actiones spirituales.,
1132 2784 1971 2836 2 Praeterea, Christus in primo instanti ratione habitus
1140 2823 1961 2867 loriae perfecte fruebaur: ergo in eodem instanti ratione
1129 2865 1965 2907 habitus gratiae, & caritatis sibi tamquam viatori compete
1128 2898 1971 2960 tis, persecte merebatur. Consequentia patet: quia sicut
1122 2941 1973 2983 se habet habitus gloriae ad frui beatifice: sic habitus gra¬
1119 2976 1571 3026 tiae viatoris ad mereri: ideo &c
1146 3016 1970 3074 3 Praeterea, perfectior est potentia, quae sic perficitur
1123 3062 1974 3116 aliquo habitu, quod est coniuncta actui, qui elicitur secu¬
1125 3093 1971 3153 dum talem habitum, quam si habitui coniungitur sine a¬
1134 3141 1968 3197 ctu: sed potentia merendi perfectissima semper fuit in
