2398 3539
273 270 1132 337 rem: ergo diuina maiestas, cum sit summa, non compatie
281 332 801 373 tur secum humanam infirmitatem.
290 369 1123 422 3 Praeterea, Deus non pot esse in creatura, nisi vel per
281 409 1130 450 essentiam, vel per praesentiam, vel per potentiam: sed nul
269 446 1129 492 lus istorum modorum per se, nec omnes simul sufficiunt
277 490 1124 539 ad incarnationem verbi: ergo impossibilis videtur esse in¬
273 525 1115 573 earnatio. Maior probatur: quia Deus non potest esse in
272 568 1120 612 rreatura, nisi vel secundum se, vel secundum suam opera
276 607 1114 653 tionem. Si secudum se, sic est modus secundum essentiam
271 645 1127 688 Si secundum operationem, vel secundum operationem im¬
270 685 1117 729 manentem, puta secundum intelligere & velle: Sic est
273 722 1121 767 secundum praesentiam, modo, quo dicitur aliquid prae¬
267 765 1119 806 sens esse rei, quod est in suo prospectu: vel secundum ope
266 803 1122 847 rationem transeuntem: & sic est secundum potentiam. Mi¬
267 841 1124 896 nor etiam patet: quia istis tribus modis Deus est in omni
275 880 1113 931 bus creaturis: ergo si isti modi ad assumptionem suffice¬
273 920 1110 966 rent: tunc omnes creaturas in vnitatem suppositi assum
272 959 485 1010 ret: ergo &c.
302 999 1115 1049 SED ista non concludunt: quia Annunciator istius be¬
267 1044 1116 1094 nedictae incarnationis dicit, quod non est impossibile apud
275 1075 602 1128 Deum omne verbum
309 1113 1117 1163 AD Primum igitur dicendum, quod dato, quod maior sit ve¬
267 1159 1122 1203 ra, loquendo de spirituali substantia creata: falsa tamen est,
270 1200 905 1249 loquendo de spirituali substantia increata
306 1242 1113 1286 Ad secundum nego maiorem: quia addit per se esse,
264 1277 1117 1329 quod vel est quaedam res absoluta, puta quaedam qualitas;
267 1318 1119 1363 seu proprietas naturae : vel saltem est quidam modus ab¬
262 1359 1109 1405 solutus, qui naturaliter est posterior natura: quia sequi¬
268 1392 1116 1445 tur eam, sicut naturalis proprietas illud, cuius est proprie
259 1439 1112 1484 tas: sicut aliqui magni doctores dicunt. vel concessa maio¬
258 1483 1118 1524 re dico, quod licet per quamcunque potentiam creatura
261 1516 1108 1562 non possit absolui a relatione, qua refertur ad creatorem.
264 1561 1102 1603 potest tamen Deus facere, quod creatura, quae derelicta natu¬
261 1590 1118 1637 rali suo cursui, vno modo refertur ad creatorem: sibi non
261 1625 1033 1675 derelicta, alio modo referatur: & sic est in proposito.
306 1667 1110 1715 Ad tertium dicendum, quod ibi est mutatio realis ex parte hu
259 1718 1118 1756 manitatis, quae de suo esse potentiali trassata est ad actua
267 1746 1112 1793 le esse, quod differt ab essentia: vt patebit in tertio articulo.
303 1787 1112 1828 Ad quartum dicendum, quod Deus, antequam vniretur
256 1823 1112 1875 humanae naturae, fuit ei vnibilis: non tamen vnitate passi¬
258 1861 1100 1912 na se tenente ex parte Dei, sed solum ex parte creaturae.
263 1906 1106 1955 & ideo non requirebatur motor reducens aliquam possi
271 1947 1109 1991 bilitatem passiuam in actum, quae se teneret ex parte Dei:
264 1988 1103 2032 sed solum ex parte naturae humanae: quia Deus solum fuit
257 2025 1106 2068 vnibilis vnitate actiua: puta qa potuit sibi vnire creaturam,
271 2062 1112 2105 Ad quintum dicendum ad maiorem, quod inter vnibilia
267 2104 1112 2148 non semper requiritur proportio commensurationis, sed
270 2144 1095 2188 ordinis: finitum autem ad infinitum licet non habeat
270 2186 1103 2231 proportionem commensurationis, habet tamen propor¬
265 2225 1113 2271 tionem ordinis, seu ordinatae imitationis. Vnde quamuis
271 2267 1109 2309 primum mouens sit virtutis infinitae: vt patet 8. physico¬
258 2292 1100 2345 rum, omnia tamen ordinantur ad ipsum: vt patet ibidem,
264 2336 533 2391 & 12 metaphysic¬
301 2362 1103 2420 Ad sextum dicendum, quod sicut duo contraria possunt
262 2423 1103 2462 esse in eodem supposito, in alia tamen, & alia parte: sic dei¬
256 2461 1096 2505 tas, & humanitas in eodem Christo: est enim Deus seci
254 2494 1100 2542 dum aeternam naturam a patre aeternaliter genitus: & ho
250 2534 1107 2580 mo secundum temporalem naturam a matre temporali¬
257 2577 401 2626 ter natus.
319 2606 1106 2655 Ad septimum dicendum, quod non est simile: quia
263 2655 1094 2703 malitia non potest assumi sine derogatione bonitatis
261 2702 1103 2741 sed infirmitas potuit assumi absque omni derogatione sum
256 2731 1101 2783 mae maiestatis. Sic enim filius assumpsit, quod non erat,
262 2770 875 2830 quod tamen perfecte remansit, quod erat.
295 2802 1098 2857 Ad octauum nego minorem. Ad probationem dicen¬
259 2849 1103 2898 dum, quod licet Deus, vt secundum se per generalem il
255 2893 1103 2941 lapsum, est in creatura, sic per essentiam dicatur generali¬
261 2930 1098 2979 ter esse in omni creatura: tamen prout est in aliqua crea
259 2974 1103 3018 tura per specialem illapsum: sic multis modis speciali¬
258 3005 1088 3060 bus potest esse in specialibus creaturis: puta in virtuosu
268 3045 1088 3095 viatore per gratiam gratificantem, in comprehensori
262 3085 1097 3141 per gratiam glorificantem, in Christo per gratiam vnio¬
252 3125 1012 3191 nis hypostaticae naturam humanam sustentantem
1310 327 1889 405 ARTICVLVS I
1171 405 2001 486 Vtrum talis assumptio, seu incarnatio fuerit solitarit
1218 476 1996 525 termmata ad perscnam filij absque hoc, quod ter¬
1207 521 1998 588 minaretur ad personam patris, & spritus sancti
1182 638 2012 706 SVANTVM ad secundum articulum dico, quod qui¬
1179 682 2012 733 libet Christianus credere tenetur, quod quamuis
1165 732 2007 780 tota trinitas, & appropriate spiritus sanctus operatus sit
1174 768 2010 809 namc benedictam incarnationem naturam humanam for
1158 805 2000 850 mando: ad solam tamen personam filij huiusmodi in¬¬
1159 843 1997 884 carnatio est terminata. Quia ad solam illam personam
1173 883 2006 929 terminatur incarnatio, quae vere est incarnata: sed sola
1160 924 1664 977 persona filij est incarnata: ergo &c
1200 954 2003 1004 Non plus ad praesens de isto articulo: quia in sequenti
1174 1000 1992 1045 uaestione intendo pertractare, quo modo illud esse po¬
1167 1034 1649 1096 tuerit sine omni contradictione.
1293 1146 1865 1227 ARTICVLVS Il
1195 1230 1941 1314 Vtrum ratione huius incarnationis in christo
1347 1299 1785 1371 Dei filio fuerint plura esse¬
1191 1408 1988 1481 VANTVM ad tertium articulum, primo distinguen
1266 1475 1985 1521 dum est de esse: quia propter multiplicem eius
1149 1511 1994 1557 acceptionem, multae contingunt aequiuocationes in di¬
1154 1548 1982 1594 ctis doctorum. Accipitur enim esse quinque modis. Pri¬
1158 1588 1981 1631 mo pro ipsa rei essentia: & sic dicitur o, topicorum, quod
1158 1632 1989 1676 diffinitio est oratio quid est esse rei significans. Et 3. de
1146 1666 1988 1713 anima dicitur, quod intellectus extensus, id est, directo,
1158 1706 1988 1749 & recto aspectu carnis esse cognoscit. Et Aui. in metaph¬
1157 1745 1978 1789 sua ait, quod primum obiectum intellectus est ens, & esse
1159 1780 1995 1825 In his omnibus & ceteris dictis consimilibus accipitur es
1157 1822 1987 1870 se pro ipsa essentia rei, quae proprie diffinitur, & ipsa diffi
1149 1862 1984 1914 nitione significatur quo ad primum dictum: & recto aspe
1150 1901 1988 1952 ctu intelligitur quo ad secundum, & primo intellectur
1161 1944 1985 1990 obiicitur quo ad tertium. Secundo modo sumitur esse
1154 1984 1990 2030 pro eo, quod vna natura sortitur ex coniunctione ad aliam,
1152 2027 1994 2071 sicut in rebus absolutis. Materia enim sortitur esse exten
1159 2058 1985 2107 um per coniunctionem ad quantitatem, vel ex habitudi
1159 2098 1981 2144 ne ad aliam, sicut in respectiuis. Tertio accipitur esse pro
1149 2139 1984 2186 habitudine compositonis praedicati cum subiecto: & hoc
1154 2176 1991 2223 modo esse, vel ly est accipitur tertio adiacens: quia compu¬
1146 2213 2001 2259 lat, & coniungit duo extrema, scilicet praedicatum & sub¬
1156 2254 1988 2299 iectum: sic enim hoc verbum est significat composi¬¬
1151 2294 1991 2347 tionem, quam sinc composits non est intelligere, vt dici
1153 2332 1985 2383 tur 1 perihermenias, & significat, vt verum, secundum quod
1146 2370 1979 2413 dicitur s. metap. Quarto modo accipirur pro actuali ex
1151 2414 1979 2459 stentia rei. Et quinto modo sumitur pro ipsa subsistenti
1149 2449 1979 2494 rei, quae est idem, quod per se subsistere, & alteri non inni
1157 2491 1984 2539 ci. Et secundum hoc, possunt poni quinque conclusiones,
1158 2536 1852 2577 primae quattuor affirmatiuae, & quinta negatiua
1180 2561 1980 2619 PRIuA est, quod primo modo accipiendo esse, scilicet, pr
1151 2598 1984 2667 ipsius rei essentia, sic in Christo sunt plura esse: quia in ip
1140 2644 1951 2698 so sunt plures essentiae, scilicet, diuinitas, & humanitas.
1190 2683 1973 2730 SECVNDoO modo accipiendo esse, etiam sunt plura essi
1150 2719 1982 2771 in Christo, secundum, quod plura sunt in eo, quorum vnum
1153 2762 1988 2812 perfectionaliter coniungitur alteri, vel vnum habitudinem
1146 2811 1985 2848 realem habet ad alterum: anima enim Christi informat
1145 2848 1983 2885 eius materiam, & accidentia totam compositam naturam.
1195 2883 1980 2932 TERTro modo accipiendo esse: tot possumus ponero
1142 2925 1985 2981 esse in Christo, quot possumus veras propositiones de
1142 2960 1388 3011 eo pronunciare.
1189 2986 1982 3051 QARro modo iterum sunt plura esse in Christo; qa
1144 3036 1989 3080 aliud est esse actualis existentiae humanitatis, & aliud
1150 3080 1973 3126 deitatis. Nam esse actualis existentiae humanitatis prtpa
1144 3115 1981 3168 lem gnationem est acquisitu, & differt realiter a sua essentia;
