2420 3532
265 262 1127 321 tur ex decretis. Cuncta reuiuiscunt, quae quondam viua
262 309 1125 365 fuerunt: Sed talis gradus caritatis, cui scilicet tale praemium
270 348 1120 397 debet respondere, quondam viuus fuit in huiusmodi poe¬
261 392 1117 436 nitente : ergo talis gradus, & per consequens aequalis ca¬
270 427 1116 478 ritas reuiuiscet. Si autem talis poenitens non solum suffi¬
264 473 1115 522 cienter, verum etiam feruenter, & eminenter conteritur;
265 505 1121 548 tunc non solum aequalem, verum maiorem recipiet carita
266 548 1105 599 tem, quam habuerat antequam peccauit. Et isto modo v
265 587 1109 634 rificatur illud verbum apostoli dicentis, Diligentibus Dei
258 625 1116 668 omnia cooperantur in bonum his, qui secundum proposi
268 664 1110 713 tum vocati sunt sancti. Super quo verbo dicit glo, quod
255 704 1114 758 etiam ipsa peccata cooperantur eis in bonum: quia por
268 741 1080 797 poenitentiam feruentiores efficiuntur in bono.
285 778 1110 836 Sed oppositum illius tenet quidam doctor dices, quod ex
260 812 1107 869 hoc, quod aliqui tepidi sunt in poenitendo: quamuis tamer
264 864 1125 920 poeniteant: ideo resurgit in talibus hominibus minor ca¬
259 904 904 950 ritas, quam ante habuerant.
278 939 1116 991 lstud non valet: quia vel illa tep iditas est tanta, quod
251 976 1115 1030 Deus huiusmodi poenitentiam non acceptat, tunc nulla
255 1017 1113 1067 redit caritas, eo quod sic poenitens non consequatur ue¬
253 1055 1109 1106 niam peccatorum, vel quod Deus acceptat huiusmodi po
268 1091 1103 1145 nitentiam, & largitur veniam: tunc ad minus redit aequa
255 1132 1106 1183 lis caritas: quia posito, quod pro tunc poenitens moriatur
271 1170 1103 1230 ipse tale praemium consequitur, quale consecutus fuisse
255 1212 1106 1265 si mortuus fuisset antequam fceerat hoc peccatum, quo
267 1250 1118 1298 perdidit caritatem. Vnde propter commissum peccatum
271 1294 1112 1341 tali homini vere contrito non diminuitur praemium es¬
254 1324 1119 1379 sentiale in gloria: quia propter huiusmodi peccatum da¬
262 1374 1108 1412 tur ei poena satisfactoria. Non enim iudicat Deus bis in
267 1410 1112 1460 idipsum, sicut dicit propheta. Sed hoc faceret, si pro deli¬
270 1448 1109 1497 cto diminueret beatam gloriam, & cum hoc infligeret pe
257 1489 824 1540 nam satisfactoriam.
269 1527 1109 1583 Forte obijcietur hic illud, quod scribit Amos. Non
264 1570 1106 1623 adiiciet resurgere virgo israel. Vbi dicit glo. Non negat,
255 1609 1107 1657 quin resurgat: sed quod possit resurgere virgo: quia semel
258 1647 1112 1693 oberrans etiam si reportetur humeris pastoris, non ha¬
264 1682 719 1735 bebit tantam gloriam.
298 1720 1085 1781 Respondeo, quod loquitur ibi de gloria acciden
337 1758 1029 1816 tali, quae debetur Virgini, vt virgo est, pu¬¬
364 1811 1068 1858 ta, de aureola : non autem de praemio.
410 1838 952 1897 seu gloria essentiali, de qua ioqui¬
444 1883 912 1937 mur in proposito Sicut enim
498 1915 858 1968 quae perdidit virginita¬
539 1955 822 2012 tem, non resurget
572 1994 788 2058 Virgo, sic nec
621 2035 732 2090 habebit
624 2083 743 2128 in pa¬
466 2112 897 2161 tria aureolam, quae debetur
556 2152 815 2213 Virgini: ergo &c.
377 2277 957 2355 AR 3 IC III
373 2354 975 2436 Vtrum, supposito, aliquis amu¬
447 2420 902 2486 tat caritatem, propter hoc
492 2469 887 2524 deleatiu de sibro vitae.
325 2592 1100 2642 VANTVM ad secundum articulum tria sunt videm¬
373 2636 1100 2682 da Primo, quid sit liber vitae. Secundo, quomodo
252 2675 854 2724 in isto libro aliqui dicuntur esse scripti.
291 2711 997 2762 Tertio vtrum in eo scripti possint ab eo deleri.
298 2751 1097 2803 Quo ad primum sciendum, quod liber vitae potest qua
260 2791 506 2843 drupliciter sumi
297 2832 1100 2879 Primo pro eo, in quo tandem relucebit qualiter ho¬¬
254 2870 1090 2920 mo vixerit. Et sic conscientia hominis dicitur liber vitae
270 2907 1090 2964 quia in extremo iudicio cuiuslibet conscientia patebit
261 2956 994 3000 & in ea videbitur omne, quod in vita sua peregit.
300 2989 1097 3039 Secundo: quia in eo videtur modus viuendi, per quem
256 3026 1103 3076 ad vitam aeternam veraciter peruenitur. Et sic scriptura sa
261 3071 1103 3116 cra dicitur liber vitae, luxta illud Hec omnia liber vitae,
253 3105 626 3167 & testamentum altissimi
1160 268 2030 344 Tertio, dicitur liber vitae illud; in quo relucent illa,
1157 326 2012 385 quibus meremur vitam. Et sic diuina notitia dicitur li¬
1164 355 2012 425 ber vitae, pro vt in ea relucentiopera meritoria, in quibus
1163 393 2002 456 si homo finaliter perseueraret, consequeretur vitam.
1161 443 2000 503 Quarto, dicitur liber vitae ipsa diuina praescientia, seci
1167 471 2012 534 dum quam Deus, quasi libro legendo, infallibiliter co¬
1171 522 2006 580 gnoscit condicionem, & numerum ad vitam aeternam ele
1163 563 2004 618 ctorum. Et isto quarto modo accipitur hic in proposito
1159 594 2000 658 liber vitae. Et quia propter infallibilitutem illius libri al
1163 635 2004 696 qui quandoque pro eodem videbantur accipere praedesti
1166 682 1996 732 nationem, & librum vitae, iuxta quem sensum videntu
1169 716 2009 767 procedere verba glo, super illo verbo, Quorum nomina
1159 758 2009 815 scripta sunt in libro vitae, vbi dicit glo. Liber vitae est prae
1169 787 1997 852 destinatio Dei in qua omnes sancti scripti sunt. Ideo es
1166 838 2003 893 aduertendum, quod quamuis liber vitae, & praedestinatio
1161 869 2004 931 ambo habeant innumerabilem stabilitatem: tamen eo
1159 904 2006 972 rum differentia potest considerari eo, quod praedestina¬
1167 943 2003 1002 tio addit ad librum vitae: lsta enim per ordinem videntur
1155 985 2011 1048 se habere, Dei dilectio, electio, liber vitae, praedestinatio,
1160 1021 1995 1090 vocatio, iustificatio, & praemiatio seu magnificatio.
1164 1061 2003 1114 Nam Deus diligit nos secundum, quod vult nobis bo¬
1153 1102 1998 1161 num iuxta quod dicitur 11. Hhetoricae, quod amare ess
1157 1140 2009 1196 uelle alicui bonum: Cum igitur non simus eligibiles nisi
1166 1189 1992 1246 vt boni sumus, patet, quod dilectio aliquo modo praece¬
1163 1221 1996 1292 dit electionem. Item, quando in aliqua multitudine alo
1163 1266 1998 1320 qui ordinandi sunt ad aliquod excellens bonum, & ali¬
1163 1307 1989 1361 qui non, tunc ordinandi prius a non ordinanmdis separantur
1164 1342 1989 1402 quam ipsi ordinandi stabiliter conscribantur. Et quia ta
1153 1378 2003 1436 lis separatio fit per electionem, vel est ipsa electio: & eo¬
1154 1423 2002 1476 rum descript o est ipse liber vitae: ideo electio praecedit li
1161 1454 1994 1522 brum vitae. Item, tales ordinandi prius sunt in ordinan¬
1152 1500 1997 1558 tis certa notitia quasi in libro conscripti, quam ordinen¬
1155 1539 1995 1596 tur, & dirigantur in huiusmodi bonum: ldeo liber vita
1159 1571 1995 1634 praecedit praedestinationem, quae est ordinatio electorum
1154 1623 1999 1671 in vitam aeternam secundum aeternum Dei propositum¬
1164 1652 1998 1719 Item, aeternum propositum istius ordinationis praecedit
1152 1695 2007 1754 actualem eius prosecutionem in effectu. Vocatio autem,
1158 1736 2001 1792 prout in proposito sumitur, est ipsa collatio gratiae, per
1161 1775 1988 1824 quam collationem huiusmodi ordinatio mandatur exe¬
1162 1812 1991 1869 cutioni ldeo praedestinatio praecedit vocationem. Item
1156 1853 1998 1904 cum iustificatio sit quasi effectus gratiae: quia ex hoc, quod
1158 1894 1996 1951 gratia recipitur in aliquo, ipse recipiens iustificatur: ideo
1162 1936 2003 1978 iustificatio, secundum nostrum modum intelligendi, sequi
1151 1971 2004 2031 tur vocationem, quae est gratiae collatio. Item, cum iustificati
1162 2005 1989 2068 fuerimus tunc meremur praemiari, seu magnificari: idec
1154 2045 1998 2106 iustificatio praecedit magnificationem. Et hunc ordinem
1146 2089 1989 2145 attendens Apostolus quantum ad quattuor terminos v
1154 2127 1994 2184 timo dictos, ait. Quos autem predestinauit, hos & voca¬
1161 2168 1994 2221 uit, & quos vocauit, hos iustificauit, & quos iustifica¬
1154 2203 1524 2255 uit, hos & magnificauit.
1188 2244 1986 2295 Quantum ad secundum hic videndum. dicunt quidam
1154 2287 1992 2342 quod numerus electorum formaliter sumptus est certitu
1156 2315 1995 2383 dinaliter scriptus in libro vitae, puta, certum est in Dei noti
1152 2362 1995 2411 tia, quot sunt saluandi: sed non qui sint illi, puta, vtrum
1149 2399 1989 2462 isti homines, vel isti. Et forte poterant isti moueri ex eis¬
1145 2441 1989 2495 dem motiuis, quae adduxi. 1. sen. dist. 4o contra praescien¬
1149 2478 1996 2528 tiam Dei, & praedestinationem, quae ad praesens omitto:
1158 2522 1995 2576 quia ibi ostendi, quomodo, non obstante Dei infallibili
1151 2562 1989 2613 notitia, qua Deus cognoscit quemlibet praedestinatum
1155 2600 1988 2647 esse saluandum: tamen ex hoc non tollitur rerum contin
1153 2643 1980 2695 gentia ex parte praedestinatorum, quin quilibet eorum
1162 2681 1993 2730 quantum est ex se, libere, & contingenter saluetur,
1167 2718 1986 2774 1 Est etiam ista opinio contra catholicam veritatem
1169 2755 1988 2805 uia cognitio Dei valde imperfecta esset, si solum cogno
1145 2790 1985 2854 sceret numerum electorum, & non cognosceret singula¬
1158 2828 1443 2875 res personas electas
1152 2872 1985 2921 2 Praeterea, ipsa Dei notitia proficeret ex tempore: qui¬
1146 2911 1990 2966 antequam aliquis esset saluatus, non cognosceret Deus
1149 2946 1488 2995 eum esse saluandum.
1186 2991 1989 3046 3 Praeterea, ipsi electi scripti sunt in libro vitae: sed Sal
1148 3033 1994 3084 uator ait. Ego scio, quos elegerim, & Ego cognosco oues
1142 3077 1985 3124 meas, & cognoscunt me meae: ergo in Dei notitia, quae es
1151 3105 1993 3161 ipse liber vitae, non solum obiicitur, & inscribitur numcrus
