2383 3566
243 270 1094 338 4Praeterea, secundum Ari. 8. ethi amicabilia, que
240 332 1097 382 sunt ad alterum, venerunt ex amicabilibus hominis ad
246 376 997 418 seipsum: sed causa potior est fuo effectu: ergo &c.
245 415 1088 456 3 Praeterea, Der. li. de diligendo Deum ponit quat.
245 455 1082 506 tuor gradus diligendi. primus est, cum homo nihil dili
246 492 1088 552 git nisi se. Secundus, cum homo nihil diligit nisi propter
240 533 1088 586 se. Tertius est, cum diligit Deum. Quartus, cum diligi¬
241 572 1094 623 seipsum, & omnia alia propter Deum, Et ait ber. quod
240 612 1093 658 tertius, & quartus gradus sunt gratuiti, & quartus a pau¬
240 650 1097 701 cissimis in hac vita, & quasi raptim attingitur. Et hoc ipsi
243 693 841 736 respondent ad motiua primae opinionis
246 729 1083 771 Ad primum dicunt, quod quamuis Deus sit intimio¬
243 768 1090 813 cuilibet creaturae, quam creatura sibi ipsi quantum ad
237 809 1081 852 caritatem conuersationis: non tamen quantum ad ratio.
230 842 1085 893 nem vnionis: & quia vnio maxime consideratur in dile¬
233 880 1086 929 ctione amicitiae: ideo quamuis Deus sit intimior creatu¬
234 934 1091 976 rae: tamen homo magis diligit se, quam Deum dilecto¬
237 965 1027 1014 ne naturali, cum magis sit idem sibi ipsi, quam Deo.
269 1002 1085 1057 Sed ista responsio magis videtur concedere propositum
240 1041 1076 1096 primae opinionis, quam oppositum: nam ad hoc, quos
243 1087 1086 1128 creatura magis diligat Deum, quam seipsam, sufficit, vt
235 1118 1080 1165 Deum concupiscat, vt summum bonum in se includen¬
233 1158 1079 1208 omne bonum, & in ratione conseruantis creaturae boni¬
236 1206 1082 1255 tatem, & subsistentia intimius inesse creaturae, quam crea
231 1238 497 1291 tura insit sibi ipsi¬
269 1268 1079 1320 Ad secundam dicerent aliqui istorum, quod licet in¬
234 1315 1091 1363 clusum, vt inclusum, aequaliter diligat includens, & se ip¬
235 1354 1087 1410 sum: tamen, vt est quoddam ens per se, vt sic, magis dili¬
234 1394 676 1453 git se, quam illud includens
271 1440 1086 1478 Sed nec illud valet: quia cuius priuatio ab humana vo
234 1474 1075 1524 luntate naturaliter magis refutatur, eius posito magi¬
240 1518 1087 1567 diligitur: sed stante recto rationis iudicio tunc Deum
228 1550 1081 1604 non esse magis refutat humana voluntas, quam seipsam
228 1598 1068 1640 in propria subsistentia non esse : ergo homo secudum re
230 1633 1085 1683 ctam rationem magis diliget Deum, quam se ipsum, etiam
240 1670 1083 1716 vt est res per se subsistens. Maior patet. Minorem probo.
230 1712 1071 1763 quia ad non esse ipsius Dei sequitur non esse omnis crea
231 1756 1081 1801 turae, & in se, & in suis causis: sed ad non esse illius homi¬
233 1783 1083 1838 nis in se, non sequitur eius non esse in sua causa, quae est
240 1831 1073 1882 Deus : nec etiam sequitur non esse ceterarum creatura¬
247 1868 1079 1915 rum : ergo stante naturalis rationis recto iudicio, magis
243 1903 1076 1951 debet humana voluntas refutare Deum non esse, sinc
236 1950 1073 1996 cuius esse nihil aliud potest conseruari in esse, quam non
237 1983 1070 2038 esse sui ipsius, & per consequens magis diliget positionem
236 2023 815 2072 seu esse ipsius Dei, quam esse sui ipsius.
260 2052 1069 2106 Ad tertium dicunt, quod natura non potest omne id
232 2098 1073 2150 quod naturalis ratio dictat. Nam naturalis ratio dictat
221 2147 1075 2190 Deum esse maxime cognoscibilem: & tamen homo non
230 2189 1071 2241 potest Deum maxime cognoscere manente ipso hominu
233 2222 1072 2269 in suis puris naturalibus. Sic in proposito, quamuis ratio
236 2256 1079 2309 dictet Deum esse maxime diligendum: tamen hoc homo
232 2295 1077 2347 non potest ex suis naturalibus implere. Et addunt, quod
229 2336 1071 2383 istud, puta, quod sua naturali dilectione magis tendit in
225 2378 1081 2427 se, quam in Deum, non prouenit ex peruersitate naturae:
234 2416 971 2466 sed ex debilitate, sicut etiam patet de cognitione
264 2450 1068 2499 Sed nec illud valet: quia quamuis ratio naturalis di¬
233 2501 1078 2544 ctet Deum esse maxime cognoscibilem, vel saltem magis
224 2536 1066 2587 cognoscibilem, quam aliquam creaturam: tamen ratio
234 2571 1073 2627 naturalis non dictat Deum esse magis cognoscendum, quam
231 2615 1070 2665 creaturam, maxime pro statu praesentis vitae: quia tunc
231 2656 1081 2703 ratio naturalis falsum dictaret: sed ratio naturalis dictat
220 2693 1066 2737 Deum non solum esse diligibilem super omnem creatu¬
238 2724 1061 2780 ram, verum etiam dictat eum ab homine esse diligendi
236 2773 1063 2821 super omne creaturam: quia ratio naturalis dictat ipsum
231 2804 1073 2859 Deum esse summum bonum, sine quo nihil potest esse
230 2846 1079 2899 diligibile, vel bonum. Nec valet illud, quod addunt: quia
223 2889 1078 2936 diligere vltimum finem non per modum vltimi finis ex
236 2921 1071 2982 peruersitate videtur contingere: quia est quaedam deuia¬
239 2961 1063 3014 tio ab ordinata dilectione vltimi finis Nec est, simili
238 3012 1069 3064 quo ad hoc de cognitione Dei, & dilectione Dei: quia
230 3042 1073 3092 actus cognoscendi Deum magis, quam creaturas non est
240 3081 1077 3139 in nostra potestate, sed actus diligendi Deum super om-
230 3121 1066 3176 nes creaturas est in nostra potestate, cum ratio naturali
1139 297 1998 364 videatur hoc persuadere: Non loquor tamen in pro¬
1159 347 2001 385 osito de dilectione meritoria, quam non possumus ha¬
1141 383 1634 431 bere sine gratia Dei, & caritate.
1180 423 1989 478 Ad quartum negant consequentiam. Ad probationem
1144 452 1996 510 dicunt, quod dilectio supernaturalis, puta, caritas pro tan¬
1135 502 1989 557 to dicitur perficere dilectionem naturalem, quia perficit
1143 538 1992 597 ipsam naturam, quae est capax dilectionis gratuitae. Vel
1140 574 1998 637 dicitur eam perficere, non quod vtraque dilectio simul
1134 617 1985 678 maneat in voluntate, & vna sit alterius perfectio: sed pro
1131 657 1988 715 tanto hoc dicitur: quia adueniente caritate, quae est per¬
1135 694 1766 738 fecta dilectio, cessat esse dilectio naturalis.
1174 732 1979 786 Sed nec illud valet nam caritas non solum perficit na¬
1138 780 1988 830 turam diligentis, verum etiam perficit ordinatum actum
1134 813 1985 858 dilectionis naturalis. Etiam secundo salsum assumit:
1137 856 1977 905 quia in his, quae sunt alterius, & alterius rationis non es
1143 897 1992 950 necesse, adueniente perfecto, cessare imperfectum, nisi hu
1128 925 1983 989 iusmodi perfectum sit oppositum ipsi imperfecto: quia in
1134 978 1989 1028 quantum talia non sunt eiusdem rationis, tunc non ha¬
1140 1018 1992 1067 pent naturalem repugnantiam ad simul essendum in eo¬
1140 1046 1977 1109 dem, qualem habent duo accidentia absoluta solo numo
1140 1093 1986 1145 ro differentia, & in quantum non sunt opposita, tunc non
1128 1123 1988 1180 habent formalem repugnantiam: sed dilectio naturalis,
1129 1162 1984 1218 sequens rectum iudicium rationis, nec est eiusdem ratio
1137 1207 1793 1247 nis cum caritate, nec opponitur ei: ergo &c
1176 1243 1987 1292 Ad quintum dicunt, quod pars, vt est idem toti, sic aequa¬
1132 1280 1991 1333 liter diligit se, & totum: sed vt aliqualem habet diuersita
1128 1327 1986 1379 tem a toto, sic magis diligit se, quam totum. Et cum di¬
1125 1363 1985 1412 citur, quod pars exponit se pro toto: dicunt, quod hoc non
1129 1405 1982 1447 est verum: quia ipsum totum exponit partem pro salute
1129 1437 1977 1487 sui, sicut etiam totum exponit partem viliorem pro par¬
1133 1480 1982 1531 te nobiliori, puta, manum pro capite. De cine etiam di
1138 1519 1971 1570 cunt, quod in huiusmodi expositione magis diligit se, qu
1127 1559 1985 1611 totam communitatem, plus enim, vt dicunt, diligit sibi
1125 1595 1980 1655 bonum virtutis, quam salutem communitatis. Et datos
1125 1637 1973 1682 quod in tali expositone plus diligat communitate quo
1121 1679 1976 1733 ad bonum secundum quid, scilicet quantum ad salutem cor¬
1135 1718 1976 1768 poralem: tamen plus diligit se quo ad bonum simpliciter,
1125 1757 1978 1804 scilicet quantum ad bonum virtutis. Propter quod phi¬
1129 1789 1964 1847 losophus 2: magnorum moralium, & 9. ethicorum, vult, qui
1128 1830 1962 1881 quilibet se ipsum maxime debet amare quantum ad opt
1130 1876 1977 1928 ma bona, quae sunt opera virtutum: non autem quo ad
1125 1913 1964 1967 alia bona: quia maxime se amando quo ad alia bona, tun¬
1131 1944 1887 1995 deficit a bono virtutis, quod maxime amandum est
1168 1986 1964 2035 Sed nec illud valet, vt apparet ex his, quae dicta suni
1126 2029 1964 2075 contra secundam responsionem. Etiam ista responsio
1135 2072 1962 2120 concedit nobis propositum: quia tunc diligimus nos ac
1119 2110 1968 2152 maxima bona, cum diligimus nos ipsos propter Deum, &
1124 2140 1979 2191 Deum propter se ipsum. Etiam ad illud, quod addunt
1131 2179 1974 2246 de parte, dico, quod si totum exponit partem, hoc est. pro
1121 2229 1963 2273 tanto: quia parti non conuenit per se, & libere agere se¬
1129 2262 1968 2320 cundum quod pars est: si tamen sibi competeret per se, &
1122 2299 1967 2349 libere agere, tunc ipsa pars ex sua propria libertate se ip¬
1120 2338 1974 2399 sam exponeret periculo pro totius salute. Et quod di¬
1130 2382 1961 2433 cunt de ciue, non videtur esse verum: quia multi se mor¬
1117 2424 1959 2473 ti exposuerunt pro sua communitate saluanda, qui nulla
1129 2463 1968 2514 vitam crediderunt post hanc vitam, vt patet de multis ciuibus
1123 2496 1971 2553 Romanis, antequam essent Christiani. Etiam multi
1116 2539 1970 2586 & si crediderunt aliam vitam: tamen non reputauerunt
1126 2572 1550 2623 ibi opus esse politica virtute.
1152 2619 1968 2669 Ad sextum ipsi dicunt, quod finis diligitur dilectione,
1119 2652 1960 2702 seu amore concupiscentiae: & ideo non est ad propositum
1123 2695 1695 2739 quia nos quaerimus de amore amicitiae.
1158 2732 1960 2783 Sed nec illud valet: quia omne, quod amatur amore con
1119 2772 1964 2827 cupiscentiae, hoc amatur propter alterum: quia tale quid
1123 2814 1962 2869 amamus nobis, vel amicis, & per consequens ipsum ama
1126 2849 1971 2904 mus propter nos, vel propter amicos, sed de ratione finis
1115 2894 1964 2941 est, quod ipse non ametur propter alterum: sed omnia a¬
1120 2927 1962 2984 lia propter ipsum : ergo amor finis, vt finis est, non vide¬
1122 2972 1966 3014 tur, quodsit amor concupiscentiae. Finis enim amabilis
1122 3012 1971 3066 est propter se ipsum, & ea, quae sunt ad finem, amantur
1123 3046 1349 3095 propter finem.
1159 3085 1968 3140 Ad primum motiuum istorum dicendum, quod quamuis
1115 3132 1970 3191 res sit maxime idem sibi ipsi identitate naturali, tamen
