2392 3542
428 256 1274 321 3 Praeterea, oninis homo non confirmatus in gratia,
413 307 1259 365 potest perdere caritatem: sed homo talis, in quo fome
417 347 1271 408 peccati nec est ligatus, nec extirpatus, non est confirma¬
420 387 1264 438 tus in gratia: ergo &c. Maior patet, quia caritas non po¬
426 431 1267 477 test esse in aliquo sine gratia: nam impossibile est, quod
410 464 1261 518 aliquis sit carus, & tamen non sit gratus: ideo eadem pos¬
417 506 1270 561 sibitate, qua quis potest perdere gratiam, eadem potest
431 543 1275 588 perdere caritatem. Minor etiam patet: quia nullus vi¬
426 591 1278 643 detur esse confirmatus, nisi fomes sit in eo ligatus, saltem
426 627 798 688 quo ad peccata mortalia
446 647 1274 717 Forte dicetur, quod Apostolus Paulus fuit in gratia con
413 698 1262 756 firmatus, & fomes non videtur in eo fuisse ligatus, cun
420 735 1261 791 ipse tantas senserit tentationes, quod de seipso ait, Ser
427 785 1278 827 tio quidem aliam legem in membris meis repugnantem
428 826 1204 882 legi mentis meae, & captiuantem me in lege peccati
461 854 1252 916 Respondeo, quod quamuis fomes quo ad hoc non fuc
417 897 1272 940 rit in Apostolo pro tunc ligatus, quin permittente Deo
422 940 1258 994 tentationes senserit: sic tamen fuit ligatus, quod huius
426 970 1262 1033 modi tentationes progredi non poterant vsque ad mor
428 1011 1271 1072 tale peccatum : propter quod dixit ei dominus Sufficit
425 1036 1261 1107 tibi gratia mea: nam virtus in infirmitate perficitur. Vn
428 1091 1267 1146 de idem Apostolus volens ostendere fomitem esse liga¬
434 1127 1267 1190 tum quo ad omnia ea, quae ipsum possent separare a ca¬
426 1176 1274 1230 ritate Dei, sic ait. Scio enim, & certus sum, quod neque
430 1207 1278 1263 mors, neque vita, neque altitudo, neque profundum, nec
429 1246 1273 1307 aliqua creatura nos separare poterit a caritate Dei, quae
436 1290 713 1350 est in Christo Icsu¬
456 1307 1275 1383 Sed contra istam conclusionem est quaedam opinio,
428 1368 1270 1429 cuius mentionem facit Magister hic in littera, quae ponit
425 1407 1275 1457 quod nullus homo, qui semel habuit caritate, poterit ea¬
423 1454 1264 1511 dem amittere. Cuius opinionis motiua poterant esse haec
448 1485 1286 1542 1 Quia si caritas amitteretur, hoc esset pro tanto:
435 1520 1279 1579 quia ab aliquo peccato destrueretur: Sed hoc esse non po
429 1576 1267 1620 test: quia autem destrueretur a peccato, quod est, aut a pec
428 1614 1277 1650 cato quod non est. Non primo modo: quia tunc duo in¬
429 1652 1288 1696 compossibilia simul essent in eodem subiecto, scilicet pec
439 1682 1280 1733 catum, & caritas. Nec secundo modo: quia quod non
432 1722 878 1775 est hoc, nihil destruere potest
443 1747 1286 1810 2 Praeterea, si caritas in aliquo hominc destrueretur,
428 1804 1277 1853 aut hoc fieret actione proprii subiecti, aut actione ali¬
438 1844 1277 1891 cuius alterius a subiecto. Non primo modo: quia null¬
437 1883 1276 1933 res destruit illud, quod tenet praedominium in ea: sed
438 1927 1275 1973 magis sequitur condicionem eius: sed inter omnes virtu¬
438 1962 1274 2010 tes, siue sint morales, siue naturales, caritas tenet praedo.
429 2000 1276 2045 minium: nam caritas est virtus inuicta, quae vincit omnia
435 2037 1283 2080 ergo actione proprii subiecti caritas non potest destrui¬
441 2072 1268 2120 Nec secundo modo: quia vel hoc esset Deus, vel creatu
434 2111 1278 2161 ra. Non Deus: quia Deus non est destructor alicuius bo¬
429 2158 1274 2207 ni. Nec creatura: quia eum solus Deus possit illabi hus
438 2202 1280 2242 manae voluntati, quae est subiectum caritatis: igitur ca¬
429 2241 1274 2291 ritas non potest attingi actione alicuius creaturae.
446 2279 1277 2321 3 Praeterea, habens caritatem non potest peccare: er-
441 2307 1283 2362 go non potest caritatem amittere, consequentia patet.
435 2353 1280 2394 Antecedens probatur sic lo, dicit: Qui natus est ex Deo,
444 2393 1274 2437 peccatum non facit: quoniam semen ipsius in eo manet
441 2433 1280 2474 & non potest peccare: quoniam ex Deo natus est. Sed
438 2471 1277 2517 alibi dicit. Omnis, qui diligit, ex Deo natus est: ergo ci
428 2509 1279 2562 quilibet habens caritatem diligat, sequitur, quod nullus
436 2542 930 2593 habens caritatem possit peccare,.
477 2582 1286 2627 Sed ista opinio stare non potest, salua veritate sacnae
441 2626 1283 2674 scripturae : Constat enim, quod Saul fuit in caritate, de
456 2666 1280 2711 quo legitur, quod non erat vir melior eo in israel: & tamen
448 2704 1280 2753 postea perdidit caritatem, cum innocentem Dauid persi
438 2744 1282 2790 quebatur, voci domini non obediuit, & sacerdotes Dei
431 2778 623 2832 occidi fecit.
449 2819 1276 2870 Item, Petrus in caena domini caritatem habuit: quam
445 2860 1266 2904 tamen eadem nocte ter negando dominum perdidit.
470 2898 1275 2944 Item, secundum fidem nostram paruuli baptia ati reci¬
447 2937 1281 2983 piunt caritatem : quam tamen multi, cum efficiuntur
430 2979 1019 3015 adulti, perdunt propter sua peccata.
477 3016 1280 3068 Item, Apoc. 2. dicitur. Habeo aduersum te pauca: quo¬
445 3053 1037 3106 niam caritatem primam reliquisti.
468 3089 1293 3156 Ad primum motiuum illius opinionis dicer dum, quod
1312 239 2154 313 destruitur a peccato, quod est. Ad probationem dicen¬
1311 307 2177 355 dum, quod non manent simul: sed in eodem instanti,
1317 339 2166 395 quo mortale peccatum incipit esse, caritas desinit esse
1328 393 2152 437 Vnde non est imaginandum, quod peccatum actiue de
1321 423 2156 471 struat caritatem: sed solum priuatiue: nam admissio mor¬
1320 464 2160 513 talis peccati est priuatio gratiae, vel saltem immediate se¬
1313 509 1790 556 quitur ad ipsum priuatio gratiae
1354 538 2157 594 Ad secundum dicendum, quod caritas potest destrui
1314 583 2153 635 per actum proprij subiecti: nam cum humana voluntas
1314 623 2155 672 abutendo sua propria libertate, auertit se ab incommu¬
1311 664 2156 713 tabili bono, & conuertit se ad commutabile bonum: tund
1314 709 2149 751 caritas destruitur: quia ex tali actu subiectum caritatis ti
1311 744 2156 786 taliter efficitur indispositum pro forma caritatis: Sicut
1305 778 2171 828 econuerso cum toto corde conuertimus ad Deum, volun¬
1324 817 2155 859 tas optime disponitur ad recipiendum formam caritatis;
1304 855 2159 900 Sicut ergo videmus in naturalibus, quod subiectum be¬
1314 895 2160 944 ne dispositum retinet formam: quia actus actiuorum sunt
1308 934 2158 977 in patiente, & disposito, vt dicitur. 2. de anima, sic sub¬
1313 975 2153 1012 iectum penitus indispositum naturaliter perdit formam
1308 1013 2155 1056 Sic in proposito. Ad probationem dicendum, quod quam
1320 1053 2161 1105 uis in subiecto bene disposito caritas teneat praedominium
1314 1093 2156 1144 tamen in subiecto male disposito nullum habet domi-
1315 1131 1753 1181 nium, immo penitus sopitur.
1364 1140 2168 1222 Ad tertium nego antecedens. Ad probationem potest
1326 1210 2168 1256 dici, quod beatus loannes loquitur ibi de his, qui sunt
1323 1254 2166 1302 persecti in caritate, in quibus fomes peccati iam aliquo
1315 1289 2150 1334 modo est ligatus: & ideo non est contra istam conclusionem
1320 1334 2152 1379 Concluno secunda est, quod nullus homo, in quo fo
1322 1376 2161 1417 mes peccati vel est ligatus, vel extirpatus, habens cari¬
1323 1406 2168 1459 tatem potest dimittere caritatem: & hoc potest probari
1323 1447 2159 1493 tripliciter semper accipiendo medium opposito modo
1330 1487 2162 1536 quo superius esti acceptum in tribus rationibus prima
1316 1523 1635 1577 conclusionis.
1353 1545 2174 1609 Forte dicetur, quod siligatio, vel extirpatio fomitis
1329 1603 2168 1658 esset sufficiens medium probandi, quod aliquts non pos¬
1323 1646 2161 1688 set peccare: tunc primus homo numquam peccasset: qui¬
1323 1686 2168 1726 antequam peccauit non habuit fomitem peccati, eo quod
1316 1724 2166 1770 in ipso persecta fuerit obedientia virium inferiorum ad
1329 1760 1565 1814 vires superiores.
1334 1803 2185 1848 Respondeo, quod ad non posse peccare non sufficit ca¬
1330 1842 2168 1884 rentia fomitis, nisi etiam adsit posito gratiae, & caritatis;
1324 1878 2174 1931 loquendo de gratia non solum gratis data, sed de gratia
1329 1919 2172 1971 gratum faciente: sed primus homo, antequam peccaret,
1336 1959 2165 2006 icet fomite careret: tamen non habuit gratiam gratum
1333 1998 2168 2045 facientem, vt superius probaui in libro secundo. dist. 4¬
1328 2043 2035 2084 articulo. 2. ideo primus homo potuit peccare.
1350 2080 2188 2123 Item, forte dicetur, quod gratia non tollit arbitrii li¬
1333 2114 2160 2160 bertatem: ideo si primus homo sine gratia habuit liberi
1327 2155 2168 2205 arbitrium, quo peccauit, dato quod habuisset gratiam,
1333 2187 1647 2241 adhuc peccare potuit
1361 2232 2157 2286 Respondeo, quod istud argumentum quamuis sit ap
1343 2279 2171 2325 arens: tamen non concludit: quia eadem ratione pro:
1322 2312 2172 2357 bari posset, quod Deata Virgo, vel etiam sancti in patria
1330 2354 2163 2401 possent peccare. Et ideo dicendum, quod talis gratia, quam
1332 2385 2166 2439 staret sine fomite, concerneret caritatem perfectam, quae
1338 2429 2162 2473 quamuis non coacte, tamen allectiue prohibuisset omni
1326 2463 2171 2510 illud, quo talis homo ei, quem illa caritate perfecta di¬
1338 2509 2169 2554 exisset, disciplicere potuisset, & per consequens ibi fuis¬
1332 2544 2171 2599 set necessitas ad non peccandum, non quidem necessitas
1322 2587 2177 2625 coactionis: sed necessitas immutabilitatis, nec hoc de¬
1324 2626 2166 2677 rogasset libero arbitrio: quia secundum Anselm. possi
1335 2665 2169 2706 peccare non est libertas, nec pars libertatis: sed potius vi¬
1339 2702 2166 2745 tium libertatis. Vnde non fuit minor libertas in virgine
1338 2744 2161 2792 gloriosa, quae peccare non potu:t, quam in luda, qui pec
1335 2780 1896 2826 care potuit, & etiam de facto peccauit.
1373 2812 2174 2872 Posito ergo, quod caritas, sicut iam dictum est in prima con
1332 2860 2168 2912 clusione, possit amitti, & de facto quandoque perdatur
1327 2901 2171 2943 per peccatum, dubitatur ab aliquibus, an in homine ordi
1330 2940 2014 2982 nate, & debite poenitente redeat aequalis caritas
1371 2971 2167 3020 Respondeo ad hoc, & dico, quod loquendo de carita¬
1323 3018 2174 3066 te, ad cuius mensuram redidtur praemium in vita beata:
1334 3050 2170 3097 semper reditvel maior caritas, vel aequalis: quia in ho¬
1335 3100 2177 3144 mine debite poenitente, vt communiter dicitur, & trahi¬
