2424 3513
403 250 1258 306 suum se dilatauerat ex praecedenti laetitia, & sic restitu¬
405 293 767 350 tus est pristinae sanitati.
447 332 1265 379 Species autem tristitiae, siue passionis, quae ad tristitiam
411 376 1259 421 reducuntur, secundum Damal: sunt quattuor, scilicet an¬
403 415 1256 467 xietas, accidia, misericordia, & inuidia. Anxietatem appel
413 455 1253 502 lat coarctationem animi intra se non habentis de immi¬
408 492 1253 535 nenti periculo, seu malo refugium. Accidia vero vocatur
408 534 1248 575 tristitia, quae immobilitat, & grauem reddit hominem ac
413 570 1264 612 bonum. Misericordia autem est tristitia de malo alieno.
414 611 1009 655 Sed inuidia est tristitia de bono alieno.
437 655 1252 696 Modi autem spei sunt, confidentia, praesumptio, & au¬
407 686 1252 740 dacia. Vidimus enim aliquos ordinate sperare, puta: quis
411 726 1252 782 sperant alia adipisci bona, vel vincere mala, quae ipsis
410 759 1090 812 sunt possibilia, & tales dicuntur confidentes.
460 803 1255 847 Aliqui autem sperant talia bona se consequi, ad quae
418 852 1266 904 consequenda, nec habent possibilitatem, nec aliquam
417 889 1051 937 congruitatem, & tales sunt praesumptuosi.
452 918 1255 971 Alij vero sperant se vincere talia mala, quae suas vires
417 962 1257 1010 omnino transcendunt, & hi sunt audaces. Quod si ex ani¬
412 1001 1255 1052 mi passione sine habitu vitioso euenit, tunc reducitur ad
425 1038 764 1093 pem, & est modus spei¬
453 1077 1264 1125 Si autem ex habitu euenit, tunc est vitium morale, &
427 1120 1251 1170 son naturale. Est enim habitus vitiosus oppositus virtu¬
418 1157 1256 1201 ti fortitudinis, vt patet 3. ethicorum. Vnde contra prae¬
417 1196 1268 1248 dictos praesumptuosos, & audaces, ait Tullius in libro de
414 1235 1274 1280 amicitia, quod ea, quae secundum conem vsum, &vitam,
426 1272 1238 1316 possibilia sunt, non ea, quae finguntur, spetare debemus
465 1314 1265 1357 Fimoris autem secundum Dam as sex sunt species, sci¬
412 1348 1265 1399 licet, segnities, erubescentia, verecundia, admiratio, stu¬
432 1392 1264 1436 por, & agonia. Vnde segnities potest dici horror aggredien
427 1429 731 1481 di opus laboriosum.
462 1467 1262 1512 Erubescentia est timor de turpi actu committendo.
425 1515 1265 1562 ratione cuius laedi potest fama, vel opinio committentis.
429 1550 1167 1592 Verecundia est timor de turpi actu iam commisso.
463 1586 1265 1631 Admiratio autem secundum eundem Damascenum
428 1627 1268 1668 est apprehensio, vel imaginatio alicuius rei valde tristabi
425 1665 982 1714 lis, cuius euentus, & exitus ignoratur.
417 1712 1265 1753 Stupor est timor de imminentia alicuius mali inaudi¬
426 1742 1261 1790 ti, puta, quod valde inconsuetum est euenire. Agonia Ve¬
426 1780 1270 1830 ro est cum homo ex nimietare timoris, quasi exanimis ef
426 1821 1250 1866 ficitur, & viribus corporalibus quasi penitus destituitur.
419 1859 1270 1914 Tullius etiam in lib. 3. de Tusculanis quaestionibus ponit
422 1905 1262 1945 octo species timoris, scilicet pigritiam, pudorem, terro¬
429 1940 1278 1988 rem, tremore, pauorem, formidinem, conturbationem,
425 1976 709 2026 & exanimationem,
463 2010 1274 2061 Damasceni tamen assignatio videtur magis esse ordi¬
430 2056 1269 2109 nata, quam Tullij: quia ea, quae Tullius addit super ea,
425 2099 1271 2146 quae Damas. ponit, non videntur esse species timoris, sed
431 2130 905 2179 magis signa, vel effectus timoris.
466 2168 1271 2221 Aduertendum est etiam, quod multae sunt animae pas¬
428 2215 1264 2262 siones praeter iam dictas, de quibus ad praesens non facio
417 2255 1271 2300 mentionem, quae tamen omnes, si diligenter consideren
424 2293 1271 2344 tur, ad quattuor praedictas sufficienter reducuntur. His igi¬
431 2332 1267 2374 tur dictis respondendum est instantiis superius introductis.
456 2367 1264 2414 Ad primum igitur dicendum, quod consequentia est falsa.
431 2407 1271 2449 Ad probationem dico, quod tendens ad terminum, & quie¬
425 2447 1270 2497 scens in eo, potest dupliciter considerari. Vno modo,
426 2491 1266 2537 quod vtrumque tendens, scilicet & quiescens, respiciat
421 2525 1264 2570 idem obiectum formale. Alio modo, quod aliud obiectum
427 2563 1274 2615 formale sit tendentis, & aliud quiescentis. Primo modo,
432 2606 1265 2651 maior est vera. Secundo modo, non est vera: quia diuersa
432 2643 1262 2697 obiecta formalia arguunt diuersas potentias, Vt patet ex
430 2683 1270 2723 2. &3. de anima. Cum igitur animae gaudentis, & speran¬
428 2717 1264 2762 tis sit aliud, & aliud obiectum formaliter: quia obiectum
428 2761 1261 2809 gaudentis animae est bonum sub ratione delectantis, ve
439 2808 1266 2850 conuenientis: sed obiectum sperantis animae est bonum
427 2840 1275 2886 sub ratione ardui, seu difficilis: ideo proprie loquendo,
437 2879 1270 2923 anima secundum distinctas potentias tendit sperando, &
434 2917 1274 2967 quiescit gaudendo: quamuis secundum eandem potentiam
434 2959 1278 3003 possit tendere desiderando, & quiescere gaudendo: quia
434 3000 1272 3042 eadem virtus concupiscibilis in idem obiectum formale
426 3038 1265 3088 tendit actu desiderij in quo tamquam in termino quie¬
430 3067 911 3137 scit actu ipsius gaudij : ergo &c.
1340 233 2155 303 Ad secundum, nego antecedens. Ad probationem di¬
1308 288 2152 335 cendum, quod spes & timor non dicunt vnum motum inter
1308 319 2157 381 duos terminos: sed dicunt duos motus circa eundem ter
1305 356 2156 412 minum opposito modo conceptum. Vnde respectu eius¬
1308 391 2154 457 dem mali, vbi ordinate sperans confidit de victoria, vel
1301 443 2156 491 euasione, ibi ordinate timens desperat de victoria, vel eua
1314 477 2157 532 ione mali. Ex quo patet, quod timor opponitur sper ra¬
1301 523 2152 577 tione inclusae desperationis: ac etiam quia timor, & spes
1307 551 2151 609 opposito modo se habent respectu eiusdem. Nam respe¬
1302 587 2151 652 ctu cuius spes dicit animi protensionem, & anhelationem,
1301 637 2158 693 respectu eiusdem timor dicit restrictionem, & resilitio¬
1302 677 2159 729 nem. Sicut igitur motus ad albedinem, & motus de albe
1310 712 2004 770 dine non sunt vnus motus, sic in proposito &c
1349 759 2173 813 Forte dicetur, quod ista videntur superius dictis repu¬
1313 795 2150 855 gnare. Quia dictum est superius, quod spes est circa bo¬
1315 826 2166 886 num difficile: sed timor est circa malum, nunc vero dici¬
1307 884 1939 926 tur, quod sunt circa idem opposito modo.
1365 887 2166 963 Respondeo, quod ista in nullo repugnant: quia & si
1320 951 2159 1008 pes quandoque est circa malum: hoc tamen est cum in¬
1313 991 2155 1038 clusione habendae victoriae: & quia victoria mali bona est;
1303 1043 2155 1082 ideo sperantis motiuum semper est circa bonum. Econ¬
1314 1071 2152 1120 tra vero motiuum timentis malum est: quia mouetur a
1308 1115 1771 1160 malo cum exclusione victoriae.
1349 1146 2150 1196 Etiam timor quandoque est circa bonum, non vt con¬
1314 1184 2165 1248 quisibile est, sed cum exclusione, & desperatione consecu
1308 1225 2159 1273 tionis ipsius boni propter annexam difficultatem: igitur
1309 1262 2153 1315 etiam, vt est circa bonum, adhuc formale motiuum timen
1318 1299 2155 1353 tis malum est: quia sicut inclusio victoriae ipsius mali est
1320 1350 2159 1392 pona, vel est quoddam bonum, sic exclusio consecutionis
1317 1375 2156 1440 ipsius boni quoddam malum est. Econuerso autem spes
1310 1434 2158 1473 est circa huiusmodi bonum cum inclusione consecutio¬
1311 1460 2087 1517 nis boni, puta, est circa ipsum, vt possibile consequi.
1350 1496 2165 1551 Ex quibus patet, quod obiectum formaliter determi-
1314 1534 2155 1589 natum ipsius spei semper est bonum, & obiectum forma¬
1321 1575 2153 1628 liter determinatum ipsius timoris, prout timor est passio
1322 1615 2159 1673 naturalis, semper est malum. Et notanter dico, vt est
1325 1651 2153 1708 asuo: quia quid dicendum sit de timore, prout est habi
1322 1708 2155 1746 tus, vel donum spiritus sancti, inferius patebit dist. 34.
1362 1731 2159 1784 Nec valet ad propositum, cum dicitur, quod timor est
1316 1770 2158 1827 resilitio a malo: quia timens non resilit, vel recedit a
1319 1820 2150 1867 malo tamquam a termino a quo, sed recedit a bono. Vn¬
1316 1853 2152 1903 de timens, vel propter desperationem victoriae recedit ab
1326 1894 2149 1942 oc vno, quod est resistere malo, vel propter despera¬
1313 1921 2153 1981 tionem consequendi bonum, recedit ab hoc bono, quod
1317 1969 2165 2019 est prosequi bonum. Et ideo licet ista proposito, qua di
1323 2008 2157 2057 citur, timor est resilitio a malo, aliquo modo causaliter
1311 2049 2159 2099 sit vera: quia aliquod malum est causa timoris: tamen
1314 2085 2153 2144 terminaliter non est vera, prout accipiebatur in proposi¬
1321 2128 2152 2173 to: quia timens non recedit a malo, sed recedit a bono,
1315 2172 2156 2214 & incidit in malum Propter quod videtur esse verius di¬
1313 2203 2159 2259 ctum, quod malum sit terminus ad quem ipsius timoris,
1331 2249 1652 2303 uam terminus a quo.
1349 2290 2161 2337 Ad tertium dicendum, quod spes non dicit precise ex¬
1324 2323 2159 2372 pectationem: sed principaliter dicit animi protensionem
1309 2364 1932 2414 seu extensionem ad ipsam rem speratam.
1343 2403 2153 2454 Secunda conclusio est, quod spes, prout dicit virtutem
1316 2438 2158 2493 supernaturaliter infusam, est in superiori parte animae, &
1316 2488 2158 2540 specialiter in ipsa voluntate. Quia habitus non existens
1316 2520 2165 2571 cognitiuus habens pro obiecto aeternam beatitudinem,
1319 2568 2161 2611 est in superiori parte animae, & specialiter in ipsa volun¬
1317 2609 2165 2647 tate: sed spes, prout est uirtus supernaturaliter infu¬
1325 2644 2158 2686 a, non est habitus cognitiuus, & habet aeternam bea¬
1313 2683 2150 2732 titudinem pro obiecto: ergo &c. Maior patet: quia eo
1320 2719 2158 2774 ipso, quod eius obiectum est aeterna beatitudo, non
1330 2756 2157 2801 otest esse in parte sensitiua: quia pars sensitiua non
1325 2794 2155 2845 est capax talis obiecti: modo potentia subiecta alicui
1317 2840 2159 2885 h abitui debet mediante huiusmodi habitu uersari cir¬
1313 2876 2156 2923 ca obiectum illius habitus. Et per consequens oportet,
1323 2918 2159 2968 quod sit capax eius: erit igitur in superiori parte ipsius
1317 2964 1982 3002 animae: quae est condistincta parti sensitiuae.
1353 2991 2162 3036 Sed eo ipso, quod talis habitus non est cognitiuus, non
1334 3026 2165 3080 oterit esse in intellectu, nec in memoria, & per con¬
1322 3074 2159 3127 sequens erit in ipsa uoluntate. Minor etiam quantum
