2400 3519
451 264 1270 324 Sequitur illa pars, Solet etiam quaeri. Et diuiditur in
409 316 1274 370 tres partes: nam puimo ostendit quomodo diligendi sunt pa
419 359 1277 400 rentes, & propinqui Secundo, qualiter diligendi sunt ini¬
417 399 1270 446 mici Tertio innuit sub quo sensu parentes sunt odiendi,
427 437 1270 478 inimici diligendi. Secunda, ibi, Verum latebrosa quae¬
411 478 989 531 stio est. Tertia, ibi: Quaeri etiam solet.
462 509 1268 559 Tunc sequitur distinctio. 30. in qua Magister &c. Et di¬
426 556 1265 598 uiditur in tres partes: nam primo de hoc, vtrum sit maio
420 595 1277 638 ris meriti diligere amicos, vel diligere inimicos, Magister
421 634 1264 674 mouet quaestionem, & dat suam responsionem. Secundo
426 668 1273 716 ex dictis August. adducit obiectionem. Tertio dicti Aug¬
424 710 1265 755 ponit expositionem. Secunda ibi, August. tamen. Tertia;
429 751 1272 804 ibi, Eece hinc haberi videtur. Circa has distinctiones quae
422 788 748 843 ro hanc quaestionem.
756 853 983 944 Quaestio.  1
474 967 1217 1038 An recto caritatis ordine Deum super om-
653 1019 1034 1092 nia diligere teneamur.
459 1449 1264 1510 VTRVM recto ordine caritatis teneamur Deum
437 1463 1270 1539 V super omnia diligere. Videtur quod non. Quia salua
413 1531 1275 1574 in nobis caritate possumus plus diligere proximum, quam
433 1571 1271 1612 Deum, ergo non tenemur Deum super omnia diligere.
429 1611 1267 1653 Consequentia patet. Probo antecedens quia salua mane
417 1651 1270 1695 te caritate potest quis esse promptior ad sustinendam mor¬
426 1694 1259 1738 tem pro proximo, quam pro Deo. Sed exhibitio operi
426 1730 1270 1773 est probatio dilectionis, vt ait Crego. & maxime talis o¬
436 1768 1268 1820 eris, quo quis vitam suam exponit pro amico: quia, vt
427 1807 1271 1854 it Saluator, maiorem hac dilectionem nemo habet, vt
422 1846 1043 1897 animam suam ponat quis pro amicis suis.
459 1881 1253 1931 Contra, propter quod vnumquodque tale, & ipsum ma¬
429 1926 1262 1972 gis, vt dicitur t. posteriorum: sed omne, quod ex caritate
424 1966 1265 2009 diligitur, propter Deum diligitur: ergo Deus maxime est
428 2001 1268 2043 diligendus. Hic quattuor sunt videnda Primo, vtrum ali¬
420 2045 1258 2093 quis ordo attendendus sit in ipsa caritate. Secundo, de
423 2077 1268 2135 principali quaesito. Et hoc quantum ad distinctionem 39.
484 2123 1262 2167 Tertio, vtrum inimici sint diligendi. Et quarto, de
414 2159 1255 2207 quantitate meriti, quod consequi poterimus ex dilectio¬
414 2196 1151 2261 ne inimicorum. Et hoc quo ad 5o. distinctionem.
602 2264 1102 2354 RESOLVTIO.
428 2312 469 2384 a
420 2372 1262 2427 bicet ordo tum in caritate, tum in eius actibus diuersimode vepe¬
447 2425 1256 2469 riatur, Deum tamen supernatur ali dilect one super omnia di¬
447 2462 1256 2517 ligere debemus. quandoquidem eundem etiam natur ali dile¬
453 2499 1262 2551 ctione secundum rectum rationis iudicium super omnia diligimus
596 2584 1132 2659 ARTICVLVS I
534 2663 1151 2754 Vtrum aliquis ordo attendendus sit in
717 2734 938 2799 ipsa caritate.
501 2822 1249 2867 VANTVM ad primum, primo ostendam ordi¬
486 2854 1249 2908 nem esse in caritate. Secundo ponam quosdam
421 2901 1249 2948 casus emergentes circa huiusmodi ordinem, & ipsis respo
407 2942 1255 2982 debo. Circa primum est sciendum, quod ordo potest ali¬
414 2979 1257 3022 cul dupliciter attribui. Vno modo actiue. Et sic est attri¬
408 3017 1253 3070 buendus ordo habitui caritatis, & voluntati informatae
414 3065 1252 3105 per habitum caritatis. Alio modo passiue. Et sic reperitur
408 3099 1249 3152 ordo in actibus caritatis, siuc sint actus a caritate eliciti
1319 262 1794 328 siue imperati. Et illud probo sic¬
1396 323 2176 367 Quandocumque per aliquem habitum circa aliqua
1329 352 2179 414 distincta obiecta eliciuntur actus differentes penes inten
1327 400 2171 450 sius, & remissius in illo habitu ponendus est ordo actiue,
1329 439 2174 481 in actibus passiue: sed per habitum caritatis circa bo¬
1320 477 2163 530 num maius, & minus, ceteris paribus elicitur actus inten¬
1320 515 2170 558 sior, & remissior: ergo &c. Maior patet: quia in quibuscu¬
1331 557 2166 610 que ad perfectionem spectantibus est dare diuersos gra¬
1316 600 1781 641 dus, in talibus debet esse ordo.
1360 636 2170 682 Forte dicetur, quod in mortalibus peccatis, & etiam in
1336 672 2180 718 oenis inferni peccatis debitis sunt diuersi gradus, tamen
1320 709 2088 756 ibi nullus ordo: sed sempiternus horror inhabitat.
1356 754 2169 798 Respondeo, quod peccata non spectant ad perfectionem;
1316 781 2166 835 sed ad imperfectionem. De poenis dicendum, quod licet
1323 832 2168 869 in damnatis nullus sit ordo actiue se tenes ex parte dam¬
1317 870 2167 908 natorum, relucet tamen in eis passiue ordo diuinae iusti¬
1321 905 2169 966 tiae: quia secundum exigentiam delictorum erit plagarum
1314 944 2159 996 modus. Minor etiam patet: quia inclinatio habitus ad
1324 987 2165 1032 ictum est secundum rationem obiecti mouentis poten¬
1323 1029 2164 1080 tiam perfectam ipso habitu, maxime si potentia stat in sua
1318 1063 2159 1110 rectitudine : Cum igitur caritas rectificet humanam vo¬
1314 1103 2164 1152 luntatem: ideo voluntas caritate perfecta debet maius
1333 1139 1656 1197 ponum magis diligere
1390 1184 2166 1226 Praeterea, sicut patet ex quaestione proxima praece¬
1318 1216 2164 1263 denti, plura sunt diligenda ex caritate: aut igitur diligun
1323 1261 2159 1311 tur aequaliter, aut inaequaliter. lsta patet per immediatam
1317 1298 2150 1348 diuisionem. Sed non potest dari primum: quia vbi vnun
1311 1340 2154 1388 diligitur propter alterum, illa non diliguntur aequaliter;
1318 1384 2160 1435 quia propter quod vnumquodque tale, & ipsum magis:
1324 1426 2157 1470 ed ea, quae sunt ad finem, diliguntur propter finem, vt de
1317 1456 2167 1503 se patet. Si dabitur secundum, tunc habetur propositum:
1333 1501 2159 1545 uia in omnibus actibus inaequalibus ad perfectionem ta
1313 1539 2164 1583 men spectantibus requiritur aliquis ordo : rebus enim
1333 1576 2156 1622 ersectis non debet deesse bonitas ordinis, cum primum
1326 1615 2172 1654 ponum post bonum ducis sit bonum ordinis, vt patet 12.
1326 1657 2172 1691 netaphysi. 3 Praeterea, in Canti in persona animae amo
1315 1692 2156 1748 rosae diligentis ex caritate dicitur. Introduxit me rex in
1323 1726 2159 1775 ellam vinariam ordinauit in me caritatem. Quod con¬
1305 1766 2165 1815 tingit secundum expositores, cum homo prae omnibus di
1312 1808 2159 1869 ligit Deum, deinde seipsum quo ad interiorem homi¬
1313 1853 2161 1899 nem, seu bonum animae. Tertio bonum animae proximi
1317 1887 2163 1942 ui. Quarto, bonum corporis proprij. Et quincto bonum
1311 1926 1565 1974 corporis proximi
1337 1964 2168 2018 Sed forte dicetur, quod in oppositum istius conclusio¬
1315 1997 2156 2049 nis videntur sonare verba bern qui ait. Amor nescit gra¬
1308 2040 2154 2103 dum, dignitatem non considerat: In omni autem ordi¬
1314 2087 1644 2135 ne oportet gradus esse¬
1405 2121 2155 2175 Praeterea, sicut se habet fides ad credenda, sic se ha¬
1312 2147 2153 2211 pet caritas ad diligenda; se d omnia credenda per fidem
1315 2197 2148 2261 tredimus aequaliter: ergo omnia diligenda per caritatem
1311 2235 1623 2295 diligimus aequaliter.
1350 2283 2145 2333 3 Praeterea, ordo praedictus nec potest esse in habitu
1312 2324 2150 2377 taritatis, cum habitus sit vnus: omnis autem ordo prae¬
1296 2357 2145 2418 supponit multitudinem ordinabilium, nec in actu: quia
1313 2401 2156 2458 unc caritas dormientis esset inordinata, eo quod careret
1299 2440 1859 2488 ordine, quem esset apta nata habere
1338 2475 2153 2533 Respendeo, id primum dicendum, quod amorem gra¬
1308 2510 2142 2566 dum, vel dignitatem considerare dupliciter potest intelli
1305 2553 2141 2611 gi. Vno modo comparando diligibile ad diligibile. Alio
1302 2600 2143 2650 modo comparando diligentem ad diligibile. Primo mo¬
1302 2633 2145 2688 do, amor, seu caritas non ignorat gradum: quia & actu
1303 2675 2147 2732 interiori immediate elicito magis diligit magis diligi¬
1302 2707 2136 2766 b ile: & etiam actu exteriori maiorem illi exhibet reue¬
1299 2757 2144 2805 rentiam. Vnde dicit quidam doctor, & bene, quod cari¬
1302 2785 2143 2847 tas primo ordinat subiectum suum immediatum, scilicet
1299 2827 2134 2882 ipsam voluntatem, ex consequenti vero totum impe¬
1300 2875 2150 2931 rium suum; idest, omnes vires, siue interiores, siue exte¬
1290 2909 1916 2956 riores, quae mouentur ad imperium suum
1340 2956 2133 3005 bed secundo modo, puta, comparando diligentem ad
1309 2975 2147 3033 liligibile, tunc verus, & fortis amor ignorat gradum: quia
1307 3026 2130 3083 quamuiscunque magnus excessus sit vnius ad alterum
1305 3068 2132 3114 mor tamen sic adaequat ea, quod transformat amantem
1294 3101 2148 3151 in amatum, vt patet per Dionisium in de diuinis nomi¬
