2478 3540
252 262 1110 322 ctoritate iam assumpta cum praemittitur. DAEIT voci
262 320 1105 366 SVA VOCEM VIRTVTIS. SECVNDVM, Cum posi
261 356 1105 405 ponitur. MA GNIFICENTIA EIVS, ET VIRTVS
261 398 1117 445 EIVS INNVD IPVS. TERTIVM, Cum medio sub
261 434 1078 478 infertur. DATE SFORIAM DFO SVPER ISRAEI.
304 469 1098 521 Dico ergo primo, quod in prima parte istius quarti li¬
258 508 1109 558 bri tractatur de peccatorum remissione, & gratuitorum
247 545 1103 590 donatione, & monstratur, quomodo haec fiant sacramen¬
260 596 1099 641 torum collatione, qua infirmus homo ab insecta quali¬
253 631 1107 680 tate totaliter liberatur. Et hoc notatur in verbis praemis¬
263 670 1103 713 sis cum dicitur. DAEIT voe1 SV2 vocEM VIRTVTIS.
249 707 1098 752 luxta enim doctrinam Deati Augustini super loan. quan¬
245 748 1094 789 do verbum accedit ad elementum, & fit sacramentum
251 794 1099 836 tunc Deus dat vici suae triplicem virtutem contra tripli¬
256 829 1095 867 cem humani generis infirmitatem; puta, virtutem pur¬
249 865 1092 917 gatiuam contra concupiscentiae prauitatem; virtutem
247 907 1091 953 alluminatiuam contra nescientiae caecitatem: & virtutem
250 939 1101 987 roboratiuam contra impotentiae debilitatem. Ratione
252 982 1092 1029 primi dicit Dsal. Vox domini super aquas, Deus maie¬
254 1020 1091 1070 statis intonuit, dominus super aquas multas. Ratione se¬
254 1068 1091 1105 cundi dicitur ibidem. Vox domini intercidentis fiam¬
253 1096 1100 1146 mam ignis, vox domini concutientis desertum, & com¬
252 1140 1091 1186 mouebit dominus desertum Cades. Ratione tertii dici¬
246 1178 1086 1224 tur eodem Psal. Vox domini praeparantis ceruos, & re-
253 1225 1088 1267 uelabit condensa, & in templo eius omnes dicent glo¬
241 1256 1094 1295 riam: Scitis enim, quod proprium aquae officium est pur¬
252 1296 1091 1341 gare, ignis illuminare; & cerui ad fontem aquae viuae cum
243 1339 1094 1380 desiderio properare. Quorum primum respondet virtu¬
240 1372 1088 1420 ri purgatiuae. Secundum illuminatiuae. Tertium confor¬
256 1411 1098 1454 tatiuae. Applicationes huiusmodi patent: ideo transeo, &
243 1452 1078 1497 eas gratia breuitatis omitto. Dixi secundo, quod in se
246 1489 1094 1534 cunda parte huius libri quarti tractatur de mortuorum
240 1531 1085 1575 resurrectione, & obstinatorum condemnatione, & mon¬
244 1571 1092 1611 stratur, quomodo haec fiant meritorum discussione, qua
243 1606 1085 1651 iam sanatus homo a suspecta societate iudicaliter separa¬
248 1645 1095 1694 tur. Et hoc notatur in verbis praemissis, cum dicitur.
250 1688 1082 1727 MA GNIFICENTIA ELVS, ET VIRTVS EIVS
243 1724 1094 1772 IN NVEIEVS. Sicut enim recitat Magister dist. 48.
246 1765 1082 1808 istius quati libri, in hora extremi iudicii dominus ap¬
246 1804 1093 1853 parebit in nubib ex opposito montis Qliueti super valle
250 1836 1085 1885 losaphat, & tunc magnificentia suae liberalitatis appa¬
246 1879 1088 1921 rebit in bonorum retributione, quibus a dextris suis assi¬
251 1918 1094 1970 stentibus dicet. Venite benedicti patris mei, percipite
240 1959 1082 2005 regnum, quod vobis paratum est ab origine mundi. Sec
234 2003 1088 2047 virtus suae iustitiae, & aequitatis apparebit in malorum
241 2037 1094 2082 condemnatione, quibus ad sinistram suam constitutis iu¬
243 2073 1089 2118 diciali sua sententia, dicet. Ite maledicti in ignem aeter¬
240 2113 1091 2163 num &c. Dixi tertio, quod in tertia parte illius quarti
235 2150 1084 2198 libri tractatur de beatorum fruitione, & ipsorum illustra
240 2201 1079 2239 tione, & monstratur, quomodo haec contingant corpo¬
240 2240 1088 2281 ris & animae glorificationi, qua ia beatus homo in per¬
240 2269 1091 2315 fecta sanitate aeternaliter confirmatur. Et hoc notatur
237 2316 1090 2366 in verbis praeassumptis, cum dicitur. DATE OI ORIAM
245 2349 1079 2393 DEO SVPER ISRAE1. Quasi dicat. Cognoscite
240 2388 1074 2436 Deum esse glorificatorem israelis, idest, corum, qui vi¬
236 2435 1079 2479 dent Deum; nam huiusmodi gloria non communica¬
241 2465 1073 2510 tur impiis caecis Deum videre non potentibus, de qui¬
243 2511 1082 2552 bus Sapiens dicit. Excecauit illos malitia eorum, & ne¬
234 2547 1085 2596 scierunt sacramenta Dei, neque mercedem sperauerunt
240 2583 1085 2635 iustitiae, nec iudicauerunt honorem animarum sancta¬
234 2628 1085 2673 rum. Tunc enim tolletur impius, ne videat gloriam
247 2657 1085 2712 Dei; vt dicit lsa. Communicatur ergo talis gloria so¬
242 2707 1085 2756 lummodo piis fidelibus, qui collirio poenitentiae, &
244 2743 1079 2793 operibus misericordiae, seu clementiae suos mentales o¬
250 2788 1079 2830 culos taliter purgauerunt, quod in extremo iudicio
249 2819 1077 2866 Deum videre beatifice merebuntur. Vnde cuilibet tal
244 2855 1073 2907 in illa beatifica visione constituto tunc dici poterit il¬
243 2906 1084 2947 lud Isa. Surge illuminare Hierusalem: quia venit lumen
249 2934 1089 2985 tuum, & gloria domini super te orta est. Cuius visio¬
237 2979 1079 3024 nis gloriosae nos participes faciat glorificator saluando¬
246 3013 1082 3069 rum, qui cum patre, & spiritu sancto viuit, & regnat in sae¬
248 3059 488 3128 cula saeculorum,
1328 275 1852 356 DISTINCTIOI
1161 365 2003 437 bilucida buius distinctionis duuisio, in qua de salutise
1213 431 1949 483 ris signis homini per percatum vulnerato me¬
1273 480 1886 555 delam afferentibus imcipit pertractari.
1375 546 1992 627 AMARITANVS ENIM. Postquam
1402 602 1984 672 Magister in primis tribus libris tractauit
1397 640 1992 697 de rebus tam fruibilibus, quam vtibili¬
1395 680 1989 743 bus distinctis, ac etiam in vno conuenien¬
1398 719 1986 781 tibus: nunc in isto quarto libro incipit
1383 760 1979 823 tractare de signis salutiferis vulnerato
1147 792 1985 846 homini per peccatum medicinam salutis efficaciter con¬
1144 836 1990 901 ferentibus. Et diuiditur in duas partes: quia primo Ma¬
1146 869 1988 937 gister manifestando intentionem suam, quasi videtur prae
1140 919 1982 976 mittere huic libro proemium, Secundo iuxta huiusmo¬
1147 947 1991 1003 di praemissionem prosequitur suum tractatum, Sactamen
1143 995 1976 1057 tum est. Quantum ad primum est aduertendum, quod
1147 1029 1971 1087 intentio prooemiantis dupliciter manifestatur. Primo
1141 1071 1970 1122 si materia totius libri, seu tractatus vniuersaliter reuelam
1152 1111 1983 1171 tur. Secundo si suus modus tractandi aliqualiter infinua¬
1147 1148 1982 1199 tur. Igitur Magister in isto prologo duo nobis proponiti
1141 1182 1971 1247 Primo enim ostendit materiam, de qua est agendum
1144 1222 1967 1285 Secundo innuit modum, quo est procedendum, ibi De qui¬
1144 1263 1983 1326 bus quattuor. Prima in duas: quia primo Magister osten¬
1134 1304 1977 1367 dit humanae naturae necessitatem, & indigentiam. Secun¬
1143 1339 1983 1401 do praesentis materiae faecunditatem, & sufficientiam,
1135 1379 1979 1431 ibi, Curationi &c. Et haec diuiditur in duas partes. Ad
1135 1416 1983 1470 cuius intellectum est aduertendum, quod quamuis quan
1140 1455 1983 1522 doque aliqua medicina sit nobiliter praeparata, tamen non
1149 1496 1970 1561 peratur, nisi ad ipsum morbum fuerit applicata: idoc
1143 1539 1971 1596 primo Magister ostendit praedictae sufficientiae, & nostrae
1142 1584 1973 1630 indigentiae ad inuicem coniunctionem. Secundo innuit
1138 1616 1972 1675 ex illa coniunctione totius nostrae infirmitatis sufficien¬
1141 1658 1980 1714 tem curationem. Secunda pars incipit ibi. Quia contra
1147 1696 1971 1754 eccati originalis. Et haec est sententia istius prooemij in
1140 1736 1707 1801 generali, circa quod, quaero in speciali.
1416 1814 1692 1896 Questio. h
1179 1924 1980 1985 An sacramenta nouae legis creatricem in se
1387 1964 1727 2021 virtutem contineant
1180 2431 1970 2485 VTRVM sacramenta nouae legis habeant in se vir¬
1147 2442 1977 2517 tutem, seu potentiam creatiuam. videtur, quod sic¬
1134 2514 1967 2566 quia vVirtus, quae est gratiae effectiua, illa est creatiua: sed
1140 2554 1967 2608 virtus sacramentorum nouae legis est gratiae effectiua: er-
1144 2590 1980 2643 go &c. Maior patet: quia gratia produci non potest nisi
1138 2634 1985 2687 per creationem. Minor etiam patet: quia sactamenta
1143 2672 1974 2722 ouae legis in hoc differunt a sacramentis veteris legis:
1143 2706 1979 2759 quoniam efficiunt quod figurant, planum est aute, quod
1141 2747 1385 2794 gurant gratiam.
1161 2787 1968 2842 Contra virtus creatiua non est communicabilis alicui
1139 2828 1970 2878 creaturae : ergo nec sacramentis. Antecedens patebit in¬
1138 2864 1971 2915 ra. Consequentia patet: quia omne sacramentum est
1134 2907 1973 2955 creatura. Hic quattuor sunt videnda. Primum vtrum
1135 2941 1974 2995 potentia creandi sit communicabilis creaturae. Secundo
1143 2976 1973 3035 lato quod non; tunc videbitur, vtrum creatura possit
1133 3020 1976 3072 cooperari creatori in opere creationis. Tertio vtrum
1129 3059 1979 3114 gratia sacramentalis habeat esse per creationem. Et quat
1128 3099 1833 3167 to ex his patebit de eo, quod quaeritur.
