<?xml version="1.0" encoding="UTF-8" standalone="yes"?>
<PcGts xmlns="http://schema.primaresearch.org/PAGE/gts/pagecontent/2013-07-15" xmlns:xsi="http://www.w3.org/2001/XMLSchema-instance" xsi:schemaLocation="http://schema.primaresearch.org/PAGE/gts/pagecontent/2013-07-15 http://schema.primaresearch.org/PAGE/gts/pagecontent/2013-07-15/pagecontent.xsd">
    <Metadata>
        <Creator>prov=University of Rostock/Institute of Mathematics/CITlab|PLANET AI GmbH/Gundram Leifert/gundram.leifert@planet-ai.de:name=cod-P122zz-m2(htr_id=26330)::::v=2.6.7
prov=University of Rostock/Institute of Mathematics/CITlab|PLANET AI GmbH/Tobias Gruening/tobias.gruening@planet-ai.de:name=de.uros.citlab.module.baseline2polygon.B2PSeamMultiOriented:v=2.6.7
prov=University of Rostock/Institute of Mathematics/CITlab|PLANET AI GmbH/Tobias Gruening/tobias.gruening@planet-ai.de:name=/net_tf/LA73_249_0mod360.pb:de.uros.citlab.segmentation.CITlab_LA_ML:v=2.6.6
Transkribus</Creator>
        <Created>2020-10-05T23:24:38.501+02:00</Created>
        <LastChange>2020-10-25T02:21:33.168+02:00</LastChange>
        <TranskribusMetadata docId="505580" pageId="20954970" pageNr="587" tsid="46672923" status="IN_PROGRESS" userId="25065" imgUrl="https://files.transkribus.eu/Get?id=AELBLXUDETUJKVCLXBCDSEBQ&amp;fileType=view" xmlUrl="https://files.transkribus.eu/Get?id=IUPFIWWMRXKZDBMYMOCZUJSU" imageId="16096167"/>
    </Metadata>
    <Page imageFilename="586.jpg" imageWidth="2409" imageHeight="3576">
        <ReadingOrder>
            <OrderedGroup id="ro_1603931063777" caption="Regions reading order">
                <RegionRefIndexed index="0" regionRef="TextRegion_1603044938161_5063"/>
                <RegionRefIndexed index="1" regionRef="TextRegion_1603044946736_5070"/>
            </OrderedGroup>
        </ReadingOrder>
        <TextRegion orientation="0.0" id="TextRegion_1603044938161_5063" custom="readingOrder {index:0;}">
            <Coords points="224,240 1155,240 1120,1899 1116,2081 224,2081"/>
            <TextLine id="r2l7" custom="readingOrder {index:0;}">
                <Coords points="404,382 1002,390 1017,325 859,309 789,341 588,331 404,358"/>
                <Baseline points="410,369 440,369 470,370 500,371 530,371 560,371 590,371 620,371 650,369 680,369 710,369 740,369 770,369 800,369 830,369 860,369 890,369 920,370 950,371 980,372 1011,374"/>
                <TextEquiv>
                    <Unicode>ARTICVLVS I1I1.</Unicode>
                </TextEquiv>
            </TextLine>
            <TextLine id="r2l10" custom="readingOrder {index:1;}">
                <Coords points="380,467 819,468 872,489 970,464 1018,483 1019,396 669,394 638,414 587,394 552,417 380,393"/>
                <Baseline points="386,453 417,454 448,455 480,455 511,456 542,456 574,456 605,456 636,458 668,458 699,458 730,458 762,458 793,458 824,458 856,458 887,458 918,459 950,459 981,459 1013,459"/>
                <TextEquiv>
                    <Unicode>Vtrum in lege Mosaica fuerit probibita</Unicode>
                </TextEquiv>
            </TextLine>
            <TextLine id="r2l13" custom="readingOrder {index:2;}">
                <Coords points="507,514 568,512 598,528 678,536 763,535 783,515 820,515 860,534 860,484 828,471 507,480"/>
                <Baseline points="512,506 538,506 564,506 591,507 617,507 643,507 670,508 696,509 723,509 749,509 775,510 802,510 828,510 855,509"/>
                <TextEquiv>
                    <Unicode>mala concupiscentia.</Unicode>
                </TextEquiv>
            </TextLine>
            <TextLine id="r2l16" custom="readingOrder {index:3;}">
                <Coords points="255,624 350,601 1123,599 1123,554 1069,544 901,566 857,542 255,538"/>
                <Baseline points="260,611 302,605 345,601 388,598 431,596 474,594 517,593 560,593 603,594 646,594 689,596 731,597 774,598 817,599 860,600 903,600 946,600 989,600 1032,597 1075,596 1118,591"/>
                <TextEquiv>
                    <Unicode>SVANTVM ad quartum articulum est aduerten¬</Unicode>
                </TextEquiv>
            </TextLine>
            <TextLine id="r2l18" custom="readingOrder {index:4;}">
                <Coords points="305,650 730,662 1025,639 1108,658 1118,609 305,620"/>
                <Baseline points="311,635 351,633 391,633 431,633 471,633 511,633 551,633 591,635 631,635 671,635 711,636 751,636 791,636 831,638 871,638 911,638 951,638 991,638 1031,638 1071,638 1112,638"/>
                <TextEquiv>
                    <Unicode> dum, quod lex Mosaica potest dupliciter consi¬</Unicode>
                </TextEquiv>
            </TextLine>
            <TextLine id="r2l20" custom="readingOrder {index:5;}">
                <Coords points="268,681 1124,684 1124,654 1040,645 728,661 268,637"/>
                <Baseline points="273,671 315,671 357,672 399,672 442,672 484,674 526,674 569,674 611,675 653,675 696,675 738,675 780,677 822,677 865,677 907,677 949,677 992,677 1034,677 1076,677 1119,675"/>
                <TextEquiv>
                    <Unicode>derari. Vno modo, vt moralis, seu spiritualis, &amp; diuina</Unicode>
                </TextEquiv>
            </TextLine>
            <TextLine id="r2l22" custom="readingOrder {index:6;}">
                <Coords points="256,715 983,734 1130,728 1131,693 256,684"/>
                <Baseline points="261,710 304,710 347,711 390,711 433,711 477,713 520,713 563,713 606,714 649,714 693,714 736,716 779,716 822,716 865,716 909,717 952,717 995,717 1038,717 1081,716 1125,716"/>
                <TextEquiv>
                    <Unicode>erat. Alio modo, vt ciuilis erat.: Primo modo prohibuit</Unicode>
                </TextEquiv>
            </TextLine>
            <TextLine id="r2l24" custom="readingOrder {index:7;}">
                <Coords points="262,758 1119,777 1134,736 262,727"/>
                <Baseline points="267,749 310,750 353,750 396,752 439,752 482,753 525,753 568,753 611,753 654,755 697,755 740,755 783,755 826,755 869,755 912,755 955,755 998,756 1041,756 1084,756 1128,756"/>
                <TextEquiv>
                    <Unicode>consensum omnis malae concupiscentiae etiam nullo exte</Unicode>
                </TextEquiv>
            </TextLine>
            <TextLine id="r2l26" custom="readingOrder {index:8;}">
                <Coords points="267,803 876,815 919,798 919,772 838,765 267,760"/>
                <Baseline points="273,788 305,789 337,789 369,791 401,791 433,791 465,791 497,791 529,791 561,792 593,792 625,792 657,792 689,792 721,792 753,792 785,792 817,794 849,794 881,794 914,795"/>
                <TextEquiv>
                    <Unicode>riori conatu, vel opere ad hoc demonstratae.</Unicode>
                </TextEquiv>
            </TextLine>
            <TextLine id="r2l28" custom="readingOrder {index:9;}">
                <Coords points="294,835 1109,843 1109,807 1039,795 792,818 294,804"/>
                <Baseline points="299,831 339,830 379,830 419,830 459,830 500,830 540,830 580,830 620,831 660,831 701,831 741,831 781,833 821,833 861,833 902,833 942,833 982,834 1022,834 1062,834 1103,834"/>
                <TextEquiv>
                    <Unicode>Quia illud lex Moysi, vt moralis erat, prohibuit, a quo</Unicode>
                </TextEquiv>
            </TextLine>
            <TextLine id="r2l30" custom="readingOrder {index:10;}">
                <Coords points="256,877 1058,886 1105,881 1106,841 256,847"/>
                <Baseline points="261,866 305,867 349,867 393,869 437,869 481,870 525,870 570,870 614,870 658,871 702,872 746,872 790,872 835,872 879,872 923,872 967,872 1011,872 1055,873 1100,873"/>
                <TextEquiv>
                    <Unicode>radicaliter omne vitium oppositum moribus, &amp; virturi¬</Unicode>
                </TextEquiv>
            </TextLine>
            <TextLine id="r2l32" custom="readingOrder {index:11;}">
                <Coords points="258,924 1118,919 1118,881 259,877"/>
                <Baseline points="264,905 306,906 348,906 391,908 433,908 476,908 518,909 560,909 603,909 645,909 688,911 730,911 772,911 815,911 857,911 900,911 942,911 984,911 1027,912 1069,912 1112,912"/>
                <TextEquiv>
                    <Unicode>bus procedit: sed consensus solius animi in malam con¬</Unicode>
                </TextEquiv>
            </TextLine>
            <TextLine id="r2l34" custom="readingOrder {index:12;}">
                <Coords points="258,954 1105,961 1105,918 1081,916 258,924"/>
                <Baseline points="263,948 304,948 346,947 388,947 430,947 472,947 514,948 555,948 597,948 639,948 681,948 723,949 765,950 807,950 848,950 890,950 932,950 974,951 1016,951 1058,951 1100,951"/>
                <TextEquiv>
                    <Unicode>cupiscentiam est huiusmodi : Propter hoc enim dixit illi</Unicode>
                </TextEquiv>
            </TextLine>
            <TextLine id="r2l36" custom="readingOrder {index:13;}">
                <Coords points="256,1005 977,997 1112,1020 1101,956 876,976 256,959"/>
                <Baseline points="261,986 303,986 345,987 387,987 430,989 472,989 514,989 557,989 599,989 641,989 684,989 726,990 768,990 810,990 853,990 895,990 937,990 980,991 1022,992 1064,992 1107,993"/>
                <TextEquiv>
                    <Unicode>sapiens. Dmni custodia custodi cor tuum, &amp; inaeternum</Unicode>
                </TextEquiv>
            </TextLine>
            <TextLine id="r2l38" custom="readingOrder {index:14;}">
                <Coords points="251,1033 278,1040 297,1032 330,1045 347,1039 362,1043 389,1032 398,1038 410,1031 453,1036 460,1035 461,1008 431,1010 417,997 399,1007 252,1005"/>
                <Baseline points="257,1026 285,1026 313,1025 341,1025 370,1026 398,1026 426,1028 455,1029"/>
                <TextEquiv>
                    <Unicode>non peccabis.</Unicode>
                </TextEquiv>
            </TextLine>
            <TextLine id="r2l40" custom="readingOrder {index:15;}">
                <Coords points="296,1074 983,1072 1053,1092 1109,1074 1109,1038 296,1034"/>
                <Baseline points="302,1064 342,1065 382,1065 422,1066 462,1067 502,1067 542,1067 582,1068 622,1068 662,1068 702,1068 742,1068 782,1068 822,1068 862,1068 902,1068 942,1068 982,1070 1022,1070 1062,1070 1103,1070"/>
                <TextEquiv>
                    <Unicode>Forte dicetur, quod solus Deus per suam gratiam po¬</Unicode>
                </TextEquiv>
            </TextLine>
            <TextLine id="r2l43" custom="readingOrder {index:16;}">
                <Coords points="249,1121 1108,1134 1121,1067 1056,1091 249,1083"/>
                <Baseline points="255,1104 298,1104 341,1106 384,1106 427,1106 470,1106 513,1106 556,1106 599,1107 642,1107 685,1107 728,1107 771,1107 814,1107 857,1107 900,1107 943,1109 986,1109 1029,1109 1072,1110 1115,1110"/>
                <TextEquiv>
                    <Unicode>test prohibere ea, quae geruntur in interioribus animi hu</Unicode>
                </TextEquiv>
            </TextLine>
            <TextLine id="r2l45" custom="readingOrder {index:17;}">
                <Coords points="255,1159 881,1154 881,1128 804,1116 255,1121"/>
                <Baseline points="261,1142 291,1143 322,1145 353,1145 384,1145 414,1146 445,1146 476,1146 507,1146 537,1145 568,1145 599,1145 630,1145 660,1145 691,1145 722,1145 753,1146 783,1146 814,1146 845,1148 876,1149"/>
                <TextEquiv>
                    <Unicode>mani: ergo lex non habet illa prohibere.</Unicode>
                </TextEquiv>
            </TextLine>
            <TextLine id="r2l47" custom="readingOrder {index:18;}">
                <Coords points="295,1194 1093,1200 1112,1134 916,1168 295,1163"/>
                <Baseline points="300,1184 340,1184 380,1184 420,1184 461,1185 501,1185 541,1185 582,1185 622,1185 662,1185 703,1185 743,1185 783,1185 823,1185 864,1187 904,1187 944,1187 985,1187 1025,1187 1065,1187 1106,1188"/>
                <TextEquiv>
                    <Unicode>2 Praeterea, praeceptum euangelij de concupiscentia</Unicode>
                </TextEquiv>
            </TextLine>
            <TextLine id="r2l49" custom="readingOrder {index:19;}">
                <Coords points="252,1237 999,1246 1112,1236 1112,1196 252,1202"/>
                <Baseline points="258,1223 300,1223 342,1223 385,1223 427,1223 470,1223 512,1223 554,1223 597,1224 639,1224 682,1224 724,1224 766,1224 809,1224 851,1224 894,1224 936,1224 978,1224 1021,1224 1063,1224 1106,1224"/>
                <TextEquiv>
                    <Unicode>addit aliquam perfectionem super praeceptum legis: Pro¬</Unicode>
                </TextEquiv>
            </TextLine>
            <TextLine id="r2l51" custom="readingOrder {index:20;}">
                <Coords points="250,1280 1137,1286 1137,1239 1036,1230 250,1241"/>
                <Baseline points="255,1265 298,1263 342,1263 386,1263 430,1263 474,1262 517,1262 561,1262 605,1262 649,1262 693,1262 736,1262 780,1262 824,1263 868,1263 912,1263 955,1263 999,1265 1043,1265 1087,1266 1131,1266"/>
                <TextEquiv>
                    <Unicode>pter quod dixit Saluator in Fuang. Ego dico vobis, si quis</Unicode>
                </TextEquiv>
            </TextLine>
            <TextLine id="r2l53" custom="readingOrder {index:21;}">
                <Coords points="258,1314 1112,1307 1112,1283 1010,1276 258,1281"/>
                <Baseline points="263,1302 305,1302 347,1302 389,1301 431,1301 474,1301 516,1301 558,1301 600,1301 642,1301 685,1301 727,1301 769,1302 811,1302 853,1302 896,1302 938,1302 980,1302 1022,1303 1064,1304 1107,1304"/>
                <TextEquiv>
                    <Unicode>viderit mulierem ad concupiscendum eam, iam maecna¬</Unicode>
                </TextEquiv>
            </TextLine>
            <TextLine id="r2l55" custom="readingOrder {index:22;}">
                <Coords points="255,1356 1119,1346 1081,1309 255,1317"/>
                <Baseline points="260,1341 302,1341 345,1341 387,1341 430,1341 473,1341 515,1341 558,1341 601,1341 643,1341 686,1341 729,1341 771,1341 814,1341 857,1341 899,1343 942,1343 985,1343 1027,1343 1070,1343 1113,1343"/>
                <TextEquiv>
                    <Unicode>tus est eam in corde suo: sed si talis concupiscentia esset</Unicode>
                </TextEquiv>
            </TextLine>
            <TextLine id="r2l57" custom="readingOrder {index:23;}">
                <Coords points="261,1386 1069,1404 1111,1401 1112,1350 261,1360"/>
                <Baseline points="266,1380 308,1380 350,1379 392,1379 434,1380 476,1380 518,1380 560,1380 602,1380 644,1380 686,1382 728,1382 770,1382 812,1382 854,1382 896,1382 938,1382 980,1382 1022,1382 1064,1382 1106,1382"/>
                <TextEquiv>
                    <Unicode>prohibita ex lege: tunc euangelium nihil perfectionis ad¬</Unicode>
                </TextEquiv>
            </TextLine>
            <TextLine id="r2l59" custom="readingOrder {index:24;}">
                <Coords points="260,1434 339,1428 376,1440 430,1432 473,1441 496,1430 535,1438 536,1397 476,1402 442,1389 403,1401 351,1389 287,1400 261,1385"/>
                <Baseline points="266,1419 292,1418 318,1418 345,1418 371,1419 398,1419 424,1419 450,1421 477,1421 503,1422 530,1422"/>
                <TextEquiv>
                    <Unicode>deret super legem</Unicode>
                </TextEquiv>
            </TextLine>
            <TextLine id="r2l61" custom="readingOrder {index:25;}">
                <Coords points="276,1475 1103,1490 1103,1403 685,1398 608,1438 277,1434"/>
                <Baseline points="282,1460 322,1460 363,1460 404,1460 445,1460 486,1460 526,1460 567,1460 608,1460 649,1460 690,1460 730,1460 771,1460 812,1460 853,1460 894,1461 934,1461 975,1463 1016,1464 1057,1465 1098,1466"/>
                <TextEquiv>
                    <Unicode>3 Praeterea, glo, super illud. Non concupisees, dicit quod</Unicode>
                </TextEquiv>
            </TextLine>
            <TextLine id="r2l63" custom="readingOrder {index:26;}">
                <Coords points="249,1507 915,1511 915,1484 821,1468 249,1467"/>
                <Baseline points="255,1497 287,1498 320,1499 353,1499 385,1499 418,1499 451,1499 483,1499 516,1499 549,1499 582,1499 614,1499 647,1499 680,1499 712,1499 745,1499 778,1499 810,1499 843,1500 876,1500 909,1500"/>
                <TextEquiv>
                    <Unicode>lex verus prohibebat manum, non animum</Unicode>
                </TextEquiv>
            </TextLine>
            <TextLine id="line_1603044938272_5066" custom="readingOrder {index:27;}">
                <Coords points="1127,1310 1131,1309 1131,1376 1127,1377"/>
                <Baseline points="1127,1347 1131,1346"/>
            </TextLine>
            <TextLine id="r2l65" custom="readingOrder {index:28;}">
                <Coords points="238,1545 1107,1559 1107,1501 238,1506"/>
                <Baseline points="243,1538 285,1538 328,1538 371,1536 414,1536 457,1536 500,1536 543,1536 586,1538 629,1538 672,1538 714,1538 757,1538 800,1538 843,1538 886,1538 929,1539 972,1539 1015,1539 1058,1539 1101,1539"/>
                <TextEquiv>
                    <Unicode>Ad Solutionem istorum pono secundam conclusionem,</Unicode>
                </TextEquiv>
            </TextLine>
            <TextLine id="r2l67" custom="readingOrder {index:29;}">
                <Coords points="230,1584 1093,1588 1065,1546 230,1542"/>
                <Baseline points="236,1577 278,1577 321,1577 363,1577 406,1577 449,1577 491,1577 534,1577 576,1577 619,1577 662,1577 704,1577 747,1577 789,1577 832,1577 875,1577 917,1578 960,1578 1002,1579 1045,1580 1088,1581"/>
                <TextEquiv>
                    <Unicode>&amp; est ista, quod si lex Movsi accipitur secundo modo, sci¬</Unicode>
                </TextEquiv>
            </TextLine>
            <TextLine id="r2l69" custom="readingOrder {index:30;}">
                <Coords points="240,1627 1089,1624 1089,1586 240,1585"/>
                <Baseline points="246,1617 287,1617 329,1617 371,1617 413,1617 455,1617 497,1617 538,1617 580,1617 622,1617 664,1617 706,1617 748,1617 790,1617 831,1617 873,1617 915,1617 957,1617 999,1617 1041,1617 1083,1617"/>
                <TextEquiv>
                    <Unicode>licet, vt ciuilis erat: tunc prohibuit solum concupiscen</Unicode>
                </TextEquiv>
            </TextLine>
            <TextLine id="r2l71" custom="readingOrder {index:31;}">
                <Coords points="237,1664 1041,1672 1091,1668 1091,1623 237,1628"/>
                <Baseline points="243,1655 285,1656 327,1656 369,1656 411,1656 453,1656 495,1656 538,1656 580,1656 622,1656 664,1656 706,1656 748,1655 790,1655 833,1655 875,1656 917,1656 959,1656 1001,1656 1043,1656 1086,1656"/>
                <TextEquiv>
                    <Unicode>riam malam, prout aliquo conatu, vel opere exterius fui</Unicode>
                </TextEquiv>
            </TextLine>
            <TextLine id="r2l73" custom="readingOrder {index:32;}">
                <Coords points="242,1708 1041,1717 1092,1708 1092,1668 242,1675"/>
                <Baseline points="248,1695 289,1695 331,1695 373,1695 415,1695 457,1695 499,1694 541,1694 583,1694 625,1694 667,1694 708,1694 750,1694 792,1694 834,1694 876,1695 918,1695 960,1695 1002,1695 1044,1695 1086,1695"/>
                <TextEquiv>
                    <Unicode>monstrata, vel ostensa, quia illo modo solum lex Mosai¬</Unicode>
                </TextEquiv>
            </TextLine>
            <TextLine id="r2l75" custom="readingOrder {index:33;}">
                <Coords points="236,1755 1094,1741 1072,1704 236,1707"/>
                <Baseline points="242,1736 284,1736 326,1736 368,1736 411,1734 453,1734 495,1734 538,1734 580,1734 622,1734 665,1734 707,1734 749,1734 791,1734 834,1734 876,1734 918,1734 961,1734 1003,1734 1045,1736 1088,1736"/>
                <TextEquiv>
                    <Unicode>ca, vt ciuilis erat, concupiscentiam prohibuit, quo modo</Unicode>
                </TextEquiv>
            </TextLine>
            <TextLine id="r2l77" custom="readingOrder {index:34;}">
                <Coords points="237,1784 1028,1793 1089,1783 1089,1739 237,1754"/>
                <Baseline points="242,1775 284,1775 326,1775 368,1775 410,1775 452,1775 494,1775 536,1775 578,1775 620,1775 662,1775 704,1775 746,1775 788,1775 830,1775 872,1775 914,1775 956,1775 998,1775 1040,1775 1083,1775"/>
                <TextEquiv>
                    <Unicode>concupiscentiam habentes puniuit: quia hoc lex prohi¬</Unicode>
                </TextEquiv>
            </TextLine>
            <TextLine id="r2l79" custom="readingOrder {index:35;}">
                <Coords points="239,1821 1082,1830 1082,1783 1058,1781 239,1784"/>
                <Baseline points="245,1814 286,1814 328,1814 369,1814 411,1814 453,1814 494,1814 536,1814 577,1814 619,1814 661,1814 702,1814 744,1814 785,1814 827,1814 869,1814 910,1814 952,1814 993,1814 1035,1814 1077,1814"/>
                <TextEquiv>
                    <Unicode>bet, ciius commissionem punit: Sed lex Mosaica, vt ciui</Unicode>
                </TextEquiv>
            </TextLine>
            <TextLine id="r2l81" custom="readingOrder {index:36;}">
                <Coords points="233,1864 1090,1870 1090,1829 1008,1819 233,1828"/>
                <Baseline points="239,1854 281,1853 323,1853 365,1853 408,1851 450,1851 492,1851 535,1851 577,1851 619,1851 662,1851 704,1851 746,1851 788,1851 831,1853 873,1853 915,1853 958,1853 1000,1853 1042,1854 1085,1854"/>
                <TextEquiv>
                    <Unicode>lis erat, non puniuit concupiscentiam, nisi aliquo actu ex¬</Unicode>
                </TextEquiv>
            </TextLine>
            <TextLine id="r2l83" custom="readingOrder {index:37;}">
                <Coords points="246,1906 1094,1900 1094,1873 1043,1860 246,1870"/>
                <Baseline points="251,1892 292,1892 334,1892 376,1890 418,1890 460,1890 502,1890 544,1890 586,1890 628,1892 670,1892 711,1892 753,1892 795,1892 837,1892 879,1892 921,1892 963,1893 1005,1892 1047,1892 1089,1892"/>
                <TextEquiv>
                    <Unicode>trinseco esset manifestata. Et per haec patet ad argumenta</Unicode>
                </TextEquiv>
            </TextLine>
            <TextLine id="r2l85" custom="readingOrder {index:38;}">
                <Coords points="234,1938 1090,1948 1076,1897 234,1909"/>
                <Baseline points="239,1931 281,1931 323,1931 365,1931 408,1931 450,1931 492,1931 535,1932 577,1931 619,1931 662,1931 704,1931 746,1931 788,1931 831,1931 873,1931 915,1931 958,1931 1000,1931 1042,1932 1085,1932"/>
                <TextEquiv>
                    <Unicode>Ad primum dicendum, quod dupliciter Deus prohi¬</Unicode>
                </TextEquiv>
            </TextLine>
            <TextLine id="r2l87" custom="readingOrder {index:39;}">
                <Coords points="241,1978 1097,1976 1097,1947 1032,1937 241,1938"/>
                <Baseline points="246,1971 288,1971 330,1970 372,1970 415,1970 457,1970 499,1970 542,1970 584,1970 626,1970 669,1970 711,1970 753,1970 795,1971 838,1971 880,1971 922,1971 965,1971 1007,1971 1049,1971 1092,1971"/>
                <TextEquiv>
                    <Unicode>bet malam concupiscentiam, vno modo, per modum</Unicode>
                </TextEquiv>
            </TextLine>
            <TextLine id="r2l89" custom="readingOrder {index:40;}">
                <Coords points="231,2020 1087,2027 1087,1976 231,1989"/>
                <Baseline points="236,2010 278,2010 320,2010 362,2009 405,2009 447,2009 489,2009 532,2009 574,2009 616,2009 659,2009 701,2009 743,2009 785,2009 828,2009 870,2009 912,2009 955,2009 997,2009 1039,2010 1082,2010"/>
                <TextEquiv>
                    <Unicode>inclinantis, alio modo, per modum iubentis, seu praeci</Unicode>
                </TextEquiv>
            </TextLine>
            <TextLine id="r2l91" custom="readingOrder {index:41;}">
                <Coords points="240,2069 1066,2071 1103,2064 1103,2027 239,2024"/>
                <Baseline points="245,2052 287,2052 330,2051 372,2051 415,2051 458,2051 500,2049 543,2049 586,2049 628,2049 671,2049 714,2048 756,2048 799,2048 842,2048 884,2048 927,2048 970,2049 1012,2049 1055,2049 1098,2049"/>
                <TextEquiv>
                    <Unicode>pientis. Primo modo, prohibet Deus malam concupiscen</Unicode>
                </TextEquiv>
            </TextLine>
            <TextEquiv>
                <Unicode>ARTICVLVS I1I1.
Vtrum in lege Mosaica fuerit probibita
mala concupiscentia.
SVANTVM ad quartum articulum est aduerten¬
 dum, quod lex Mosaica potest dupliciter consi¬
derari. Vno modo, vt moralis, seu spiritualis, &amp; diuina
erat. Alio modo, vt ciuilis erat.: Primo modo prohibuit
consensum omnis malae concupiscentiae etiam nullo exte
riori conatu, vel opere ad hoc demonstratae.
Quia illud lex Moysi, vt moralis erat, prohibuit, a quo
radicaliter omne vitium oppositum moribus, &amp; virturi¬
bus procedit: sed consensus solius animi in malam con¬
cupiscentiam est huiusmodi : Propter hoc enim dixit illi
sapiens. Dmni custodia custodi cor tuum, &amp; inaeternum
non peccabis.
Forte dicetur, quod solus Deus per suam gratiam po¬
test prohibere ea, quae geruntur in interioribus animi hu
mani: ergo lex non habet illa prohibere.
2 Praeterea, praeceptum euangelij de concupiscentia
addit aliquam perfectionem super praeceptum legis: Pro¬
pter quod dixit Saluator in Fuang. Ego dico vobis, si quis
viderit mulierem ad concupiscendum eam, iam maecna¬
tus est eam in corde suo: sed si talis concupiscentia esset
prohibita ex lege: tunc euangelium nihil perfectionis ad¬
deret super legem
3 Praeterea, glo, super illud. Non concupisees, dicit quod
lex verus prohibebat manum, non animum

Ad Solutionem istorum pono secundam conclusionem,
&amp; est ista, quod si lex Movsi accipitur secundo modo, sci¬
licet, vt ciuilis erat: tunc prohibuit solum concupiscen
riam malam, prout aliquo conatu, vel opere exterius fui
monstrata, vel ostensa, quia illo modo solum lex Mosai¬
ca, vt ciuilis erat, concupiscentiam prohibuit, quo modo
concupiscentiam habentes puniuit: quia hoc lex prohi¬
bet, ciius commissionem punit: Sed lex Mosaica, vt ciui
lis erat, non puniuit concupiscentiam, nisi aliquo actu ex¬
trinseco esset manifestata. Et per haec patet ad argumenta
Ad primum dicendum, quod dupliciter Deus prohi¬
bet malam concupiscentiam, vno modo, per modum
inclinantis, alio modo, per modum iubentis, seu praeci
pientis. Primo modo, prohibet Deus malam concupiscen</Unicode>
            </TextEquiv>
        </TextRegion>
        <TextRegion orientation="0.0" id="TextRegion_1603044946736_5070" custom="readingOrder {index:1;}">
            <Coords points="1155,240 2032,240 1989,2081 1116,2081 1120,1899"/>
            <TextLine id="r2l5" custom="readingOrder {index:0;}">
                <Coords points="1157,337 1885,363 2012,353 2013,315 1158,284"/>
                <Baseline points="1163,324 1205,326 1247,326 1289,326 1331,327 1374,327 1416,329 1458,329 1500,330 1542,330 1585,332 1627,333 1669,334 1711,335 1753,336 1796,338 1838,339 1880,339 1922,341 1964,342 2007,344"/>
                <TextEquiv>
                    <Unicode>tiam infundendoigratiam, &amp; caritatem, secundo modo</Unicode>
                </TextEquiv>
            </TextLine>
            <TextLine id="r2l6" custom="readingOrder {index:1;}">
                <Coords points="1151,378 1493,382 1517,376 1517,345 1432,346 1382,333 1363,345 1279,332 1214,347 1173,339 1151,352"/>
                <Baseline points="1157,366 1182,366 1207,366 1233,366 1258,366 1283,366 1309,366 1334,366 1359,366 1385,366 1410,366 1435,368 1461,368 1486,369 1512,371"/>
                <TextEquiv>
                    <Unicode>communicando legem</Unicode>
                </TextEquiv>
            </TextLine>
            <TextLine id="r2l8" custom="readingOrder {index:2;}">
                <Coords points="1228,412 2012,431 2013,385 1988,380 1851,402 1692,374 1229,374"/>
                <Baseline points="1233,405 1271,405 1310,405 1349,405 1387,405 1426,407 1465,407 1503,407 1542,408 1581,408 1620,410 1658,410 1697,411 1736,413 1774,413 1813,415 1852,416 1890,418 1929,419 1968,420 2007,422"/>
                <TextEquiv>
                    <Unicode>Ad secundum dicendum, quod lex Moysi, vt diuina, </Unicode>
                </TextEquiv>
            </TextLine>
            <TextLine id="r2l9" custom="readingOrder {index:3;}">
                <Coords points="1167,453 2009,464 1992,425 1168,406"/>
                <Baseline points="1172,446 1213,446 1255,444 1296,444 1338,444 1379,444 1421,446 1462,446 1504,446 1545,447 1587,448 1629,449 1670,450 1712,452 1753,453 1795,454 1836,455 1878,456 1919,457 1961,458 2003,459"/>
                <TextEquiv>
                    <Unicode>&amp; spiritualis erat, quamuis non expresse: tamen tacite</Unicode>
                </TextEquiv>
            </TextLine>
            <TextLine id="r2l11" custom="readingOrder {index:4;}">
                <Coords points="1170,491 1890,510 2005,504 2006,475 1171,453"/>
                <Baseline points="1175,486 1216,485 1257,483 1298,483 1340,483 1381,483 1422,483 1463,485 1505,485 1546,486 1587,488 1628,488 1670,489 1711,491 1752,492 1793,494 1835,495 1876,495 1917,497 1958,497 2000,498"/>
                <TextEquiv>
                    <Unicode>inclusit euangelium, vt sic esset rota in medio rotae: Si ta¬</Unicode>
                </TextEquiv>
            </TextLine>
            <TextLine id="r2l14" custom="readingOrder {index:5;}">
                <Coords points="1167,537 2009,553 2010,507 1968,503 1168,492"/>
                <Baseline points="1173,524 1214,524 1256,524 1297,524 1339,524 1380,524 1422,524 1463,525 1505,526 1546,527 1588,528 1630,529 1671,530 1713,531 1754,533 1796,534 1837,534 1879,536 1920,536 1962,537 2004,537"/>
                <TextEquiv>
                    <Unicode>men accipitur, vt ciuilis erat: tunc euangelium addit</Unicode>
                </TextEquiv>
            </TextLine>
            <TextLine id="r2l15" custom="readingOrder {index:6;}">
                <Coords points="1167,569 1287,569 1300,582 1340,569 1363,584 1391,567 1458,572 1484,587 1554,579 1554,539 1530,534 1496,546 1453,531 1430,544 1399,530 1313,546 1273,530 1167,536"/>
                <Baseline points="1172,564 1197,564 1222,563 1247,563 1272,563 1297,563 1322,563 1347,563 1372,563 1397,563 1422,563 1447,563 1472,564 1497,564 1522,565 1548,566"/>
                <TextEquiv>
                    <Unicode>multa super ipsam legem</Unicode>
                </TextEquiv>
            </TextLine>
            <TextLine id="r2l17" custom="readingOrder {index:7;}">
                <Coords points="1200,612 2013,628 2013,585 1859,563 1486,588 1201,572"/>
                <Baseline points="1206,602 1246,602 1286,602 1326,602 1366,602 1406,602 1446,602 1486,603 1526,603 1566,605 1606,605 1646,606 1686,607 1726,608 1766,609 1806,611 1846,611 1886,612 1926,614 1966,614 2007,615"/>
                <TextEquiv>
                    <Unicode>Ad tertium dicendum, quod ibi glo, loquitur de lege,</Unicode>
                </TextEquiv>
            </TextLine>
            <TextLine id="r2l19" custom="readingOrder {index:8;}">
                <Coords points="1152,660 2018,669 2018,628 1935,620 1153,610"/>
                <Baseline points="1157,639 1199,639 1242,639 1285,639 1328,641 1370,641 1413,641 1456,642 1499,643 1541,644 1584,645 1627,646 1670,648 1712,648 1755,650 1798,650 1841,651 1883,653 1926,654 1969,654 2012,656"/>
                <TextEquiv>
                    <Unicode>vt ciuilis erat: quia populus veteris legis erat grossus, &amp; </Unicode>
                </TextEquiv>
            </TextLine>
            <TextLine id="r2l21" custom="readingOrder {index:9;}">
                <Coords points="1167,691 1985,713 2006,672 1167,660"/>
                <Baseline points="1172,681 1213,680 1254,680 1296,678 1337,678 1379,678 1420,680 1461,680 1503,681 1544,681 1586,683 1627,684 1668,686 1710,687 1751,689 1793,689 1834,690 1875,692 1917,692 1958,693 2000,693"/>
                <TextEquiv>
                    <Unicode>carnalis: ideo solum attendens legem, vt ciuilis, repu¬</Unicode>
                </TextEquiv>
            </TextLine>
            <TextLine id="r2l23" custom="readingOrder {index:10;}">
                <Coords points="1148,740 1882,751 2005,740 2006,711 1149,692"/>
                <Baseline points="1154,720 1196,720 1238,719 1280,719 1323,719 1365,719 1407,720 1450,720 1492,721 1534,722 1577,723 1619,723 1661,725 1703,726 1746,728 1788,728 1830,729 1873,731 1915,731 1957,732 2000,732"/>
                <TextEquiv>
                    <Unicode>tabat concupiscentiam non esse peccatum, nisi prout ex¬</Unicode>
                </TextEquiv>
            </TextLine>
            <TextLine id="r2l25" custom="readingOrder {index:11;}">
                <Coords points="1171,764 2009,781 2010,744 1980,736 1172,730"/>
                <Baseline points="1176,756 1217,756 1258,756 1300,756 1341,757 1383,758 1424,758 1465,759 1507,759 1548,761 1590,762 1631,763 1672,764 1714,765 1755,767 1797,767 1838,768 1879,770 1921,770 1962,771 2004,773"/>
                <TextEquiv>
                    <Unicode>trinsecus fiebat manifesta. Vnde etiam illins opinionis fuit</Unicode>
                </TextEquiv>
            </TextLine>
            <TextLine id="r2l27" custom="readingOrder {index:12;}">
                <Coords points="1154,810 2017,829 2018,779 1155,760"/>
                <Baseline points="1160,798 1202,797 1245,797 1287,797 1330,797 1373,797 1415,798 1458,798 1500,798 1543,800 1586,800 1628,801 1671,803 1713,803 1756,804 1799,806 1841,807 1884,809 1926,810 1969,812 2012,813"/>
                <TextEquiv>
                    <Unicode>Tosephus, qui in libro antiquitatum deridet gentiles, qui</Unicode>
                </TextEquiv>
            </TextLine>
            <TextLine id="r2l29" custom="readingOrder {index:13;}">
                <Coords points="1154,849 1959,866 2003,857 2004,817 1154,816"/>
                <Baseline points="1160,837 1201,837 1243,837 1285,837 1327,837 1369,837 1411,837 1453,837 1495,839 1537,839 1579,840 1620,840 1662,842 1704,842 1746,843 1788,844 1830,845 1872,846 1914,848 1956,849 1998,851"/>
                <TextEquiv>
                    <Unicode>dicebant regem Antiochum propter hoc plagatum: quia</Unicode>
                </TextEquiv>
            </TextLine>
            <TextLine id="r2l31" custom="readingOrder {index:14;}">
                <Coords points="1142,884 2008,899 1990,855 1142,854"/>
                <Baseline points="1148,876 1190,876 1233,875 1276,875 1319,875 1361,875 1404,875 1447,876 1490,877 1532,878 1575,879 1618,880 1661,881 1703,882 1746,884 1789,884 1832,885 1874,887 1917,887 1960,888 2003,888"/>
                <TextEquiv>
                    <Unicode>voluit spoliare templum. Dianae, dicens, quod in hoc nul¬</Unicode>
                </TextEquiv>
            </TextLine>
            <TextLine id="r2l33" custom="readingOrder {index:15;}">
                <Coords points="1155,926 2000,933 2000,904 1866,891 1155,883"/>
                <Baseline points="1160,915 1201,915 1243,914 1285,914 1326,914 1368,914 1410,914 1451,915 1493,915 1535,917 1577,917 1618,918 1660,920 1702,920 1743,921 1785,923 1827,924 1868,924 1910,926 1952,927 1994,927"/>
                <TextEquiv>
                    <Unicode>lum peccatum habuit: quia illam concupiscentiam non¬</Unicode>
                </TextEquiv>
            </TextLine>
            <TextLine id="r2l35" custom="readingOrder {index:16;}">
                <Coords points="1154,963 2006,985 2006,947 1971,935 1155,926"/>
                <Baseline points="1160,954 1202,954 1244,954 1286,954 1328,954 1370,955 1412,956 1454,956 1496,957 1538,957 1580,959 1622,959 1664,960 1706,961 1748,962 1790,963 1832,965 1874,965 1916,966 1958,968 2000,969"/>
                <TextEquiv>
                    <Unicode>dum exteriori opere demonstrauit, quando a Deo pla¬</Unicode>
                </TextEquiv>
            </TextLine>
            <TextLine id="r2l37" custom="readingOrder {index:17;}">
                <Coords points="1155,1013 1171,1014 1180,1004 1206,997 1221,1000 1232,1011 1245,1009 1264,1016 1278,1009 1283,1014 1303,998 1316,1000 1317,966 1250,963 1238,970 1203,967 1196,974 1180,965 1156,963"/>
                <Baseline points="1161,996 1186,994 1211,993 1236,994 1261,995 1286,996 1311,995"/>
                <TextEquiv>
                    <Unicode>gatus fult</Unicode>
                </TextEquiv>
            </TextLine>
            <TextLine id="r2l39" custom="readingOrder {index:18;}">
                <Coords points="1185,1046 1929,1060 1993,1047 1994,1007 1696,1021 1671,997 1620,1019 1556,987 1403,1018 1186,1005"/>
                <Baseline points="1191,1034 1230,1032 1270,1032 1310,1032 1350,1034 1390,1034 1430,1034 1469,1035 1509,1035 1549,1035 1589,1037 1629,1037 1669,1038 1709,1039 1748,1040 1788,1041 1828,1042 1868,1043 1908,1043 1948,1044 1988,1044"/>
                <TextEquiv>
                    <Unicode>Forte dicetur, si Hebraei non reputant concupiscen¬</Unicode>
                </TextEquiv>
            </TextLine>
            <TextLine id="r2l42" custom="readingOrder {index:19;}">
                <Coords points="1155,1078 1996,1091 1948,1055 1156,1036"/>
                <Baseline points="1161,1073 1202,1071 1244,1071 1285,1071 1327,1072 1368,1073 1410,1073 1451,1073 1493,1074 1534,1074 1576,1076 1617,1076 1659,1077 1700,1077 1742,1079 1783,1080 1825,1080 1866,1082 1908,1082 1949,1083 1991,1085"/>
                <TextEquiv>
                    <Unicode>tiam esse prohibitam, nisi pateat in opere exteriori: quo¬</Unicode>
                </TextEquiv>
            </TextLine>
            <TextLine id="r2l44" custom="readingOrder {index:20;}">
                <Coords points="1147,1127 1997,1139 1998,1094 1147,1083"/>
                <Baseline points="1152,1110 1194,1110 1236,1110 1278,1110 1320,1110 1362,1112 1404,1112 1446,1112 1488,1113 1530,1113 1572,1115 1614,1116 1656,1116 1698,1118 1740,1118 1782,1119 1824,1121 1866,1121 1908,1122 1950,1124 1992,1125"/>
                <TextEquiv>
                    <Unicode>modo ergo distinguunt praeceptum nonum, &amp; decimum,</Unicode>
                </TextEquiv>
            </TextLine>
            <TextLine id="r2l46" custom="readingOrder {index:21;}">
                <Coords points="1142,1167 1853,1165 2000,1191 1981,1131 1143,1125"/>
                <Baseline points="1148,1152 1190,1151 1232,1151 1275,1151 1317,1151 1359,1152 1402,1152 1444,1152 1486,1152 1529,1154 1571,1154 1613,1155 1656,1155 1698,1157 1740,1158 1783,1158 1825,1160 1867,1161 1910,1163 1952,1164 1995,1166"/>
                <TextEquiv>
                    <Unicode>quae sunt de concupiscentia, a praecepto sexto, &amp; septimo,</Unicode>
                </TextEquiv>
            </TextLine>
            <TextLine id="r2l48" custom="readingOrder {index:22;}">
                <Coords points="1143,1204 1273,1194 1363,1204 1377,1196 1386,1203 1425,1198 1425,1172 1387,1158 1298,1157 1278,1167 1198,1156 1165,1170 1143,1168"/>
                <Baseline points="1148,1191 1175,1190 1202,1189 1229,1188 1256,1188 1283,1188 1310,1188 1337,1188 1364,1188 1391,1190 1419,1190"/>
                <TextEquiv>
                    <Unicode>quae sunt de facto.</Unicode>
                </TextEquiv>
            </TextLine>
            <TextLine id="line_1603044946848_5073" custom="readingOrder {index:23;}">
                <Coords points="1192,1236 1990,1262 2016,1208 1192,1200"/>
                <Baseline points="1197,1229 1246,1229 1295,1229 1345,1230 1394,1230 1444,1230 1493,1231 1542,1232 1592,1232 1641,1233 1691,1234 1740,1235 1790,1236 1839,1238 1888,1239 1938,1241 1987,1242 2009,1242"/>
                <TextEquiv>
                    <Unicode>Respondeo, quod ista quattuor se habent per ordinem</Unicode>
                </TextEquiv>
            </TextLine>
            <TextLine id="r2l52" custom="readingOrder {index:24;}">
                <Coords points="1160,1276 2000,1285 1965,1247 1161,1241"/>
                <Baseline points="1166,1268 1207,1268 1248,1268 1290,1268 1331,1269 1373,1269 1414,1269 1455,1269 1497,1271 1538,1271 1580,1271 1621,1272 1662,1272 1704,1274 1745,1274 1787,1275 1828,1275 1869,1277 1911,1277 1952,1278 1994,1278"/>
                <TextEquiv>
                    <Unicode>primo, concupiscentia mulieris alienae. Secundo, consen¬</Unicode>
                </TextEquiv>
            </TextLine>
            <TextLine id="r2l54" custom="readingOrder {index:25;}">
                <Coords points="1151,1314 2000,1329 2000,1284 1152,1281"/>
                <Baseline points="1157,1308 1198,1307 1240,1307 1282,1307 1324,1308 1366,1308 1408,1308 1449,1308 1491,1308 1533,1310 1575,1310 1617,1310 1659,1311 1701,1311 1742,1313 1784,1314 1826,1315 1868,1316 1910,1317 1952,1319 1994,1320"/>
                <TextEquiv>
                    <Unicode>sus voluntatis. Tertio, conatus exterior sollicitando illam</Unicode>
                </TextEquiv>
            </TextLine>
            <TextLine id="line_1603044938272_5065" custom="readingOrder {index:26;}">
                <Coords points="1125,1350 2006,1371 1992,1326 1126,1319"/>
                <Baseline points="1131,1346 1170,1346 1214,1346 1258,1346 1301,1346 1345,1346 1389,1346 1432,1347 1476,1347 1520,1347 1564,1349 1607,1349 1651,1350 1695,1350 1738,1352 1782,1353 1826,1355 1869,1356 1913,1358 1957,1359 2001,1361"/>
                <TextEquiv>
                    <Unicode>mulierem, vt consentiat in actum adulterij: Quarto, est</Unicode>
                </TextEquiv>
            </TextLine>
            <TextLine id="r2l58" custom="readingOrder {index:27;}">
                <Coords points="1141,1398 1998,1406 1998,1372 1799,1358 1141,1352"/>
                <Baseline points="1146,1385 1188,1385 1230,1385 1272,1386 1315,1386 1357,1386 1399,1386 1442,1386 1484,1386 1526,1388 1569,1388 1611,1388 1653,1389 1695,1390 1738,1391 1780,1392 1822,1392 1865,1394 1907,1395 1949,1397 1992,1398"/>
                <TextEquiv>
                    <Unicode>ipsum adulterium. Prima duo, secundum Hebraeos, non</Unicode>
                </TextEquiv>
            </TextLine>
            <TextLine id="r2l60" custom="readingOrder {index:28;}">
                <Coords points="1140,1431 1995,1448 1995,1409 1899,1401 1140,1398"/>
                <Baseline points="1145,1422 1187,1424 1229,1424 1271,1424 1313,1425 1356,1425 1398,1425 1440,1426 1482,1427 1524,1427 1567,1427 1609,1428 1651,1428 1693,1430 1735,1430 1778,1431 1820,1433 1862,1434 1904,1435 1946,1436 1989,1439"/>
                <TextEquiv>
                    <Unicode>fuerunt in lege prohibitaes sed tertium fuit prohibitum</Unicode>
                </TextEquiv>
            </TextLine>
            <TextLine id="r2l62" custom="readingOrder {index:29;}">
                <Coords points="1146,1478 1952,1492 1990,1487 1991,1452 1147,1431"/>
                <Baseline points="1152,1463 1193,1463 1235,1464 1276,1464 1318,1464 1360,1466 1401,1466 1443,1466 1485,1466 1526,1466 1568,1467 1610,1467 1651,1467 1693,1469 1735,1469 1776,1470 1818,1471 1860,1472 1901,1473 1943,1475 1985,1476"/>
                <TextEquiv>
                    <Unicode>praecepto nono, &amp; quartum fuit prohibitum praecepto</Unicode>
                </TextEquiv>
            </TextLine>
            <TextLine id="r2l64" custom="readingOrder {index:30;}">
                <Coords points="1143,1512 1995,1523 1976,1482 1144,1480"/>
                <Baseline points="1149,1502 1191,1502 1233,1502 1275,1502 1317,1503 1359,1503 1401,1503 1443,1503 1485,1504 1527,1505 1569,1505 1611,1506 1653,1506 1695,1508 1737,1509 1779,1509 1821,1511 1863,1512 1905,1514 1947,1515 1989,1517"/>
                <TextEquiv>
                    <Unicode>sexto. Et eodem modo ipsi dicunt de concupiscentia rei</Unicode>
                </TextEquiv>
            </TextLine>
            <TextLine id="r2l66" custom="readingOrder {index:31;}">
                <Coords points="1143,1552 1791,1566 1779,1514 1143,1512"/>
                <Baseline points="1148,1542 1179,1541 1211,1541 1243,1541 1275,1541 1307,1542 1339,1542 1370,1542 1402,1542 1434,1542 1466,1542 1498,1544 1530,1544 1562,1544 1593,1545 1625,1545 1657,1546 1689,1547 1721,1548 1753,1549 1785,1550"/>
                <TextEquiv>
                    <Unicode>alienae respectu decimi &amp; septimi praecepti¬</Unicode>
                </TextEquiv>
            </TextLine>
            <TextLine id="r2l68" custom="readingOrder {index:32;}">
                <Coords points="1179,1588 1998,1605 1999,1552 1180,1552"/>
                <Baseline points="1185,1580 1225,1581 1265,1581 1306,1581 1346,1581 1386,1582 1427,1583 1467,1583 1507,1583 1548,1584 1588,1584 1628,1585 1669,1586 1709,1586 1749,1587 1790,1589 1830,1589 1870,1590 1911,1592 1951,1592 1992,1595"/>
                <TextEquiv>
                    <Unicode>Inuenitur alias talis additio: Sed quamuis sic dicant</Unicode>
                </TextEquiv>
            </TextLine>
            <TextLine id="r2l70" custom="readingOrder {index:33;}">
                <Coords points="1144,1626 2000,1649 2000,1605 1969,1598 1144,1591"/>
                <Baseline points="1149,1619 1191,1619 1233,1620 1275,1620 1318,1620 1360,1620 1402,1622 1445,1622 1487,1622 1529,1622 1572,1623 1614,1623 1656,1625 1698,1625 1741,1626 1783,1626 1825,1628 1868,1629 1910,1631 1952,1632 1995,1634"/>
                <TextEquiv>
                    <Unicode>Hebraei: tamen illud non sufficit: quia sicut bono, &amp; vir</Unicode>
                </TextEquiv>
            </TextLine>
            <TextLine id="r2l72" custom="readingOrder {index:34;}">
                <Coords points="1143,1667 1951,1685 1997,1679 1998,1648 1144,1637"/>
                <Baseline points="1149,1658 1191,1659 1233,1659 1275,1659 1317,1661 1359,1661 1401,1661 1444,1661 1486,1661 1528,1662 1570,1662 1612,1662 1654,1664 1696,1664 1739,1665 1781,1665 1823,1667 1865,1668 1907,1669 1949,1671 1992,1673"/>
                <TextEquiv>
                    <Unicode>tuoso desiderio cum solius voluntatis consensu possumus</Unicode>
                </TextEquiv>
            </TextLine>
            <TextLine id="r2l74" custom="readingOrder {index:35;}">
                <Coords points="1138,1710 1994,1725 1994,1679 1138,1675"/>
                <Baseline points="1143,1697 1185,1697 1227,1698 1269,1698 1312,1698 1354,1700 1396,1700 1438,1700 1481,1700 1523,1701 1565,1701 1607,1703 1650,1703 1692,1704 1734,1704 1776,1706 1819,1706 1861,1707 1903,1707 1945,1709 1988,1710"/>
                <TextEquiv>
                    <Unicode>mereri: sic mala concupiscentia assistente cum voluntatis</Unicode>
                </TextEquiv>
            </TextLine>
            <TextLine id="r2l76" custom="readingOrder {index:36;}">
                <Coords points="1131,1745 1993,1765 1993,1724 1883,1711 1132,1707"/>
                <Baseline points="1137,1736 1179,1737 1222,1737 1264,1737 1307,1739 1349,1739 1392,1739 1434,1740 1477,1740 1519,1740 1562,1742 1605,1742 1647,1742 1690,1743 1732,1743 1775,1745 1817,1745 1860,1746 1902,1746 1945,1748 1988,1749"/>
                <TextEquiv>
                    <Unicode>consensu sine exteriori insinuatione, conatu, vel opere</Unicode>
                </TextEquiv>
            </TextLine>
            <TextLine id="r2l78" custom="readingOrder {index:37;}">
                <Coords points="1134,1794 1957,1799 1988,1796 1989,1766 1135,1747"/>
                <Baseline points="1140,1778 1182,1778 1224,1778 1266,1778 1308,1778 1350,1778 1392,1778 1435,1778 1477,1778 1519,1779 1561,1779 1603,1781 1645,1781 1687,1782 1730,1782 1772,1784 1814,1784 1856,1785 1898,1785 1940,1787 1983,1787"/>
                <TextEquiv>
                    <Unicode>possumus peccare, &amp; demereri: Pleno enim accedente</Unicode>
                </TextEquiv>
            </TextLine>
            <TextLine id="r2l80" custom="readingOrder {index:38;}">
                <Coords points="1133,1829 1985,1841 1985,1800 1947,1792 1134,1794"/>
                <Baseline points="1139,1815 1181,1815 1223,1815 1265,1817 1307,1817 1349,1817 1391,1817 1433,1817 1475,1818 1517,1818 1559,1818 1601,1820 1643,1820 1685,1821 1727,1821 1769,1822 1811,1823 1853,1824 1895,1824 1937,1825 1980,1826"/>
                <TextEquiv>
                    <Unicode>consensu tam respectu bonorum, quam respectu malo¬</Unicode>
                </TextEquiv>
            </TextLine>
            <TextLine id="r2l82" custom="readingOrder {index:39;}">
                <Coords points="1134,1861 1989,1876 1989,1845 1918,1830 1134,1829"/>
                <Baseline points="1140,1853 1182,1854 1224,1854 1266,1854 1308,1856 1350,1856 1392,1856 1435,1857 1477,1857 1519,1859 1561,1859 1603,1859 1645,1860 1687,1860 1730,1861 1772,1862 1814,1862 1856,1863 1898,1863 1940,1865 1983,1865"/>
                <TextEquiv>
                    <Unicode>rum, etiam si desit facultas perficiendi, quod volumus</Unicode>
                </TextEquiv>
            </TextLine>
            <TextLine id="r2l84" custom="readingOrder {index:40;}">
                <Coords points="1131,1904 1859,1904 1979,1928 1980,1877 1131,1865"/>
                <Baseline points="1136,1893 1177,1893 1219,1894 1261,1895 1303,1895 1345,1895 1387,1896 1429,1896 1471,1896 1513,1896 1555,1898 1596,1898 1638,1898 1680,1899 1722,1899 1764,1901 1806,1901 1848,1902 1890,1902 1932,1904 1974,1905"/>
                <TextEquiv>
                    <Unicode>tunc in praesenti voluntas pro facto reputatur. Propter</Unicode>
                </TextEquiv>
            </TextLine>
            <TextLine id="r2l86" custom="readingOrder {index:41;}">
                <Coords points="1139,1950 1981,1952 1954,1914 1858,1904 1140,1903"/>
                <Baseline points="1145,1932 1186,1932 1228,1933 1269,1934 1311,1934 1352,1934 1394,1935 1435,1935 1477,1935 1518,1936 1560,1937 1602,1937 1643,1938 1685,1938 1726,1940 1768,1940 1809,1940 1851,1941 1892,1943 1934,1943 1976,1944"/>
                <TextEquiv>
                    <Unicode>quod inter omnes animae potentias in ipsa vita beata bo¬</Unicode>
                </TextEquiv>
            </TextLine>
            <TextLine id="r2l88" custom="readingOrder {index:42;}">
                <Coords points="1142,1979 1976,1995 1977,1950 1142,1949"/>
                <Baseline points="1148,1971 1189,1971 1230,1973 1271,1973 1312,1973 1353,1973 1394,1974 1436,1974 1477,1974 1518,1974 1559,1976 1600,1976 1641,1976 1682,1977 1724,1977 1765,1978 1806,1979 1847,1980 1888,1982 1929,1983 1971,1985"/>
                <TextEquiv>
                    <Unicode>na voluntas principaliter praemiatur. Ad quam vitam be¬</Unicode>
                </TextEquiv>
            </TextLine>
            <TextLine id="r2l90" custom="readingOrder {index:43;}">
                <Coords points="1140,2017 1851,2040 1994,2035 1995,1999 1141,1979"/>
                <Baseline points="1146,2009 1188,2010 1230,2012 1272,2012 1314,2013 1356,2013 1398,2014 1441,2015 1483,2015 1525,2015 1567,2015 1609,2016 1651,2016 1693,2017 1736,2018 1778,2019 1820,2020 1862,2021 1904,2024 1946,2024 1989,2027"/>
                <TextEquiv>
                    <Unicode>torum nos perducat noster legissator, qui sine fine viuit, </Unicode>
                </TextEquiv>
            </TextLine>
            <TextLine id="r2l92" custom="readingOrder {index:44;}">
                <Coords points="1131,2068 1890,2069 1890,2037 1789,2025 1132,2019"/>
                <Baseline points="1137,2051 1174,2052 1211,2052 1249,2054 1286,2054 1323,2054 1361,2054 1398,2054 1435,2054 1473,2054 1510,2055 1547,2055 1585,2055 1622,2055 1659,2055 1697,2057 1734,2058 1771,2058 1809,2060 1846,2061 1884,2063"/>
                <TextEquiv>
                    <Unicode>&amp; regnat benedictus in saecula saeculorum Amen</Unicode>
                </TextEquiv>
            </TextLine>
            <TextEquiv>
                <Unicode>tiam infundendoigratiam, &amp; caritatem, secundo modo
communicando legem
Ad secundum dicendum, quod lex Moysi, vt diuina, 
&amp; spiritualis erat, quamuis non expresse: tamen tacite
inclusit euangelium, vt sic esset rota in medio rotae: Si ta¬
men accipitur, vt ciuilis erat: tunc euangelium addit
multa super ipsam legem
Ad tertium dicendum, quod ibi glo, loquitur de lege,
vt ciuilis erat: quia populus veteris legis erat grossus, &amp; 
carnalis: ideo solum attendens legem, vt ciuilis, repu¬
tabat concupiscentiam non esse peccatum, nisi prout ex¬
trinsecus fiebat manifesta. Vnde etiam illins opinionis fuit
Tosephus, qui in libro antiquitatum deridet gentiles, qui
dicebant regem Antiochum propter hoc plagatum: quia
voluit spoliare templum. Dianae, dicens, quod in hoc nul¬
lum peccatum habuit: quia illam concupiscentiam non¬
dum exteriori opere demonstrauit, quando a Deo pla¬
gatus fult
Forte dicetur, si Hebraei non reputant concupiscen¬
tiam esse prohibitam, nisi pateat in opere exteriori: quo¬
modo ergo distinguunt praeceptum nonum, &amp; decimum,
quae sunt de concupiscentia, a praecepto sexto, &amp; septimo,
quae sunt de facto.
Respondeo, quod ista quattuor se habent per ordinem
primo, concupiscentia mulieris alienae. Secundo, consen¬
sus voluntatis. Tertio, conatus exterior sollicitando illam
mulierem, vt consentiat in actum adulterij: Quarto, est
ipsum adulterium. Prima duo, secundum Hebraeos, non
fuerunt in lege prohibitaes sed tertium fuit prohibitum
praecepto nono, &amp; quartum fuit prohibitum praecepto
sexto. Et eodem modo ipsi dicunt de concupiscentia rei
alienae respectu decimi &amp; septimi praecepti¬
Inuenitur alias talis additio: Sed quamuis sic dicant
Hebraei: tamen illud non sufficit: quia sicut bono, &amp; vir
tuoso desiderio cum solius voluntatis consensu possumus
mereri: sic mala concupiscentia assistente cum voluntatis
consensu sine exteriori insinuatione, conatu, vel opere
possumus peccare, &amp; demereri: Pleno enim accedente
consensu tam respectu bonorum, quam respectu malo¬
rum, etiam si desit facultas perficiendi, quod volumus
tunc in praesenti voluntas pro facto reputatur. Propter
quod inter omnes animae potentias in ipsa vita beata bo¬
na voluntas principaliter praemiatur. Ad quam vitam be¬
torum nos perducat noster legissator, qui sine fine viuit, 
&amp; regnat benedictus in saecula saeculorum Amen</Unicode>
            </TextEquiv>
        </TextRegion>
    </Page>
</PcGts>
