2415 3561
293 273 1142 349 fecerat, & erant valde bona Sen. 1. Et eandem creaturam
297 344 1144 387 Deus odit, inquantum est infecta peccato, quod Deus non
290 383 1127 427 fecit, quia aequaliter odit Deus impium, & impietaten
301 423 839 476 suam, vt patet per dictum Sapientis
333 459 1136 505 Secunda conclusio est, quod Deus ab aeterno dilexit
282 495 453 546 creaturam.
297 537 1132 583 1 Quia, vt patuit superius. 2. arti. illius quaestionis, Dei
288 576 1124 626 dilectio, secundum nostrum modum intelligendi, praece¬
288 616 1124 667 dit electionem: sed sicut ait Apostolus, elegit nos ante
285 653 629 709 mundi constitutionem
297 693 1117 739 2 Praeterea, illum Deus ab aeterno dilexit, cui ab aeternu
270 730 1129 778 bonum voluit: sed homini praedestinato ab aeterno voluit
269 776 1119 818 summum bonum, scilicet aeternam beatitudinem: ergo &c
303 813 1118 861 Forte dicetur contra illud sic. 1 Illud, quod ab aeter¬
275 855 1111 899 no non habuit esse, hoc ab aeterno non habuit dilectun
272 895 1122 943 esse: sed creatura ab aeterno non habuit esse. Maior patet:
266 932 1112 985 quia esse dilectum praesupponit esse, sicut compositum
276 963 593 1024 praesupponit simplex.
281 1007 1108 1051 2 Praeterea, amans vult illud esse, quod amat. sed Deu
270 1034 1117 1094 ab eterno non voluit creaturam esse: alias n creatura fuisset
260 1089 1109 1133 ab aeterno, cum voluntas Dei sit simpliciter omnipotens
314 1127 1115 1173 Ad primum dicendum, quod quamuis ab aeterno crea
270 1153 1109 1222 tura non habuit esse simpliciter: habuit tamen esse cogni
254 1207 1103 1246 tum: quia Deus ab aeterno cognoscens essentiam suam
271 1252 1106 1296 quae est perfectum exemplar omnis creaturae, perfecte com
266 1286 1108 1332 gnouit omnem creaturam. Ad hoc autem, quod aliquod
261 1327 1116 1373 bonum diligatur, vel habeat esse dilectu, sufficit, quod habeat
272 1362 1108 1404 esse cognitum: quia bonum cognitum est obiectum volun¬
266 1403 1099 1446 tatis: nihil n refert an bonum sit praesens, vel futurum a¬
264 1439 1109 1488 hoc, vt diligatur, dummodo certitudinaliter cognoscatur.
306 1479 1103 1521 Ad secundum dicendum, quod Deus ab aeterno vo¬
258 1514 1097 1561 luit creaturam esse: sed non pro aeterno: sed pro tempo¬
252 1555 664 1604 re determinato.
297 1588 1099 1637 Tertia conclusio, est quod Deus magis diligit vnam ece-
263 1643 1100 1680 turam, quam aliam: quia illud magis diligitur, cui ex di¬
255 1674 1100 1719 lectione maius bonum confertur: sed Deus ex dilectione
255 1723 1107 1767 vni creaturae maius bonum contulit, quam aliae, vt de se
265 1751 350 1803 patet.
295 1792 1092 1834 Forte dicetur, quod vnus, & idem actus non potest si
258 1834 1100 1880 mul, & semel esse intensior & remissior: sed Deus vno
256 1871 1089 1913 actu dilectionis simul omnia diligibilia diligit ergo &c.
286 1910 1100 1958 Respondeo, quod Deus non dicitur hic magis diligere,
261 1941 1099 1991 eo quod intensius diligat: sed eo, quod maius bonum pro
248 1985 1087 2037 ponit conferre, & suo tempore confert ei, quod diligiti
299 2025 1091 2069 Ad Argumentum principale dicendum, quod consequer
243 2067 1096 2110 tia est falsa. Ad probationem dicendum, quod quauis caritas
253 2103 1091 2153 sit tantae virtutis, quod habens caritatem possit resistere omn
258 2143 1094 2198 peccato mortali: tamen si habens caritatem sua libera vo
253 2182 1090 2227 iuntate consentit in actum, quo mortale peccatum com¬
245 2224 1091 2273 mittitur, tunc expellit a se caritatem: destruitur enim ca¬
248 2263 1059 2315 ritas propter malam subiecti dispositionem: ergo &c.
344 2337 1007 2396 DISTINCTIO xxxIII
236 2420 1091 2498 Preuissima bitius distinctionis duusio, in qua de quat¬
358 2468 975 2540 tuor cardinalibus virtutibus succincte
565 2524 780 2588 pertractatur.
232 2615 1080 2680 DOST praedicta de. Postquam Magister determinaui
313 2658 1076 2706 de tribus thelogicis, nunc prosequitur de quattuor
246 2660 1078 2738 virtutibus cardinalibus. Et diuiditur in duas partes
243 2731 1083 2783 nam primo tractat de eis quo ad statum viae. Secundo.
246 2769 1073 2821 ouo ad statum patriae, ibi, verum tamen, an hae virtutes
235 2808 1079 2853 Prima in duas: nam primo. Magister ostendit, quid sin
231 2851 1085 2895 istae virtutes, & quare dicuntur cardinales. Secundo oste¬
230 2893 1077 2937 dit quales in Christo habuerint operationes, ibi, Quae in
246 2929 1085 2972 vpo plenissime Sequitur illa pars, veruntamen, an hae. Et
234 2965 1079 3010 diuiditur in tres partes: nam primo circa permanentiam
230 3009 1076 3051 harum virturum in patria Magister mouet quaestionem. Secun¬
236 3047 1082 3093 do circa hoc recitat quandam opinionem. Tertio subdit veri
231 3082 1082 3129 tatis determinationem. Secunda ibi. Quibusdam visum
233 3120 1083 3176 est. Tertia, ibi, lustitia enim immortalis est. Hic quaero.
1473 292 2004 386 Quastio
1239 359 1958 423 An virtures morales in patria permaneant
1172 668 2018 744 VVTRVM virtutes morales maneaut in patria. Vide¬
1200 709 2021 770 Vtur quod non: quia, cessante vita actiua, cessare de¬
1171 748 2009 816 bent illae virtutes, quae ad eam ordinantur: sed vita actiua
1174 801 2012 856 cessabit in patria, vt ait Aug. in quadam omel. Et virtu¬
1174 836 2013 896 tes morales immediate sunt propter vitam actiuam: ergo &c.
1206 873 2006 937 Contra, iustitia manet in patria: ergo & ceterae virtu¬
1167 908 2012 971 tes morales mancbunt in patria. Antecedens patet Sa¬
1175 952 2011 1007 ien. 1. vbi dicitur. Iustitia perpetua est, & immortalis.
1161 1006 2013 1055 consequentia probatur: quia quae connexa sunt, manente
1167 1043 2008 1094 vno, manent & alia: sed virtutes morales sunt connexae,
1163 1070 1714 1131 vt patet per philosophum. 8. ethico.
1198 1117 2013 1174 Hic primo videndum est de virtutum moralium ortu,
1160 1134 2004 1209 & generatione. Secundo de earum distinctione Tertio
1157 1188 2003 1238 de earum consistentia, puta, vtrum virtus consistat in me¬
1155 1233 2011 1284 dio. Quarto, de virtutum permanentia, iuxta illud quod
1155 1260 1491 1327 quaeritur in proposito.
1315 1300 2011 1363 R E S O I 1 O.
1161 1323 1998 1404 Duae profecto morales virtur es eiusdem nominis, quarum quide
1194 1393 1996 1439 altera sit acquisita, altera vero infusa nulli hominum att ribui
1188 1427 2004 1476 tur. erumt amen huiusmodi morales virtites & atquisttae co
1197 1463 1997 1523 infusae si eiusdem nominis sint loli numero differunt, ac eius¬
1188 1498 1997 1557 dem cessentur esse speciei, & si in diuersis reperiatur subiectis,
1191 1548 1994 1598 quae sane virtut es cum nobis caelitus ad animi nostri decorem
1185 1585 1965 1636 fuerint elargitae, in illa quoque celesti patria remanebunt
1151 1632 1854 1719 ARTICVLV S 3
1192 1692 1923 1783 De ortu, & generatione virtutum moralium.
1224 1776 1997 1867 VANTVM ad primum sic procedam. Primo praesup¬
1154 1836 1989 1905 positis his, que superius dixi de vniuersali habituu
1149 1871 1991 1943 peneratione, & hoc distinct. 23. artic 2. ostendam specia
1140 1912 1985 1985 liter, quomodo virtus moralis acquiratur in nobis., Secu¬
1146 1955 1988 2031 do videbitur, vtrum praeter uirtutem moralem acquisi¬
1150 2003 1763 2057 tam, sit dare uirtutem moralem infusam
1172 2035 1985 2101 Circa primum igitur est aduertendum, quod cum finis
1140 2064 1986 2138 in omnibus agibilibus teneat locum principii: ideo ante
1143 2115 1983 2177 quam virtus acquiratur in nobis, oportet nos apprehede
1143 2160 1983 2216 re finem in uniuersali, quam apprehensionem sequitur
1153 2196 1983 2256 mmediate appetitus finis similiter in uniuersali. Hunc
1146 2231 1979 2286 appetitum uniuersalem sequitur recta existimatio de fine
1147 2277 1973 2323 in particulari, & iste actus nondum est actus prudentiae: sec
1136 2318 1980 2371 est disposito ad prudentiam: hanc autem existimationem
1146 2349 1977 2408 particularem habitam de ipso fine sequitur appetitus rectus
1131 2396 1987 2451 in particulari ipsius finis. Nec iste actus est actus uirtutis
1140 2428 1974 2491 moralis: sed est disposito ad uirtutem moralem. Et ex
1128 2471 1972 2528 illo appetitu sequitur iterum iudicium rectius, & perfectius;
1134 2515 1985 2565 quam prius, ad quod iudicium sequitur iterum appetitus
1131 2550 1969 2607 rectior, & perfectior. Et sic proceditur in actibus rationis
1131 2581 1986 2650 & appetitus per augmentum rectitudinis vtriusque donec
1140 2626 1975 2688 perfecte acquiratur prudentia in potentia intellectiua, &
1132 2661 1688 2720 uirtus moralis in potentia appetitiua
1167 2702 1979 2767 Quod autem istorum prius acquiritur: Dico, quod quia
1134 2743 1975 2801 actus rationis semper praecedit actum appetitus: ideo
1143 2777 1968 2842 quamuis simul, & in eodem instanti acquiratur prudentia
1133 2820 1996 2881 & moralis uirtus: tamen origine prius acquiritur pruden
1129 2856 1995 2919 tia, quam uirtus moralis, eo quod rectitudo actus natio¬
1135 2903 1967 2961 nis praecedat semper origine rectitudinem, quae est in act
1144 2942 1980 3007 us ipsius appetitus. Quo ad illud, quod secundo est hic
1134 2974 1737 3028 inquirendum, pono duas conclusiones,
1164 3000 1964 3077 Prima est, quod in eodem homine non est dare dupli¬
1136 3058 1967 3110 cem uirtutem moralem secudum idem nomen, quarum
1125 3091 1974 3161 una sit acquisita, & alia infusa, puta, duas temperantias,
1140 3129 1646 3198 uinam acquisitam, & aliam infusam
