<?xml version="1.0" encoding="UTF-8" standalone="yes"?>
<PcGts xmlns="http://schema.primaresearch.org/PAGE/gts/pagecontent/2013-07-15" xmlns:xsi="http://www.w3.org/2001/XMLSchema-instance" xsi:schemaLocation="http://schema.primaresearch.org/PAGE/gts/pagecontent/2013-07-15 http://schema.primaresearch.org/PAGE/gts/pagecontent/2013-07-15/pagecontent.xsd">
    <Metadata>
        <Creator>prov=University of Rostock/Institute of Mathematics/CITlab|PLANET AI GmbH/Gundram Leifert/gundram.leifert@planet-ai.de:name=cod-P122zz-m2(htr_id=26330)::::v=2.6.7
prov=University of Rostock/Institute of Mathematics/CITlab|PLANET AI GmbH/Tobias Gruening/tobias.gruening@planet-ai.de:name=de.uros.citlab.module.baseline2polygon.B2PSeamMultiOriented:v=2.6.7
prov=University of Rostock/Institute of Mathematics/CITlab|PLANET AI GmbH/Tobias Gruening/tobias.gruening@planet-ai.de:name=/net_tf/LA73_249_0mod360.pb:de.uros.citlab.segmentation.CITlab_LA_ML:v=2.6.6
Transkribus</Creator>
        <Created>2020-10-05T23:24:36.125+02:00</Created>
        <LastChange>2020-10-25T01:59:27.287+02:00</LastChange>
        <TranskribusMetadata docId="505580" pageId="20954946" pageNr="579" tsid="46672907" status="IN_PROGRESS" userId="25065" imgUrl="https://files.transkribus.eu/Get?id=OMTYBJHLBJKRCZZDZJHYRCCO&amp;fileType=view" xmlUrl="https://files.transkribus.eu/Get?id=BDLRIJLBBHTKEGCQUFRGFEHC" imageId="16096143"/>
    </Metadata>
    <Page imageFilename="578.jpg" imageWidth="2416" imageHeight="3582">
        <ReadingOrder>
            <OrderedGroup id="ro_1603931061902" caption="Regions reading order">
                <RegionRefIndexed index="0" regionRef="TextRegion_1603044578710_4856"/>
                <RegionRefIndexed index="1" regionRef="TextRegion_1603044603059_4863"/>
            </OrderedGroup>
        </ReadingOrder>
        <TextRegion orientation="0.0" id="TextRegion_1603044578710_4856" custom="readingOrder {index:0;}">
            <Coords points="221,258 1149,258 1089,3250 221,3250"/>
            <TextLine id="r2l3" custom="readingOrder {index:0;}">
                <Coords points="260,363 1116,371 1116,318 1033,308 261,299"/>
                <Baseline points="266,348 308,348 350,347 392,347 434,347 477,347 519,345 561,345 603,345 645,345 688,345 730,346 772,347 814,347 856,347 899,348 941,350 983,351 1025,352 1067,353 1110,356"/>
                <TextEquiv>
                    <Unicode>Aduerte quendam suauissimum concentum, virtutum atque</Unicode>
                </TextEquiv>
            </TextLine>
            <TextLine id="r2l5" custom="readingOrder {index:1;}">
                <Coords points="246,399 1118,403 1118,370 1081,361 246,366"/>
                <Baseline points="251,387 294,386 337,386 380,386 423,386 466,386 509,386 552,386 595,386 638,386 681,387 724,387 767,387 810,387 853,389 896,389 939,390 982,390 1025,392 1068,392 1112,393"/>
                <TextEquiv>
                    <Unicode>alteram pendere ex altera. Modum n in omni virtute iu¬</Unicode>
                </TextEquiv>
            </TextLine>
            <TextLine id="r2l7" custom="readingOrder {index:2;}">
                <Coords points="255,438 1115,451 1115,412 1076,404 255,396"/>
                <Baseline points="260,426 302,425 344,425 387,425 429,425 472,426 514,426 557,426 599,426 642,426 684,426 726,428 769,428 811,429 854,429 896,429 939,431 981,432 1024,432 1066,434 1109,435"/>
                <TextEquiv>
                    <Unicode>stitia querit, prudentia inuenit, fortitudo vindicat, tem¬</Unicode>
                </TextEquiv>
            </TextLine>
            <TextLine id="r2l9" custom="readingOrder {index:3;}">
                <Coords points="254,486 339,471 386,482 405,482 418,470 533,476 533,435 515,443 483,431 467,447 430,433 395,446 370,433 357,444 254,438"/>
                <Baseline points="260,468 286,467 313,465 340,465 367,464 394,464 420,464 447,464 474,465 501,465 528,467"/>
                <TextEquiv>
                    <Unicode>perantia possidet</Unicode>
                </TextEquiv>
            </TextLine>
            <TextLine id="r2l11" custom="readingOrder {index:4;}">
                <Coords points="281,521 1117,528 1118,480 282,479"/>
                <Baseline points="287,503 328,503 369,504 410,504 452,504 493,504 534,504 575,504 617,504 658,504 699,504 740,504 782,504 823,505 864,506 905,506 947,507 988,507 1029,509 1070,511 1112,513"/>
                <TextEquiv>
                    <Unicode>3 Item, Tullius lib, de Tusculanis quaest sic ait. Si vnam</Unicode>
                </TextEquiv>
            </TextLine>
            <TextLine id="r2l13" custom="readingOrder {index:5;}">
                <Coords points="256,551 1106,565 1106,526 1077,516 256,509"/>
                <Baseline points="261,542 305,542 349,542 393,543 437,543 481,543 525,543 570,543 614,544 658,545 702,545 746,545 790,545 835,546 879,546 923,547 967,548 1011,548 1055,549 1100,549"/>
                <TextEquiv>
                    <Unicode>de cortinis tuis amiseris, nihilominus dicere poteris sup</Unicode>
                </TextEquiv>
            </TextLine>
            <TextLine id="r2l15" custom="readingOrder {index:6;}">
                <Coords points="248,602 1115,604 1115,566 1070,555 249,548"/>
                <Baseline points="254,582 296,582 339,582 382,582 425,582 468,582 510,582 553,582 596,584 639,584 682,584 724,584 767,585 810,585 853,585 896,587 938,587 981,588 1024,588 1067,589 1110,590"/>
                <TextEquiv>
                    <Unicode>pellectilem tuam saluam esse: si autem vnam de virtutibus</Unicode>
                </TextEquiv>
            </TextLine>
            <TextLine id="r2l17" custom="readingOrder {index:7;}">
                <Coords points="256,630 1112,641 1112,604 1011,594 256,600"/>
                <Baseline points="261,623 303,624 345,624 387,623 430,623 472,623 514,623 556,623 599,623 641,623 683,623 725,623 768,623 810,623 852,624 894,624 937,626 979,626 1021,627 1063,629 1106,630"/>
                <TextEquiv>
                    <Unicode>tuis amiseris, nullam te habere, necesse est, vt confitearis</Unicode>
                </TextEquiv>
            </TextLine>
            <TextLine id="r2l19" custom="readingOrder {index:8;}">
                <Coords points="297,677 1088,687 1103,649 297,628"/>
                <Baseline points="302,662 341,662 381,660 421,660 461,660 500,660 540,660 580,660 620,660 659,662 699,662 739,662 779,662 818,662 858,663 898,663 938,665 977,665 1017,666 1057,668 1097,669"/>
                <TextEquiv>
                    <Unicode>lstam conclusionem tenuerunt omnes Stoici, quamus</Unicode>
                </TextEquiv>
            </TextLine>
            <TextLine id="r2l21" custom="readingOrder {index:9;}">
                <Coords points="255,707 1070,722 1109,716 1110,684 255,676"/>
                <Baseline points="260,702 302,701 344,701 386,701 428,701 471,701 513,701 555,701 597,701 639,701 682,701 724,701 766,702 808,702 850,702 893,704 935,704 977,705 1019,705 1061,707 1104,707"/>
                <TextEquiv>
                    <Unicode>eorum probatio fuerit insufficiens: quia ipsi posuersit me¬</Unicode>
                </TextEquiv>
            </TextLine>
            <TextLine id="r2l23" custom="readingOrder {index:10;}">
                <Coords points="246,754 1102,755 1102,716 247,720"/>
                <Baseline points="252,740 294,741 336,741 378,741 421,741 463,741 505,741 547,741 590,741 632,741 674,741 716,741 759,741 801,741 843,743 885,743 928,743 970,744 1012,745 1054,746 1097,747"/>
                <TextEquiv>
                    <Unicode>dium, quod est virtus, esse indiuisibile: ideo secundum eo</Unicode>
                </TextEquiv>
            </TextLine>
            <TextLine id="r2l26" custom="readingOrder {index:11;}">
                <Coords points="253,790 1100,793 1100,755 1066,751 253,755"/>
                <Baseline points="258,779 299,779 341,779 383,780 425,780 467,780 508,780 550,780 592,780 634,780 676,780 717,780 759,782 801,782 843,782 885,782 926,783 968,783 1010,784 1052,785 1094,786"/>
                <TextEquiv>
                    <Unicode>nullus acquisiuit virtutem, nisi eam acquireret simplici</Unicode>
                </TextEquiv>
            </TextLine>
            <TextLine id="r2l28" custom="readingOrder {index:12;}">
                <Coords points="252,828 1090,838 1110,794 252,795"/>
                <Baseline points="257,819 299,819 341,819 384,819 426,819 468,819 511,819 553,819 595,819 638,819 680,819 722,821 765,821 807,821 849,821 892,822 934,822 976,823 1019,824 1061,824 1104,825"/>
                <TextEquiv>
                    <Unicode>citer, &amp; omnino perfectam. Cum tali autem omnimoda</Unicode>
                </TextEquiv>
            </TextLine>
            <TextLine id="r2l30" custom="readingOrder {index:13;}">
                <Coords points="247,882 1109,877 1109,833 1060,829 247,830"/>
                <Baseline points="252,860 294,860 337,860 379,858 422,858 465,858 507,858 550,860 592,860 635,860 678,860 720,861 763,861 805,861 848,863 891,863 933,863 976,864 1018,864 1061,865 1104,866"/>
                <TextEquiv>
                    <Unicode>perfectione stare non poterat priuatio, seu carentia cuius¬</Unicode>
                </TextEquiv>
            </TextLine>
            <TextLine id="r2l33" custom="readingOrder {index:14;}">
                <Coords points="258,908 316,904 331,918 343,907 380,902 504,912 504,866 479,865 465,878 415,865 359,877 307,872 288,879 259,870"/>
                <Baseline points="264,896 290,897 316,899 342,899 368,899 394,899 420,899 446,899 472,899 498,899"/>
                <TextEquiv>
                    <Unicode>cumque virtutis.</Unicode>
                </TextEquiv>
            </TextLine>
            <TextLine id="r2l35" custom="readingOrder {index:15;}">
                <Coords points="290,951 1107,958 1107,919 952,903 291,905"/>
                <Baseline points="296,939 336,938 376,938 416,938 457,938 497,936 537,936 577,936 618,936 658,938 698,938 738,938 779,938 819,939 859,939 899,939 940,941 980,941 1020,942 1060,942 1101,944"/>
                <TextEquiv>
                    <Unicode>Sed istud non est verum: quia medium virtutis non </Unicode>
                </TextEquiv>
            </TextLine>
            <TextLine id="r2l37" custom="readingOrder {index:16;}">
                <Coords points="237,987 1004,984 1106,1006 1107,958 237,950"/>
                <Baseline points="242,978 287,978 332,977 377,977 422,977 468,977 513,977 558,978 603,978 648,978 694,978 739,978 784,980 829,980 874,980 920,980 965,981 1010,981 1055,983 1101,983"/>
                <TextEquiv>
                    <Unicode>est quod punctale, &amp; simpliciter indiuisibile, alias vnus ho</Unicode>
                </TextEquiv>
            </TextLine>
            <TextLine id="r2l39" custom="readingOrder {index:17;}">
                <Coords points="240,1029 1105,1039 1105,1007 1010,990 240,997"/>
                <Baseline points="245,1016 287,1016 330,1016 373,1016 416,1016 458,1016 501,1016 544,1017 587,1017 629,1017 672,1017 715,1018 758,1019 800,1019 843,1019 886,1020 929,1020 971,1022 1014,1022 1057,1022 1100,1023"/>
                <TextEquiv>
                    <Unicode>mo virtuosus non posset esse virtuosior altero, cuius op¬</Unicode>
                </TextEquiv>
            </TextLine>
            <TextLine id="r2l41" custom="readingOrder {index:18;}">
                <Coords points="249,1073 1098,1067 1098,1039 1014,1028 249,1029"/>
                <Baseline points="254,1059 295,1058 337,1058 379,1056 421,1056 463,1056 505,1056 547,1056 589,1056 631,1056 673,1056 714,1056 756,1056 798,1058 840,1058 882,1059 924,1059 966,1059 1008,1061 1050,1061 1092,1062"/>
                <TextEquiv>
                    <Unicode>positum etiam ad sensum saepias experimur. In eade enin</Unicode>
                </TextEquiv>
            </TextLine>
            <TextLine id="r2l43" custom="readingOrder {index:19;}">
                <Coords points="250,1104 1093,1117 1094,1081 250,1073"/>
                <Baseline points="255,1097 296,1095 338,1095 379,1094 421,1094 463,1094 504,1094 546,1094 588,1095 629,1095 671,1095 713,1096 754,1097 796,1097 838,1098 879,1098 921,1100 963,1100 1004,1100 1046,1101 1088,1101"/>
                <TextEquiv>
                    <Unicode>virtute vnus virtuosus est, &amp; alter virtuosior, &amp; tertius vi</Unicode>
                </TextEquiv>
            </TextLine>
            <TextLine id="r2l45" custom="readingOrder {index:20;}">
                <Coords points="239,1139 1094,1148 1094,1116 1058,1106 239,1112"/>
                <Baseline points="245,1134 287,1134 329,1134 371,1134 413,1133 455,1134 497,1134 540,1134 582,1134 624,1134 666,1136 708,1136 750,1137 792,1137 835,1137 877,1139 919,1139 961,1139 1003,1140 1045,1140 1088,1140"/>
                <TextEquiv>
                    <Unicode>tuosissimus. Virtus enim gradus habet, &amp; magnam latitu</Unicode>
                </TextEquiv>
            </TextLine>
            <TextLine id="r2l47" custom="readingOrder {index:21;}">
                <Coords points="247,1185 1079,1195 1091,1156 247,1147"/>
                <Baseline points="252,1175 293,1175 335,1175 376,1175 418,1175 460,1175 501,1175 543,1175 585,1175 626,1175 668,1176 710,1176 751,1176 793,1176 835,1176 876,1176 918,1177 960,1178 1001,1178 1043,1178 1085,1179"/>
                <TextEquiv>
                    <Unicode>dinem, vt patet per Arist. in eth. &amp; ideo secundum gram</Unicode>
                </TextEquiv>
            </TextLine>
            <TextLine id="r2l49" custom="readingOrder {index:22;}">
                <Coords points="237,1219 1046,1234 1094,1230 1095,1193 237,1187"/>
                <Baseline points="242,1212 284,1212 326,1212 369,1212 411,1214 453,1214 496,1214 538,1214 580,1214 623,1214 665,1214 707,1215 750,1215 792,1215 834,1215 877,1215 919,1217 961,1217 1004,1217 1046,1218 1089,1220"/>
                <TextEquiv>
                    <Unicode>maticos recipit comparationem, quod nequaquam fieret</Unicode>
                </TextEquiv>
            </TextLine>
            <TextLine id="r2l51" custom="readingOrder {index:23;}">
                <Coords points="246,1261 1105,1272 1079,1223 246,1223"/>
                <Baseline points="251,1254 293,1253 335,1253 378,1253 420,1253 463,1253 505,1253 548,1253 590,1253 633,1254 675,1254 717,1254 760,1254 802,1254 845,1256 887,1256 930,1256 972,1256 1015,1257 1057,1257 1100,1257"/>
                <TextEquiv>
                    <Unicode>si in indiuisibili consisteret, nulluque gradum haberet. lsta</Unicode>
                </TextEquiv>
            </TextLine>
            <TextLine id="r2l53" custom="readingOrder {index:24;}">
                <Coords points="246,1298 1091,1312 1091,1275 980,1263 247,1266"/>
                <Baseline points="252,1292 293,1293 335,1293 377,1293 418,1292 460,1292 502,1292 543,1292 585,1292 627,1293 669,1293 710,1293 752,1293 794,1293 835,1293 877,1295 919,1295 960,1295 1002,1296 1044,1296 1086,1298"/>
                <TextEquiv>
                    <Unicode>etiam conclusio, quamuis ab aliquibus peripateticis neg</Unicode>
                </TextEquiv>
            </TextLine>
            <TextLine id="r2l55" custom="readingOrder {index:25;}">
                <Coords points="239,1344 1072,1357 1088,1314 240,1307"/>
                <Baseline points="245,1332 286,1332 328,1331 370,1331 412,1331 454,1331 496,1331 537,1331 579,1332 621,1332 663,1332 705,1332 747,1332 789,1332 830,1334 872,1334 914,1334 956,1334 998,1335 1040,1335 1082,1335"/>
                <TextEquiv>
                    <Unicode>tur : princeps tamen peripateticorum, scilicet Arist. ex</Unicode>
                </TextEquiv>
            </TextLine>
            <TextLine id="r2l57" custom="readingOrder {index:26;}">
                <Coords points="234,1388 1089,1388 1089,1352 925,1341 234,1342"/>
                <Baseline points="240,1373 282,1371 324,1371 366,1371 408,1370 450,1370 492,1370 535,1370 577,1371 619,1371 661,1371 703,1371 745,1372 787,1373 830,1373 872,1373 914,1374 956,1374 998,1374 1040,1374 1083,1374"/>
                <TextEquiv>
                    <Unicode>presse eam ponit. 8. ethi ubi euidenter ponit, quod omne</Unicode>
                </TextEquiv>
            </TextLine>
            <TextLine id="r2l59" custom="readingOrder {index:27;}">
                <Coords points="239,1418 1100,1430 1101,1384 239,1388"/>
                <Baseline points="245,1410 287,1410 330,1409 372,1409 415,1409 457,1409 500,1410 542,1410 585,1410 627,1410 670,1410 712,1412 755,1412 797,1412 840,1412 882,1413 925,1413 967,1413 1010,1415 1052,1415 1095,1415"/>
                <TextEquiv>
                    <Unicode>uirtutes morales ratione prudentiae connectuntur. Illi au</Unicode>
                </TextEquiv>
            </TextLine>
            <TextLine id="r2l61" custom="readingOrder {index:28;}">
                <Coords points="249,1456 1104,1462 1080,1426 250,1420"/>
                <Baseline points="255,1448 297,1449 339,1449 381,1449 423,1451 465,1451 507,1451 550,1451 592,1451 634,1451 676,1451 718,1451 760,1451 802,1452 845,1452 887,1452 929,1452 971,1452 1013,1452 1055,1452 1098,1452"/>
                <TextEquiv>
                    <Unicode>tem, qui negant hac conclusionem ex isto forte mouentur.</Unicode>
                </TextEquiv>
            </TextLine>
            <TextLine id="r2l63" custom="readingOrder {index:29;}">
                <Coords points="249,1497 1094,1508 1094,1471 1067,1463 249,1462"/>
                <Baseline points="255,1487 296,1488 338,1488 380,1488 421,1488 463,1488 505,1488 546,1490 588,1490 630,1490 672,1490 713,1490 755,1490 797,1490 838,1490 880,1490 922,1490 963,1491 1005,1491 1047,1493 1089,1493"/>
                <TextEquiv>
                    <Unicode>1 Quia uirtutes morale, ex operibus, acquiruntur: sed</Unicode>
                </TextEquiv>
            </TextLine>
            <TextLine id="r2l65" custom="readingOrder {index:30;}">
                <Coords points="231,1542 1096,1544 1096,1507 1021,1499 231,1496"/>
                <Baseline points="236,1529 278,1529 321,1529 364,1529 407,1529 449,1529 492,1529 535,1529 578,1529 620,1529 663,1529 706,1529 749,1529 791,1529 834,1530 877,1530 920,1530 962,1530 1005,1530 1048,1530 1091,1530"/>
                <TextEquiv>
                    <Unicode>ho potest se exercere in castis operibus non faciendo o¬</Unicode>
                </TextEquiv>
            </TextLine>
            <TextLine id="r2l67" custom="readingOrder {index:31;}">
                <Coords points="230,1587 1098,1583 1075,1539 230,1542"/>
                <Baseline points="236,1569 278,1569 321,1569 364,1569 407,1568 450,1568 492,1568 535,1568 578,1568 621,1568 664,1568 706,1568 749,1568 792,1568 835,1569 878,1569 920,1569 963,1571 1006,1571 1049,1572 1092,1574"/>
                <TextEquiv>
                    <Unicode>pera liberalitatis, ergo homo potest habere uirtutem te¬</Unicode>
                </TextEquiv>
            </TextLine>
            <TextLine id="r2l69" custom="readingOrder {index:32;}">
                <Coords points="230,1626 982,1624 982,1586 230,1587"/>
                <Baseline points="236,1611 273,1610 310,1608 347,1608 384,1608 421,1608 458,1607 495,1607 532,1607 569,1607 606,1607 643,1607 680,1608 717,1608 754,1608 791,1608 828,1608 865,1608 902,1608 939,1607 977,1607"/>
                <TextEquiv>
                    <Unicode>perantiae praeter hoc, quod acquirat liberalitatem.</Unicode>
                </TextEquiv>
            </TextLine>
            <TextLine id="r2l71" custom="readingOrder {index:33;}">
                <Coords points="239,1657 1058,1668 1100,1661 1100,1618 239,1625"/>
                <Baseline points="245,1647 287,1647 330,1647 372,1647 415,1647 457,1647 500,1646 542,1646 585,1646 627,1646 670,1646 712,1646 755,1647 797,1647 840,1647 882,1647 925,1649 967,1649 1010,1649 1052,1650 1095,1652"/>
                <TextEquiv>
                    <Unicode>2 Praeterea, secundum philosophum 4. ethic. ille, qui</Unicode>
                </TextEquiv>
            </TextLine>
            <TextLine id="r2l73" custom="readingOrder {index:34;}">
                <Coords points="233,1696 1078,1706 1074,1662 233,1658"/>
                <Baseline points="239,1686 280,1686 322,1686 364,1685 405,1685 447,1685 489,1685 530,1685 572,1685 614,1685 656,1685 697,1686 739,1686 781,1686 822,1686 864,1686 906,1686 947,1688 989,1688 1031,1688 1073,1689"/>
                <TextEquiv>
                    <Unicode>tirca honores medioeres bene se habet, non est magnan</Unicode>
                </TextEquiv>
            </TextLine>
            <TextLine id="r2l75" custom="readingOrder {index:35;}">
                <Coords points="241,1733 1085,1739 1085,1707 1046,1693 241,1704"/>
                <Baseline points="246,1724 287,1724 329,1725 371,1725 412,1725 454,1725 496,1725 537,1725 579,1724 621,1724 663,1724 704,1724 746,1724 788,1724 829,1725 871,1725 913,1725 954,1727 996,1727 1038,1728 1080,1730"/>
                <TextEquiv>
                    <Unicode>mus: quia magnanimitas est circa magnos honores: sed co</Unicode>
                </TextEquiv>
            </TextLine>
            <TextLine id="r2l77" custom="readingOrder {index:36;}">
                <Coords points="231,1774 1087,1778 1079,1738 231,1732"/>
                <Baseline points="236,1766 278,1766 320,1766 362,1766 405,1766 447,1764 489,1764 532,1764 574,1764 616,1764 659,1763 701,1763 743,1763 785,1763 828,1763 870,1764 912,1764 955,1766 997,1767 1039,1768 1082,1770"/>
                <TextEquiv>
                    <Unicode>stat, quod ille virtuosus, licet illa uirtus non sit nominata, vi</Unicode>
                </TextEquiv>
            </TextLine>
            <TextLine id="r2l79" custom="readingOrder {index:37;}">
                <Coords points="237,1813 1092,1822 1080,1776 237,1773"/>
                <Baseline points="243,1805 285,1805 327,1805 369,1803 411,1803 453,1803 495,1803 538,1803 580,1803 622,1803 664,1803 706,1803 748,1803 790,1803 833,1803 875,1805 917,1805 959,1805 1001,1806 1043,1807 1086,1808"/>
                <TextEquiv>
                    <Unicode>ibidem ait philosophus. Quandoque etiam illa uirtus non</Unicode>
                </TextEquiv>
            </TextLine>
            <TextLine id="r2l81" custom="readingOrder {index:38;}">
                <Coords points="234,1847 1090,1857 1090,1823 1044,1814 235,1813"/>
                <Baseline points="240,1841 282,1842 324,1844 366,1844 409,1844 451,1844 493,1844 535,1844 578,1844 620,1844 662,1842 704,1842 747,1842 789,1842 831,1842 873,1844 916,1844 958,1845 1000,1847 1042,1848 1085,1851"/>
                <TextEquiv>
                    <Unicode>minatur philotomia, quod rnterpretatur amor rectus circa</Unicode>
                </TextEquiv>
            </TextLine>
            <TextLine id="r2l83" custom="readingOrder {index:39;}">
                <Coords points="240,1897 1088,1904 1088,1858 240,1850"/>
                <Baseline points="245,1881 286,1883 328,1883 370,1883 412,1883 454,1883 496,1883 537,1883 579,1883 621,1883 663,1883 705,1884 747,1884 789,1884 830,1884 872,1884 914,1884 956,1886 998,1886 1040,1887 1082,1887"/>
                <TextEquiv>
                    <Unicode>honores. Cum igitur illa uirtus sit sinc magnanimitate¬</Unicode>
                </TextEquiv>
            </TextLine>
            <TextLine id="r2l86" custom="readingOrder {index:40;}">
                <Coords points="231,1927 842,1930 842,1909 786,1891 231,1897"/>
                <Baseline points="236,1922 266,1922 296,1922 326,1923 356,1922 386,1922 416,1922 446,1922 476,1922 506,1922 536,1922 566,1920 596,1920 626,1920 656,1920 686,1920 716,1920 746,1921 776,1922 806,1923 837,1923"/>
                <TextEquiv>
                    <Unicode>ergo non omnes sunt virtutes connexae.</Unicode>
                </TextEquiv>
            </TextLine>
            <TextLine id="r2l88" custom="readingOrder {index:41;}">
                <Coords points="245,1970 1090,1974 1090,1938 1054,1928 245,1933"/>
                <Baseline points="251,1962 292,1962 334,1962 376,1962 417,1962 459,1961 501,1961 542,1961 584,1961 626,1961 668,1961 709,1962 751,1962 793,1962 834,1962 876,1963 918,1964 959,1964 1001,1965 1043,1965 1085,1967"/>
                <TextEquiv>
                    <Unicode>3 Praeterea, contra rationem adductam pro ista conclu¬</Unicode>
                </TextEquiv>
            </TextLine>
            <TextLine id="r2l90" custom="readingOrder {index:42;}">
                <Coords points="235,2014 1082,2013 1082,1981 1004,1972 235,1965"/>
                <Baseline points="240,2000 281,2001 323,2001 365,2001 407,2001 449,2001 490,2000 532,2000 574,2000 616,2000 658,2000 699,2000 741,2001 783,2001 825,2001 867,2001 908,2001 950,2003 992,2003 1034,2004 1076,2004"/>
                <TextEquiv>
                    <Unicode>sione uidetur, quod prima pars minoris situera: quia mu</Unicode>
                </TextEquiv>
            </TextLine>
            <TextLine id="r2l92" custom="readingOrder {index:43;}">
                <Coords points="238,2049 1076,2063 1064,2011 238,2011"/>
                <Baseline points="243,2040 284,2040 325,2040 367,2040 408,2040 450,2040 491,2040 532,2040 574,2040 615,2040 657,2040 698,2042 739,2042 781,2042 822,2042 864,2042 905,2042 946,2043 988,2043 1029,2043 1071,2043"/>
                <TextEquiv>
                    <Unicode>ti sunt homines simplices, qui non sunt prudentes: &amp; ta</Unicode>
                </TextEquiv>
            </TextLine>
            <TextLine id="r2l94" custom="readingOrder {index:44;}">
                <Coords points="224,2092 408,2085 448,2098 474,2083 608,2096 600,2048 571,2061 496,2061 445,2044 378,2062 320,2046 262,2062 224,2045"/>
                <Baseline points="230,2081 256,2079 283,2079 309,2079 336,2078 362,2078 389,2078 416,2078 442,2078 469,2079 495,2079 522,2079 548,2079 575,2079 602,2078"/>
                <TextEquiv>
                    <Unicode>men sunt ualde uirtuosi.</Unicode>
                </TextEquiv>
            </TextLine>
            <TextLine id="r2l96" custom="readingOrder {index:45;}">
                <Coords points="244,2135 1052,2135 1088,2129 1088,2090 813,2070 244,2096"/>
                <Baseline points="249,2120 290,2121 332,2121 373,2120 415,2120 457,2120 498,2120 540,2120 582,2120 623,2120 665,2120 707,2120 748,2120 790,2120 832,2120 873,2120 915,2120 957,2121 998,2121 1040,2123 1082,2124"/>
                <TextEquiv>
                    <Unicode>4 Item, contra secundam partem eiusdem minoris:</Unicode>
                </TextEquiv>
            </TextLine>
            <TextLine id="r2l98" custom="readingOrder {index:46;}">
                <Coords points="231,2175 1091,2176 1091,2134 1024,2127 231,2128"/>
                <Baseline points="237,2159 279,2159 321,2159 364,2159 406,2159 449,2159 491,2159 534,2159 576,2159 619,2159 661,2159 703,2159 746,2159 788,2160 831,2160 873,2160 916,2160 958,2160 1001,2161 1043,2162 1086,2162"/>
                <TextEquiv>
                    <Unicode>quia multi sunt magni peccatores, qui tamen bene iudi¬</Unicode>
                </TextEquiv>
            </TextLine>
            <TextLine id="r2l100" custom="readingOrder {index:47;}">
                <Coords points="235,2209 1085,2207 1085,2182 996,2165 235,2177"/>
                <Baseline points="240,2198 284,2198 328,2198 372,2198 416,2198 460,2198 504,2198 549,2198 593,2198 637,2198 681,2198 725,2198 769,2199 814,2199 858,2199 902,2199 946,2200 990,2201 1034,2201 1079,2202"/>
                <TextEquiv>
                    <Unicode>cant circa agibilia: sed prudentia est recta ratio agibilium;</Unicode>
                </TextEquiv>
            </TextLine>
            <TextLine id="r2l102" custom="readingOrder {index:48;}">
                <Coords points="232,2265 317,2243 1018,2258 1075,2252 1076,2215 232,2209"/>
                <Baseline points="237,2237 278,2237 320,2237 361,2237 403,2237 445,2237 486,2237 528,2237 570,2237 611,2237 653,2238 695,2238 736,2238 778,2238 820,2238 861,2238 903,2238 945,2240 986,2240 1028,2240 1070,2241"/>
                <TextEquiv>
                    <Unicode>ergo in istis est prudentia, quauis careant morali uirtute</Unicode>
                </TextEquiv>
            </TextLine>
            <TextLine id="r2l104" custom="readingOrder {index:49;}">
                <Coords points="273,2282 1078,2286 1078,2250 1035,2246 273,2254"/>
                <Baseline points="278,2277 317,2277 357,2277 397,2277 437,2277 476,2276 516,2276 556,2276 596,2276 635,2276 675,2276 715,2277 755,2277 794,2277 834,2277 874,2277 914,2277 953,2279 993,2279 1033,2280 1073,2280"/>
                <TextEquiv>
                    <Unicode>Ad primum dicendum, quod si aliquis exercitat actu</Unicode>
                </TextEquiv>
            </TextLine>
            <TextLine id="r2l106" custom="readingOrder {index:50;}">
                <Coords points="237,2324 1085,2325 1085,2294 1027,2289 237,2284"/>
                <Baseline points="242,2316 283,2316 325,2316 367,2316 409,2316 451,2316 493,2316 534,2316 576,2316 618,2316 660,2316 702,2316 744,2316 786,2316 827,2316 869,2316 911,2316 953,2318 995,2318 1037,2318 1079,2319"/>
                <TextEquiv>
                    <Unicode>disponentes ad aliquam virtutem, qui tamen manet in ui</Unicode>
                </TextEquiv>
            </TextLine>
            <TextLine id="r2l108" custom="readingOrder {index:51;}">
                <Coords points="237,2366 1086,2368 1071,2324 237,2324"/>
                <Baseline points="242,2355 283,2355 325,2354 367,2354 409,2354 451,2354 493,2354 535,2354 577,2355 619,2355 661,2355 702,2355 744,2355 786,2355 828,2357 870,2357 912,2357 954,2358 996,2358 1038,2360 1080,2360"/>
                <TextEquiv>
                    <Unicode>tio opposito alicui alteri uirtuti morali, ille non acquirit</Unicode>
                </TextEquiv>
            </TextLine>
            <TextLine id="r2l110" custom="readingOrder {index:52;}">
                <Coords points="225,2404 1086,2412 1073,2366 225,2364"/>
                <Baseline points="230,2394 272,2394 315,2394 357,2394 400,2394 442,2394 485,2394 527,2394 570,2394 612,2393 655,2393 697,2394 740,2394 782,2394 825,2394 867,2394 910,2396 952,2396 995,2397 1037,2397 1080,2399"/>
                <TextEquiv>
                    <Unicode>virtutem perfecte, licet possit acquirere aliquid simile uit</Unicode>
                </TextEquiv>
            </TextLine>
            <TextLine id="r2l112" custom="readingOrder {index:53;}">
                <Coords points="227,2440 1076,2448 1064,2407 227,2413"/>
                <Baseline points="233,2435 274,2435 316,2433 358,2433 400,2433 442,2433 484,2433 526,2433 568,2433 610,2433 652,2432 693,2432 735,2433 777,2433 819,2433 861,2433 903,2435 945,2435 987,2436 1029,2437 1071,2438"/>
                <TextEquiv>
                    <Unicode>tuti: quia ex illis actibus frequentatis derelinquitur in ij</Unicode>
                </TextEquiv>
            </TextLine>
            <TextLine id="r2l114" custom="readingOrder {index:54;}">
                <Coords points="219,2483 1013,2496 1075,2489 1088,2453 219,2443"/>
                <Baseline points="224,2472 266,2472 309,2472 352,2472 395,2472 438,2472 481,2472 524,2472 567,2472 610,2474 653,2474 695,2474 738,2474 781,2474 824,2474 867,2474 910,2475 953,2475 996,2477 1039,2477 1082,2478"/>
                <TextEquiv>
                    <Unicode>so quaedam inclinatio, per quam facilius operatur consi¬</Unicode>
                </TextEquiv>
            </TextLine>
            <TextLine id="r2l116" custom="readingOrder {index:55;}">
                <Coords points="232,2528 342,2519 362,2530 379,2519 428,2534 525,2518 609,2528 636,2519 636,2480 609,2478 580,2497 536,2481 508,2493 434,2481 366,2490 330,2476 293,2495 268,2479 231,2488"/>
                <Baseline points="237,2513 263,2514 289,2514 315,2514 341,2514 368,2514 394,2514 420,2513 446,2513 472,2513 499,2511 525,2511 551,2511 577,2511 603,2512 630,2513"/>
                <TextEquiv>
                    <Unicode>milia his, quae operatus est</Unicode>
                </TextEquiv>
            </TextLine>
            <TextLine id="r2l118" custom="readingOrder {index:56;}">
                <Coords points="273,2562 1080,2573 1080,2524 273,2519"/>
                <Baseline points="278,2553 317,2553 357,2553 397,2552 437,2552 477,2552 516,2552 556,2552 596,2552 636,2552 676,2552 715,2552 755,2552 795,2552 835,2552 875,2552 914,2553 954,2553 994,2555 1034,2555 1074,2556"/>
                <TextEquiv>
                    <Unicode>Forte dicetur, quod impossibile est, quod homo simul</Unicode>
                </TextEquiv>
            </TextLine>
            <TextLine id="r2l120" custom="readingOrder {index:57;}">
                <Coords points="223,2601 1080,2602 1080,2573 1032,2559 223,2564"/>
                <Baseline points="228,2591 270,2592 312,2592 354,2592 397,2591 439,2591 481,2591 524,2591 566,2591 608,2591 651,2591 693,2591 735,2591 777,2591 820,2591 862,2591 904,2592 947,2592 989,2593 1031,2594 1074,2595"/>
                <TextEquiv>
                    <Unicode>exerceat opera omnium virtutum, quamuis suceessiue hoc</Unicode>
                </TextEquiv>
            </TextLine>
            <TextLine id="r2l122" custom="readingOrder {index:58;}">
                <Coords points="219,2635 1076,2647 1076,2602 219,2602"/>
                <Baseline points="225,2630 267,2630 309,2631 351,2631 394,2631 436,2631 478,2631 520,2630 563,2630 605,2630 647,2630 689,2630 732,2630 774,2630 816,2631 858,2631 901,2631 943,2632 985,2633 1027,2633 1070,2634"/>
                <TextEquiv>
                    <Unicode>facere possit: idco saltem illa uirtus, quam primo per as¬</Unicode>
                </TextEquiv>
            </TextLine>
            <TextLine id="r2l124" custom="readingOrder {index:59;}">
                <Coords points="219,2684 1073,2683 1073,2645 1040,2638 219,2645"/>
                <Baseline points="224,2670 266,2670 308,2670 350,2670 392,2670 435,2670 477,2670 519,2670 561,2670 603,2670 646,2670 688,2669 730,2670 772,2670 814,2670 857,2670 899,2670 941,2670 983,2672 1025,2672 1068,2673"/>
                <TextEquiv>
                    <Unicode>suefactionem acquirit, illa stabit sola, donec acquirat alia</Unicode>
                </TextEquiv>
            </TextLine>
            <TextLine id="r2l126" custom="readingOrder {index:60;}">
                <Coords points="222,2720 1067,2724 1067,2690 1018,2684 222,2684"/>
                <Baseline points="227,2709 268,2709 310,2709 352,2709 393,2709 435,2709 477,2709 518,2709 560,2709 602,2709 644,2711 685,2711 727,2711 769,2711 810,2711 852,2712 894,2712 935,2712 977,2712 1019,2712 1061,2712"/>
                <TextEquiv>
                    <Unicode>uirtutes: ergo pro tunc illa uirtus non erit connexa cete</Unicode>
                </TextEquiv>
            </TextLine>
            <TextLine id="r2l128" custom="readingOrder {index:61;}">
                <Coords points="219,2763 261,2758 269,2750 287,2758 325,2756 341,2765 425,2755 425,2728 398,2729 361,2715 349,2725 284,2716 219,2725"/>
                <Baseline points="225,2751 252,2750 280,2748 308,2748 336,2748 364,2748 392,2749 420,2751"/>
                <TextEquiv>
                    <Unicode>ris uirtutibus</Unicode>
                </TextEquiv>
            </TextLine>
            <TextLine id="r2l130" custom="readingOrder {index:62;}">
                <Coords points="255,2794 1081,2797 1081,2763 996,2756 255,2758"/>
                <Baseline points="260,2790 300,2790 341,2789 382,2789 423,2787 464,2787 504,2787 545,2787 586,2787 627,2787 668,2787 708,2787 749,2787 790,2787 831,2789 872,2789 912,2790 953,2790 994,2792 1035,2793 1076,2793"/>
                <TextEquiv>
                    <Unicode>Respondeo, quod quamuiscunque aliquis exerceat o-</Unicode>
                </TextEquiv>
            </TextLine>
            <TextLine id="r2l132" custom="readingOrder {index:63;}">
                <Coords points="237,2841 1073,2840 1073,2807 1029,2803 237,2804"/>
                <Baseline points="242,2829 283,2828 324,2828 365,2827 407,2826 448,2826 489,2826 530,2826 572,2826 613,2826 654,2826 695,2826 737,2828 778,2828 819,2828 860,2829 902,2829 943,2831 984,2831 1025,2831 1067,2832"/>
                <TextEquiv>
                    <Unicode>pera ad aliquam virtutem disponentia: numquam tamen</Unicode>
                </TextEquiv>
            </TextLine>
            <TextLine id="r2l134" custom="readingOrder {index:64;}">
                <Coords points="222,2875 1073,2879 1062,2836 222,2843"/>
                <Baseline points="228,2867 272,2867 316,2868 360,2868 404,2868 448,2868 492,2868 537,2868 581,2867 625,2867 669,2867 713,2867 757,2867 802,2868 846,2868 890,2868 934,2868 978,2870 1022,2870 1067,2871"/>
                <TextEquiv>
                    <Unicode>acquirit illam virtutem, nisi habeat rationem rectam, sius</Unicode>
                </TextEquiv>
            </TextLine>
            <TextLine id="r2l136" custom="readingOrder {index:65;}">
                <Coords points="216,2918 1076,2926 1063,2877 216,2875"/>
                <Baseline points="222,2906 264,2906 306,2907 349,2907 391,2907 434,2907 476,2907 519,2906 561,2906 604,2906 646,2906 688,2906 731,2906 773,2906 816,2907 858,2907 901,2907 943,2909 986,2910 1028,2911 1071,2912"/>
                <TextEquiv>
                    <Unicode>iudicium practicum rectum, &amp; appetitum purgatum: igi¬</Unicode>
                </TextEquiv>
            </TextLine>
            <TextLine id="r2l138" custom="readingOrder {index:66;}">
                <Coords points="223,2956 1070,2969 1070,2925 952,2915 223,2919"/>
                <Baseline points="228,2945 269,2946 311,2946 353,2946 395,2946 437,2946 479,2946 520,2946 562,2946 604,2946 646,2946 688,2946 730,2946 772,2946 813,2946 855,2946 897,2948 939,2948 981,2949 1023,2949 1065,2951"/>
                <TextEquiv>
                    <Unicode>tur quamuis simul non possit facere opera cuiussibet uir¬</Unicode>
                </TextEquiv>
            </TextLine>
            <TextLine id="r2l140" custom="readingOrder {index:67;}">
                <Coords points="222,2992 1066,3004 1066,2968 991,2954 222,2957"/>
                <Baseline points="227,2985 268,2985 310,2984 352,2984 393,2984 435,2984 477,2984 518,2984 560,2984 602,2985 644,2985 685,2985 727,2985 769,2985 810,2985 852,2987 894,2987 935,2987 977,2987 1019,2988 1061,2988"/>
                <TextEquiv>
                    <Unicode>tutis: hoc tamen debet facere uicissim, ut tollat a se om</Unicode>
                </TextEquiv>
            </TextLine>
            <TextLine id="r2l142" custom="readingOrder {index:68;}">
                <Coords points="216,3036 1074,3040 1074,3007 1004,2993 216,3000"/>
                <Baseline points="221,3024 263,3024 305,3024 348,3024 390,3024 432,3024 475,3024 517,3024 559,3024 602,3024 644,3024 686,3024 729,3024 771,3024 813,3024 856,3026 898,3026 940,3027 983,3027 1025,3029 1068,3030"/>
                <TextEquiv>
                    <Unicode>ne uitium, quod deordinat rectum iudicium practicum,</Unicode>
                </TextEquiv>
            </TextLine>
            <TextLine id="r2l144" custom="readingOrder {index:69;}">
                <Coords points="223,3076 1073,3084 1056,3034 223,3031"/>
                <Baseline points="228,3065 270,3065 312,3063 354,3063 396,3063 438,3063 480,3063 522,3063 564,3063 606,3063 648,3063 690,3063 732,3063 774,3065 816,3065 858,3065 900,3066 942,3066 984,3068 1026,3068 1068,3068"/>
                <TextEquiv>
                    <Unicode>&amp; inficit appetitum, quo facto sufficienter tunc, ut dixi su</Unicode>
                </TextEquiv>
            </TextLine>
            <TextLine id="r2l146" custom="readingOrder {index:70;}">
                <Coords points="225,3118 1061,3118 1045,3075 225,3080"/>
                <Baseline points="230,3102 271,3102 312,3102 353,3102 395,3102 436,3102 477,3102 518,3102 560,3102 601,3102 642,3103 683,3104 725,3104 766,3104 807,3104 848,3104 890,3105 931,3106 972,3107 1013,3107 1055,3108"/>
                <TextEquiv>
                    <Unicode>perius dist. 33. prius origine acquirit prudentiam, &amp; in e</Unicode>
                </TextEquiv>
            </TextLine>
            <TextLine id="r2l148" custom="readingOrder {index:71;}">
                <Coords points="224,3149 1003,3165 1063,3154 1064,3116 224,3119"/>
                <Baseline points="230,3144 271,3143 312,3143 354,3141 395,3141 437,3141 478,3141 519,3141 561,3141 602,3141 644,3141 685,3141 726,3141 768,3143 809,3143 851,3143 892,3144 933,3144 975,3146 1016,3147 1058,3147"/>
                <TextEquiv>
                    <Unicode>dem instanti acquirit omnes alias virtutes morales, quan</Unicode>
                </TextEquiv>
            </TextLine>
            <TextLine id="r2l150" custom="readingOrder {index:72;}">
                <Coords points="219,3200 589,3215 715,3190 1074,3216 1059,3154 220,3148"/>
                <Baseline points="225,3182 267,3183 309,3183 351,3183 393,3183 435,3183 477,3182 520,3182 562,3182 604,3182 646,3182 688,3182 730,3183 772,3183 815,3183 857,3185 899,3185 941,3186 983,3188 1025,3190 1068,3191"/>
                <TextEquiv>
                    <Unicode>nis cuidentius, &amp; magis actualiter acquitat illam, vel illas, </Unicode>
                </TextEquiv>
            </TextLine>
            <TextEquiv>
                <Unicode>Aduerte quendam suauissimum concentum, virtutum atque
alteram pendere ex altera. Modum n in omni virtute iu¬
stitia querit, prudentia inuenit, fortitudo vindicat, tem¬
perantia possidet
3 Item, Tullius lib, de Tusculanis quaest sic ait. Si vnam
de cortinis tuis amiseris, nihilominus dicere poteris sup
pellectilem tuam saluam esse: si autem vnam de virtutibus
tuis amiseris, nullam te habere, necesse est, vt confitearis
lstam conclusionem tenuerunt omnes Stoici, quamus
eorum probatio fuerit insufficiens: quia ipsi posuersit me¬
dium, quod est virtus, esse indiuisibile: ideo secundum eo
nullus acquisiuit virtutem, nisi eam acquireret simplici
citer, &amp; omnino perfectam. Cum tali autem omnimoda
perfectione stare non poterat priuatio, seu carentia cuius¬
cumque virtutis.
Sed istud non est verum: quia medium virtutis non 
est quod punctale, &amp; simpliciter indiuisibile, alias vnus ho
mo virtuosus non posset esse virtuosior altero, cuius op¬
positum etiam ad sensum saepias experimur. In eade enin
virtute vnus virtuosus est, &amp; alter virtuosior, &amp; tertius vi
tuosissimus. Virtus enim gradus habet, &amp; magnam latitu
dinem, vt patet per Arist. in eth. &amp; ideo secundum gram
maticos recipit comparationem, quod nequaquam fieret
si in indiuisibili consisteret, nulluque gradum haberet. lsta
etiam conclusio, quamuis ab aliquibus peripateticis neg
tur : princeps tamen peripateticorum, scilicet Arist. ex
presse eam ponit. 8. ethi ubi euidenter ponit, quod omne
uirtutes morales ratione prudentiae connectuntur. Illi au
tem, qui negant hac conclusionem ex isto forte mouentur.
1 Quia uirtutes morale, ex operibus, acquiruntur: sed
ho potest se exercere in castis operibus non faciendo o¬
pera liberalitatis, ergo homo potest habere uirtutem te¬
perantiae praeter hoc, quod acquirat liberalitatem.
2 Praeterea, secundum philosophum 4. ethic. ille, qui
tirca honores medioeres bene se habet, non est magnan
mus: quia magnanimitas est circa magnos honores: sed co
stat, quod ille virtuosus, licet illa uirtus non sit nominata, vi
ibidem ait philosophus. Quandoque etiam illa uirtus non
minatur philotomia, quod rnterpretatur amor rectus circa
honores. Cum igitur illa uirtus sit sinc magnanimitate¬
ergo non omnes sunt virtutes connexae.
3 Praeterea, contra rationem adductam pro ista conclu¬
sione uidetur, quod prima pars minoris situera: quia mu
ti sunt homines simplices, qui non sunt prudentes: &amp; ta
men sunt ualde uirtuosi.
4 Item, contra secundam partem eiusdem minoris:
quia multi sunt magni peccatores, qui tamen bene iudi¬
cant circa agibilia: sed prudentia est recta ratio agibilium;
ergo in istis est prudentia, quauis careant morali uirtute
Ad primum dicendum, quod si aliquis exercitat actu
disponentes ad aliquam virtutem, qui tamen manet in ui
tio opposito alicui alteri uirtuti morali, ille non acquirit
virtutem perfecte, licet possit acquirere aliquid simile uit
tuti: quia ex illis actibus frequentatis derelinquitur in ij
so quaedam inclinatio, per quam facilius operatur consi¬
milia his, quae operatus est
Forte dicetur, quod impossibile est, quod homo simul
exerceat opera omnium virtutum, quamuis suceessiue hoc
facere possit: idco saltem illa uirtus, quam primo per as¬
suefactionem acquirit, illa stabit sola, donec acquirat alia
uirtutes: ergo pro tunc illa uirtus non erit connexa cete
ris uirtutibus
Respondeo, quod quamuiscunque aliquis exerceat o-
pera ad aliquam virtutem disponentia: numquam tamen
acquirit illam virtutem, nisi habeat rationem rectam, sius
iudicium practicum rectum, &amp; appetitum purgatum: igi¬
tur quamuis simul non possit facere opera cuiussibet uir¬
tutis: hoc tamen debet facere uicissim, ut tollat a se om
ne uitium, quod deordinat rectum iudicium practicum,
&amp; inficit appetitum, quo facto sufficienter tunc, ut dixi su
perius dist. 33. prius origine acquirit prudentiam, &amp; in e
dem instanti acquirit omnes alias virtutes morales, quan
nis cuidentius, &amp; magis actualiter acquitat illam, vel illas, </Unicode>
            </TextEquiv>
        </TextRegion>
        <TextRegion orientation="0.0" id="TextRegion_1603044603059_4863" custom="readingOrder {index:1;}">
            <Coords points="1149,258 2038,258 1977,3146 1974,3250 1089,3250"/>
            <TextLine id="r2l4" custom="readingOrder {index:0;}">
                <Coords points="1171,368 2030,389 2031,324 1832,307 1728,339 1172,324"/>
                <Baseline points="1176,359 1218,359 1260,360 1303,361 1345,362 1388,363 1430,363 1473,364 1515,365 1558,365 1600,366 1642,366 1685,368 1727,368 1770,368 1812,369 1855,369 1897,369 1940,369 1982,371 2025,371"/>
                <TextEquiv>
                    <Unicode>cuius, vel quarum opera magis exercuit ille, qui has vir¬</Unicode>
                </TextEquiv>
            </TextLine>
            <TextLine id="r2l6" custom="readingOrder {index:1;}">
                <Coords points="1167,410 2032,421 2032,392 1961,379 1167,370"/>
                <Baseline points="1172,399 1214,399 1257,401 1300,401 1343,402 1385,402 1428,402 1471,404 1514,404 1556,404 1599,405 1642,405 1685,405 1727,406 1770,407 1813,407 1856,408 1898,408 1941,409 1984,410 2027,411"/>
                <TextEquiv>
                    <Unicode>tutes, acquirit: omnes tamen alias virtutes, concomitan¬</Unicode>
                </TextEquiv>
            </TextLine>
            <TextLine id="r2l8" custom="readingOrder {index:2;}">
                <Coords points="1165,451 2010,470 2018,422 1165,411"/>
                <Baseline points="1170,437 1212,438 1254,439 1296,440 1338,441 1380,441 1422,442 1464,443 1506,443 1548,443 1591,444 1633,444 1675,444 1717,446 1759,446 1801,447 1843,447 1885,449 1927,450 1969,451 2012,453"/>
                <TextEquiv>
                    <Unicode>ter recipit, eo quod propter, rectitudinem rationis, q&amp;ui</Unicode>
                </TextEquiv>
            </TextLine>
            <TextLine id="r2l10" custom="readingOrder {index:3;}">
                <Coords points="1171,483 2012,501 2013,468 1171,454"/>
                <Baseline points="1176,479 1217,479 1259,479 1300,480 1342,480 1383,480 1425,480 1466,482 1508,482 1549,482 1591,483 1633,483 1674,484 1716,485 1757,485 1799,486 1840,486 1882,488 1923,488 1965,489 2007,489"/>
                <TextEquiv>
                    <Unicode>puritatem appetitus, ipse dispositus sit ad omnem mo¬</Unicode>
                </TextEquiv>
            </TextLine>
            <TextLine id="r2l12" custom="readingOrder {index:4;}">
                <Coords points="1156,528 2021,549 2000,497 1156,495"/>
                <Baseline points="1161,518 1203,518 1246,518 1289,519 1332,519 1374,519 1417,521 1460,521 1503,521 1545,522 1588,522 1631,523 1674,524 1716,524 1759,525 1802,525 1845,527 1887,527 1930,528 1973,530 2016,530"/>
                <TextEquiv>
                    <Unicode>ralem virtutem. Et ista videtur esse intentio P. Hiero. In</Unicode>
                </TextEquiv>
            </TextLine>
            <TextLine id="r2l14" custom="readingOrder {index:5;}">
                <Coords points="1164,562 2023,580 1986,535 1165,527"/>
                <Baseline points="1170,554 1212,555 1254,557 1297,558 1339,558 1382,560 1424,560 1466,561 1509,561 1551,563 1594,563 1636,563 1678,563 1721,564 1763,564 1806,564 1848,565 1890,566 1933,566 1975,567 2018,567"/>
                <TextEquiv>
                    <Unicode>epistola ad Pamacium, vbi ait. Quattuor virtutes de¬</Unicode>
                </TextEquiv>
            </TextLine>
            <TextLine id="r2l16" custom="readingOrder {index:6;}">
                <Coords points="1157,606 2022,612 2022,582 1959,574 1158,567"/>
                <Baseline points="1163,594 1205,595 1248,596 1290,597 1333,599 1376,599 1418,600 1461,600 1504,600 1546,602 1589,602 1632,602 1674,603 1717,603 1760,603 1802,603 1845,605 1888,605 1930,606 1973,606 2016,606"/>
                <TextEquiv>
                    <Unicode>scribunt Stoiti ita sibi connexas, ut qui vnam non habue¬</Unicode>
                </TextEquiv>
            </TextLine>
            <TextLine id="r2l18" custom="readingOrder {index:7;}">
                <Coords points="1161,644 2004,663 2022,623 1162,608"/>
                <Baseline points="1167,635 1209,635 1251,636 1294,636 1336,638 1379,638 1421,638 1464,639 1506,639 1549,640 1591,641 1633,641 1676,642 1718,642 1761,643 1803,644 1846,645 1888,645 1931,646 1973,647 2016,647"/>
                <TextEquiv>
                    <Unicode>rit omnibus careat, &amp; qui vnam habuerit, omnes habeat.</Unicode>
                </TextEquiv>
            </TextLine>
            <TextLine id="r2l20" custom="readingOrder {index:8;}">
                <Coords points="1197,687 1848,706 2004,699 2012,663 1198,641"/>
                <Baseline points="1203,674 1243,675 1283,675 1323,675 1363,677 1403,677 1443,678 1484,678 1524,680 1564,680 1604,680 1644,681 1684,681 1724,682 1765,683 1805,683 1845,683 1885,684 1925,684 1965,684 2006,686"/>
                <TextEquiv>
                    <Unicode>Tanguntur autem hic solum quattuor: quia omnes</Unicode>
                </TextEquiv>
            </TextLine>
            <TextLine id="r2l22" custom="readingOrder {index:9;}">
                <Coords points="1159,720 2000,740 2000,697 1908,686 1159,681"/>
                <Baseline points="1164,711 1205,713 1247,714 1288,716 1330,716 1371,717 1413,717 1454,717 1496,719 1537,719 1579,719 1621,720 1662,720 1704,720 1745,722 1787,722 1828,722 1870,723 1911,725 1953,726 1995,728"/>
                <TextEquiv>
                    <Unicode>aliae ad quattuor Cardinales reducuntur: Et ideo suppon</Unicode>
                </TextEquiv>
            </TextLine>
            <TextLine id="r2l24" custom="readingOrder {index:10;}">
                <Coords points="1151,773 2000,780 2010,738 1152,727"/>
                <Baseline points="1157,750 1199,752 1241,753 1284,753 1326,755 1368,756 1411,756 1453,758 1495,758 1538,758 1580,759 1622,759 1665,760 1707,761 1749,761 1792,762 1834,762 1876,762 1919,764 1961,764 2004,764"/>
                <TextEquiv>
                    <Unicode>tur idem esse iudicium de ceteris, sicut de istis quattuor. </Unicode>
                </TextEquiv>
            </TextLine>
            <TextLine id="line_1603044603229_4866" custom="readingOrder {index:11;}">
                <Coords points="1196,805 1879,822 2031,811 2032,787 1197,759"/>
                <Baseline points="1202,792 1250,792 1298,794 1346,794 1394,795 1442,795 1490,797 1538,797 1586,798 1634,798 1682,800 1730,800 1778,801 1826,801 1874,803 1922,803 1970,804 2018,804 2026,804"/>
                <TextEquiv>
                    <Unicode>Sunt autem aliae virtutes morales octo, de quibus tra¬</Unicode>
                </TextEquiv>
            </TextLine>
            <TextLine id="line_1603044603230_4868" custom="readingOrder {index:12;}">
                <Coords points="1149,843 2031,848 2017,816 1150,804"/>
                <Baseline points="1155,830 1208,831 1262,832 1315,833 1369,834 1423,835 1476,836 1530,837 1584,837 1637,839 1691,839 1744,840 1798,840 1852,841 1905,842 1959,843 2013,843 2026,843"/>
                <TextEquiv>
                    <Unicode>ctat Arist. in diueruis locis lib eth. &amp; libs magistrorum mo</Unicode>
                </TextEquiv>
            </TextLine>
            <TextLine id="r2l31" custom="readingOrder {index:13;}">
                <Coords points="1152,880 2010,898 2010,859 1934,850 1153,843"/>
                <Baseline points="1158,869 1200,870 1242,870 1284,872 1327,872 1369,873 1411,873 1454,875 1496,875 1538,876 1581,876 1623,877 1665,878 1707,878 1750,879 1792,879 1834,879 1877,881 1919,881 1961,881 2004,882"/>
                <TextEquiv>
                    <Unicode>ralium, scilicet liberalitas, magnificentia, philotomia, ma</Unicode>
                </TextEquiv>
            </TextLine>
            <TextLine id="r2l34" custom="readingOrder {index:14;}">
                <Coords points="1158,927 1912,936 2006,930 2007,895 1159,877"/>
                <Baseline points="1164,908 1205,908 1247,909 1289,909 1331,911 1373,911 1415,912 1456,913 1498,914 1540,915 1582,915 1624,917 1666,917 1708,917 1749,918 1791,918 1833,918 1875,920 1917,920 1959,920 2001,920"/>
                <TextEquiv>
                    <Unicode>gnanimitas, mansuetudo, amicitia, quae alio nomine dici¬ </Unicode>
                </TextEquiv>
            </TextLine>
            <TextLine id="r2l36" custom="readingOrder {index:15;}">
                <Coords points="1152,958 2012,977 2013,935 1965,925 1153,927"/>
                <Baseline points="1158,947 1200,948 1242,948 1285,950 1327,950 1370,951 1412,952 1455,953 1497,953 1540,954 1582,954 1624,955 1667,956 1709,956 1752,957 1794,957 1837,958 1879,959 1922,960 1964,960 2007,962"/>
                <TextEquiv>
                    <Unicode>tur sodalitas, veracitas, &amp; eutropelia. lstarum autem virtu</Unicode>
                </TextEquiv>
            </TextLine>
            <TextLine id="r2l38" custom="readingOrder {index:16;}">
                <Coords points="1156,994 2007,1017 1992,966 1156,965"/>
                <Baseline points="1161,984 1203,987 1245,989 1287,990 1329,991 1371,992 1413,992 1455,993 1497,993 1539,995 1581,995 1623,995 1665,995 1707,995 1749,996 1791,996 1833,996 1875,998 1917,998 1959,999 2001,1001"/>
                <TextEquiv>
                    <Unicode>tum necessitas, ac etiam sufficientia sic haberi potest. Quia</Unicode>
                </TextEquiv>
            </TextLine>
            <TextLine id="r2l40" custom="readingOrder {index:17;}">
                <Coords points="1152,1036 2004,1051 2003,1016 1918,1003 1152,1003"/>
                <Baseline points="1157,1026 1199,1027 1241,1028 1283,1028 1325,1029 1367,1029 1409,1031 1451,1031 1493,1031 1535,1032 1577,1032 1619,1032 1661,1034 1703,1034 1745,1034 1787,1035 1829,1035 1871,1037 1913,1038 1955,1038 1998,1040"/>
                <TextEquiv>
                    <Unicode>omne bonum, erea quod versantur mores hominum,</Unicode>
                </TextEquiv>
            </TextLine>
            <TextLine id="r2l42" custom="readingOrder {index:18;}">
                <Coords points="1148,1080 1893,1096 2008,1090 2009,1056 1149,1040"/>
                <Baseline points="1154,1065 1196,1067 1238,1067 1281,1067 1323,1068 1366,1068 1408,1070 1451,1070 1493,1070 1536,1071 1578,1071 1620,1073 1663,1073 1705,1074 1748,1074 1790,1074 1833,1076 1875,1077 1918,1077 1960,1079 2003,1080"/>
                <TextEquiv>
                    <Unicode>aut est vtile, aut honorabile, aut delectabile : Ergo si ho¬</Unicode>
                </TextEquiv>
            </TextLine>
            <TextLine id="r2l44" custom="readingOrder {index:19;}">
                <Coords points="1149,1117 1996,1135 2010,1092 1150,1080"/>
                <Baseline points="1155,1106 1197,1106 1239,1107 1282,1107 1324,1107 1367,1109 1409,1109 1452,1110 1494,1110 1537,1110 1579,1112 1621,1112 1664,1113 1706,1113 1749,1115 1791,1115 1834,1116 1876,1118 1919,1118 1961,1119 2004,1119"/>
                <TextEquiv>
                    <Unicode>mo virtuose se habet circa vtilia, hoc contingit dupliciter, </Unicode>
                </TextEquiv>
            </TextLine>
            <TextLine id="r2l46" custom="readingOrder {index:20;}">
                <Coords points="1148,1160 2007,1173 2007,1137 1933,1126 1148,1123"/>
                <Baseline points="1154,1145 1196,1145 1238,1145 1281,1146 1323,1146 1365,1148 1408,1148 1450,1148 1492,1149 1535,1149 1577,1150 1619,1151 1662,1151 1704,1152 1746,1153 1789,1154 1831,1154 1873,1155 1916,1155 1958,1157 2001,1157"/>
                <TextEquiv>
                    <Unicode>vel simpliciter, &amp; absolute, sic habetur liberalitas: vel cum</Unicode>
                </TextEquiv>
            </TextLine>
            <TextLine id="r2l48" custom="readingOrder {index:21;}">
                <Coords points="1152,1200 1983,1216 2011,1214 2012,1173 1153,1159"/>
                <Baseline points="1158,1184 1200,1185 1242,1185 1285,1185 1327,1187 1370,1187 1412,1187 1454,1188 1497,1188 1539,1190 1582,1190 1624,1191 1666,1191 1709,1192 1751,1193 1794,1194 1836,1194 1878,1196 1921,1196 1963,1197 2006,1199"/>
                <TextEquiv>
                    <Unicode>quadam arduitate, seu excellentia, puta magnos sumptus</Unicode>
                </TextEquiv>
            </TextLine>
            <TextLine id="r2l50" custom="readingOrder {index:22;}">
                <Coords points="1152,1232 2010,1248 2010,1214 1969,1208 1152,1203"/>
                <Baseline points="1158,1223 1200,1223 1242,1224 1284,1224 1327,1224 1369,1226 1411,1226 1454,1227 1496,1227 1538,1228 1581,1229 1623,1229 1665,1230 1707,1230 1750,1232 1792,1233 1834,1233 1877,1235 1919,1235 1961,1236 2004,1238"/>
                <TextEquiv>
                    <Unicode>virtuose faciendo, sic est magnificentia. Si circa honores me</Unicode>
                </TextEquiv>
            </TextLine>
            <TextLine id="r2l52" custom="readingOrder {index:23;}">
                <Coords points="1158,1272 2006,1291 2006,1253 1937,1243 1159,1232"/>
                <Baseline points="1164,1262 1205,1263 1247,1263 1289,1265 1331,1265 1373,1266 1415,1266 1456,1268 1498,1268 1540,1268 1582,1269 1624,1269 1666,1269 1708,1271 1749,1271 1791,1272 1833,1272 1875,1274 1917,1274 1959,1275 2001,1275"/>
                <TextEquiv>
                    <Unicode>diocres, sic habetur philotomia. Si circa honores arduns, </Unicode>
                </TextEquiv>
            </TextLine>
            <TextLine id="r2l54" custom="readingOrder {index:24;}">
                <Coords points="1153,1312 2003,1323 2003,1291 1909,1281 1153,1271"/>
                <Baseline points="1158,1301 1202,1302 1246,1302 1290,1304 1334,1304 1378,1305 1422,1305 1467,1305 1511,1307 1555,1307 1599,1308 1643,1308 1687,1308 1732,1310 1776,1311 1820,1311 1864,1313 1908,1314 1952,1316 1997,1317"/>
                <TextEquiv>
                    <Unicode>&amp; circa dignitates magnas, sic est maguanimites. Si cirea</Unicode>
                </TextEquiv>
            </TextLine>
            <TextLine id="r2l56" custom="readingOrder {index:25;}">
                <Coords points="1156,1349 1996,1364 1997,1322 1157,1310"/>
                <Baseline points="1161,1340 1202,1341 1244,1341 1285,1343 1327,1343 1368,1344 1410,1344 1451,1346 1493,1346 1534,1346 1576,1347 1617,1347 1659,1349 1700,1349 1742,1350 1783,1350 1825,1351 1866,1352 1908,1352 1949,1353 1991,1353"/>
                <TextEquiv>
                    <Unicode>delectabilia, hoc tripliciter fieri potest : vel enim hoc fu</Unicode>
                </TextEquiv>
            </TextLine>
            <TextLine id="r2l58" custom="readingOrder {index:26;}">
                <Coords points="1142,1395 1991,1408 2001,1362 1143,1347"/>
                <Baseline points="1148,1380 1190,1380 1232,1380 1275,1380 1317,1382 1359,1382 1402,1383 1444,1383 1486,1383 1529,1385 1571,1385 1613,1386 1656,1387 1698,1388 1740,1389 1783,1389 1825,1390 1867,1391 1910,1392 1952,1392 1995,1392"/>
                <TextEquiv>
                    <Unicode>in exteriori conuersatione cum aliis hominibus secundum</Unicode>
                </TextEquiv>
            </TextLine>
            <TextLine id="r2l60" custom="readingOrder {index:27;}">
                <Coords points="1152,1432 1998,1440 1974,1400 1152,1393"/>
                <Baseline points="1158,1418 1199,1419 1241,1419 1283,1421 1324,1421 1366,1422 1408,1422 1449,1424 1491,1424 1533,1425 1575,1425 1616,1426 1658,1427 1700,1427 1741,1428 1783,1428 1825,1430 1866,1430 1908,1431 1950,1431 1992,1431"/>
                <TextEquiv>
                    <Unicode>actum virtutis irascibilis, sic habetur mansuetudo, vel se¬</Unicode>
                </TextEquiv>
            </TextLine>
            <TextLine id="r2l62" custom="readingOrder {index:28;}">
                <Coords points="1149,1471 1988,1484 2004,1437 1149,1433"/>
                <Baseline points="1155,1458 1197,1460 1239,1460 1281,1460 1323,1461 1365,1461 1407,1461 1450,1463 1492,1463 1534,1464 1576,1464 1618,1464 1660,1466 1702,1466 1745,1467 1787,1467 1829,1469 1871,1469 1913,1470 1955,1470 1998,1472"/>
                <TextEquiv>
                    <Unicode>cundum actum virtutis eoncupiscibilie, sic habetur amisi</Unicode>
                </TextEquiv>
            </TextLine>
            <TextLine id="r2l64" custom="readingOrder {index:29;}">
                <Coords points="1146,1514 1953,1528 2002,1516 2003,1490 1147,1471"/>
                <Baseline points="1152,1499 1194,1499 1236,1499 1278,1499 1321,1499 1363,1500 1405,1500 1447,1502 1490,1502 1532,1503 1574,1503 1616,1504 1659,1505 1701,1506 1743,1506 1785,1508 1828,1508 1870,1509 1912,1509 1954,1511 1997,1511"/>
                <TextEquiv>
                    <Unicode>tia; vel secundum actum virtutis rationalis, &amp; hoc dupli¬</Unicode>
                </TextEquiv>
            </TextLine>
            <TextLine id="r2l66" custom="readingOrder {index:30;}">
                <Coords points="1146,1543 1970,1566 1991,1518 1146,1515"/>
                <Baseline points="1151,1536 1192,1536 1234,1538 1276,1538 1317,1539 1359,1539 1401,1541 1442,1541 1484,1541 1526,1542 1568,1542 1609,1544 1651,1544 1693,1544 1734,1545 1776,1545 1818,1547 1859,1547 1901,1547 1943,1548 1985,1548"/>
                <TextEquiv>
                    <Unicode>citer: quia vel hoc contingit in eo, quod virtuosus placide si</Unicode>
                </TextEquiv>
            </TextLine>
            <TextLine id="r2l68" custom="readingOrder {index:31;}">
                <Coords points="1147,1586 1939,1607 2003,1602 2004,1557 1147,1545"/>
                <Baseline points="1152,1577 1194,1577 1236,1577 1278,1577 1321,1578 1363,1578 1405,1579 1448,1580 1490,1581 1532,1581 1575,1583 1617,1583 1659,1584 1701,1585 1744,1586 1786,1587 1828,1587 1871,1589 1913,1589 1955,1590 1998,1590"/>
                <TextEquiv>
                    <Unicode>habet cum aliis hominibus in dictis, &amp; sic habetur veracti</Unicode>
                </TextEquiv>
            </TextLine>
            <TextLine id="r2l70" custom="readingOrder {index:32;}">
                <Coords points="1143,1630 1989,1640 1971,1595 1143,1589"/>
                <Baseline points="1149,1616 1190,1616 1232,1616 1274,1617 1315,1617 1357,1617 1399,1619 1440,1619 1482,1620 1524,1621 1566,1622 1607,1622 1649,1623 1691,1624 1732,1625 1774,1625 1816,1626 1857,1626 1899,1626 1941,1626 1983,1626"/>
                <TextEquiv>
                    <Unicode>tas, aut in factis, seu in uestibus, &amp; sic habetur eutropelia</Unicode>
                </TextEquiv>
            </TextLine>
            <TextLine id="r2l72" custom="readingOrder {index:33;}">
                <Coords points="1160,1667 1991,1682 1983,1641 1161,1635"/>
                <Baseline points="1166,1653 1207,1653 1248,1655 1289,1655 1330,1656 1371,1656 1412,1658 1453,1658 1494,1658 1535,1659 1576,1660 1617,1661 1658,1662 1699,1662 1740,1663 1781,1664 1822,1664 1863,1665 1904,1665 1945,1667 1986,1667"/>
                <TextEquiv>
                    <Unicode>er quam virtutem placide habet se homo virtuosius in</Unicode>
                </TextEquiv>
            </TextLine>
            <TextLine id="r2l74" custom="readingOrder {index:34;}">
                <Coords points="1150,1702 1972,1721 1989,1681 1151,1665"/>
                <Baseline points="1155,1694 1196,1694 1237,1694 1279,1695 1320,1695 1362,1696 1403,1697 1444,1698 1486,1698 1527,1700 1569,1700 1610,1701 1651,1703 1693,1703 1734,1704 1776,1704 1817,1706 1858,1706 1900,1706 1941,1706 1983,1706"/>
                <TextEquiv>
                    <Unicode>ludis, seu iocis. Et dicitur ab ex, quod est bonum, &amp; tropos</Unicode>
                </TextEquiv>
            </TextLine>
            <TextLine id="r2l76" custom="readingOrder {index:35;}">
                <Coords points="1143,1742 1982,1763 1982,1719 1951,1714 1143,1708"/>
                <Baseline points="1148,1733 1189,1733 1230,1733 1272,1734 1313,1734 1355,1735 1396,1736 1438,1737 1479,1737 1521,1739 1562,1739 1603,1740 1645,1740 1686,1742 1728,1742 1769,1743 1811,1743 1852,1743 1894,1745 1935,1745 1977,1745"/>
                <TextEquiv>
                    <Unicode>quod est versio: quasi omnia conuertens in bonum. Qu</Unicode>
                </TextEquiv>
            </TextLine>
            <TextLine id="r2l78" custom="readingOrder {index:36;}">
                <Coords points="1143,1783 1991,1790 1991,1765 1903,1751 1143,1742"/>
                <Baseline points="1148,1773 1189,1773 1231,1773 1273,1773 1315,1775 1357,1775 1399,1776 1440,1776 1482,1777 1524,1778 1566,1779 1608,1779 1650,1781 1692,1781 1733,1782 1775,1782 1817,1782 1859,1784 1901,1784 1943,1784 1985,1784"/>
                <TextEquiv>
                    <Unicode>liter autem omnes istae octo viptutes ad quattuor Cardi¬</Unicode>
                </TextEquiv>
            </TextLine>
            <TextLine id="r2l80" custom="readingOrder {index:37;}">
                <Coords points="1140,1822 1993,1845 1983,1792 1141,1788"/>
                <Baseline points="1146,1811 1188,1811 1230,1811 1272,1812 1314,1812 1356,1813 1398,1814 1440,1814 1482,1815 1524,1816 1567,1817 1609,1818 1651,1818 1693,1820 1735,1821 1777,1821 1819,1821 1861,1823 1903,1823 1945,1824 1988,1824"/>
                <TextEquiv>
                    <Unicode>nales reducuntur, quamuis euidenter possem ostendere:</Unicode>
                </TextEquiv>
            </TextLine>
            <TextLine id="r2l82" custom="readingOrder {index:38;}">
                <Coords points="1144,1865 1968,1877 1968,1843 1907,1829 1144,1828"/>
                <Baseline points="1149,1850 1189,1851 1230,1851 1270,1853 1311,1853 1352,1853 1392,1854 1433,1854 1474,1856 1514,1856 1555,1857 1596,1857 1636,1859 1677,1859 1718,1859 1758,1860 1799,1860 1840,1862 1880,1862 1921,1862 1962,1862"/>
                <TextEquiv>
                    <Unicode>tamen causa breuitatis hoc diligenti lectori committo.</Unicode>
                </TextEquiv>
            </TextLine>
            <TextLine id="r2l85" custom="readingOrder {index:39;}">
                <Coords points="1172,1900 1994,1910 1994,1881 1951,1868 1173,1869"/>
                <Baseline points="1178,1890 1218,1891 1259,1892 1299,1892 1340,1893 1380,1893 1421,1895 1461,1895 1502,1896 1542,1896 1583,1897 1624,1898 1664,1898 1705,1899 1745,1899 1786,1901 1826,1901 1867,1901 1907,1902 1948,1902 1989,1904"/>
                <TextEquiv>
                    <Unicode>Ad secundum cicendum, quod habita philotomia, ha¬</Unicode>
                </TextEquiv>
            </TextLine>
            <TextLine id="r2l87" custom="readingOrder {index:40;}">
                <Coords points="1143,1944 1946,1960 1981,1955 1982,1911 1144,1899"/>
                <Baseline points="1148,1929 1189,1929 1230,1929 1272,1931 1313,1931 1355,1931 1396,1932 1437,1932 1479,1934 1520,1935 1562,1935 1603,1937 1644,1938 1686,1938 1727,1940 1769,1940 1810,1940 1851,1941 1893,1941 1934,1941 1976,1941"/>
                <TextEquiv>
                    <Unicode>betur magnanimitas, &amp; si non actu, tamen habitu, cuius¬</Unicode>
                </TextEquiv>
            </TextLine>
            <TextLine id="r2l89" custom="readingOrder {index:41;}">
                <Coords points="1141,1979 1989,1995 1989,1949 1141,1945"/>
                <Baseline points="1146,1967 1187,1967 1229,1968 1271,1970 1313,1970 1355,1971 1397,1971 1438,1973 1480,1973 1522,1974 1564,1974 1606,1976 1648,1976 1690,1977 1731,1977 1773,1979 1815,1979 1857,1980 1899,1980 1941,1981 1983,1982"/>
                <TextEquiv>
                    <Unicode>modi habitus, quamuis pro illo tunc homo virtuosus non</Unicode>
                </TextEquiv>
            </TextLine>
            <TextLine id="r2l91" custom="readingOrder {index:42;}">
                <Coords points="1142,2015 1988,2040 1988,1998 1912,1985 1143,1979"/>
                <Baseline points="1148,2009 1189,2009 1231,2009 1273,2009 1314,2009 1356,2010 1398,2010 1439,2012 1481,2012 1523,2013 1565,2013 1606,2015 1648,2015 1690,2016 1731,2017 1773,2018 1815,2018 1856,2019 1898,2019 1940,2021 1982,2021"/>
                <TextEquiv>
                    <Unicode>eliceret actum: si tamen materia se coner ienter offerret</Unicode>
                </TextEquiv>
            </TextLine>
            <TextLine id="r2l93" custom="readingOrder {index:43;}">
                <Coords points="1137,2065 1985,2077 1986,2040 1138,2014"/>
                <Baseline points="1143,2049 1184,2049 1226,2049 1268,2049 1310,2049 1352,2051 1394,2051 1435,2051 1477,2052 1519,2052 1561,2054 1603,2054 1645,2054 1687,2055 1728,2055 1770,2057 1812,2057 1854,2058 1896,2060 1938,2060 1980,2061"/>
                <TextEquiv>
                    <Unicode>pro tempore, &amp; loco, ipse eliceret huiusmodi actum. Dixs</Unicode>
                </TextEquiv>
            </TextLine>
            <TextLine id="r2l95" custom="readingOrder {index:44;}">
                <Coords points="1133,2103 1985,2118 1986,2077 1908,2064 1134,2066"/>
                <Baseline points="1139,2085 1181,2085 1223,2087 1265,2087 1307,2088 1349,2090 1391,2090 1433,2091 1475,2091 1517,2092 1559,2093 1601,2094 1643,2094 1685,2094 1727,2096 1769,2097 1811,2097 1853,2099 1895,2100 1937,2100 1980,2102"/>
                <TextEquiv>
                    <Unicode>autem congruenter: quia forte magni honores, &amp; digni¬</Unicode>
                </TextEquiv>
            </TextLine>
            <TextLine id="r2l97" custom="readingOrder {index:45;}">
                <Coords points="1135,2136 1982,2140 1982,2105 1135,2102"/>
                <Baseline points="1140,2127 1181,2127 1223,2127 1265,2127 1307,2127 1349,2127 1390,2129 1432,2129 1474,2130 1516,2130 1558,2132 1599,2133 1641,2134 1683,2135 1725,2136 1767,2136 1808,2138 1850,2138 1892,2138 1934,2138 1976,2138"/>
                <TextEquiv>
                    <Unicode>tates excessiuae non dicerent statum illius hominis: pro¬</Unicode>
                </TextEquiv>
            </TextLine>
            <TextLine id="r2l99" custom="readingOrder {index:46;}">
                <Coords points="1149,2172 1856,2196 1981,2190 1982,2147 1149,2136"/>
                <Baseline points="1154,2163 1195,2165 1236,2166 1277,2167 1318,2168 1359,2169 1400,2171 1441,2171 1482,2172 1523,2172 1565,2173 1606,2174 1647,2175 1688,2175 1729,2177 1770,2177 1811,2178 1852,2178 1893,2180 1934,2180 1976,2181"/>
                <TextEquiv>
                    <Unicode>ter quod ab actu desisteret, dato, quod habitum in se</Unicode>
                </TextEquiv>
            </TextLine>
            <TextLine id="r2l101" custom="readingOrder {index:47;}">
                <Coords points="1130,2220 1149,2213 1182,2218 1192,2211 1206,2218 1217,2213 1259,2217 1260,2184 1241,2175 1224,2187 1186,2172 1164,2177 1158,2171 1131,2171"/>
                <Baseline points="1136,2207 1165,2204 1195,2205 1224,2206 1254,2208"/>
                <TextEquiv>
                    <Unicode>haberet</Unicode>
                </TextEquiv>
            </TextLine>
            <TextLine id="r2l103" custom="readingOrder {index:48;}">
                <Coords points="1171,2254 1653,2257 1713,2278 1979,2267 1986,2233 1171,2219"/>
                <Baseline points="1176,2246 1216,2246 1256,2246 1296,2246 1336,2247 1377,2247 1417,2247 1457,2249 1497,2249 1537,2250 1578,2250 1618,2252 1658,2252 1698,2253 1738,2253 1779,2255 1819,2255 1859,2255 1899,2256 1939,2256 1980,2256"/>
                <TextEquiv>
                    <Unicode>Ad tertium dicendum, quod illi simplices, vel habent</Unicode>
                </TextEquiv>
            </TextLine>
            <TextLine id="r2l105" custom="readingOrder {index:49;}">
                <Coords points="1137,2290 1985,2310 1986,2266 1950,2263 1138,2260"/>
                <Baseline points="1143,2282 1184,2283 1226,2283 1268,2285 1310,2285 1352,2286 1394,2288 1435,2288 1477,2289 1519,2289 1561,2291 1603,2291 1645,2292 1687,2292 1728,2294 1770,2294 1812,2295 1854,2295 1896,2296 1938,2297 1980,2297"/>
                <TextEquiv>
                    <Unicode>ordinatum, &amp; rectum appetitum finis, &amp; rectum iudicifi</Unicode>
                </TextEquiv>
            </TextLine>
            <TextLine id="r2l107" custom="readingOrder {index:50;}">
                <Coords points="1134,2327 1813,2354 1976,2350 1977,2313 1135,2289"/>
                <Baseline points="1140,2321 1181,2322 1223,2322 1264,2322 1306,2324 1347,2324 1389,2325 1430,2325 1472,2327 1513,2327 1555,2328 1597,2329 1638,2330 1680,2330 1721,2331 1763,2331 1804,2333 1846,2333 1887,2334 1929,2334 1971,2336"/>
                <TextEquiv>
                    <Unicode>de his quae sunt ad finem, quo circa talia dirigantur, tun¬</Unicode>
                </TextEquiv>
            </TextLine>
            <TextLine id="r2l109" custom="readingOrder {index:51;}">
                <Coords points="1135,2369 1983,2384 1983,2354 1914,2340 1135,2327"/>
                <Baseline points="1140,2360 1181,2361 1223,2361 1265,2363 1307,2363 1349,2364 1391,2364 1432,2366 1474,2366 1516,2367 1558,2369 1600,2369 1642,2370 1684,2370 1725,2371 1767,2372 1809,2372 1851,2373 1893,2373 1935,2373 1977,2375"/>
                <TextEquiv>
                    <Unicode>habent virtutem moralem, ac etiam prudentiam, vel non</Unicode>
                </TextEquiv>
            </TextLine>
            <TextLine id="r2l111" custom="readingOrder {index:52;}">
                <Coords points="1143,2410 1936,2430 1973,2423 1974,2383 1143,2379"/>
                <Baseline points="1148,2400 1189,2400 1230,2402 1271,2402 1312,2403 1353,2403 1394,2405 1435,2405 1476,2406 1517,2406 1558,2408 1599,2408 1640,2409 1681,2409 1722,2411 1763,2411 1804,2412 1845,2412 1886,2412 1927,2414 1968,2414"/>
                <TextEquiv>
                    <Unicode>abent haec, seu carent aliquo istorum, &amp; tunc nec habet</Unicode>
                </TextEquiv>
            </TextLine>
            <TextLine id="r2l113" custom="readingOrder {index:53;}">
                <Coords points="1134,2452 1758,2473 1982,2465 1983,2425 1135,2411"/>
                <Baseline points="1140,2438 1181,2439 1223,2439 1265,2441 1307,2442 1349,2442 1391,2444 1432,2444 1474,2445 1516,2447 1558,2447 1600,2448 1642,2448 1684,2449 1725,2450 1767,2450 1809,2451 1851,2451 1893,2451 1935,2451 1977,2451"/>
                <TextEquiv>
                    <Unicode>virtutes morales acquisitas, nec prudentiam, nec sunt ueri</Unicode>
                </TextEquiv>
            </TextLine>
            <TextLine id="r2l115" custom="readingOrder {index:54;}">
                <Coords points="1141,2492 1979,2508 1980,2466 1142,2446"/>
                <Baseline points="1146,2477 1187,2478 1228,2478 1270,2480 1311,2480 1353,2481 1394,2481 1435,2483 1477,2484 1518,2484 1560,2486 1601,2486 1642,2487 1684,2488 1725,2489 1767,2489 1808,2490 1849,2490 1891,2491 1932,2492 1974,2492"/>
                <TextEquiv>
                    <Unicode>virtuosi virtuositate acquisita. Quod addo pro tanto: quia</Unicode>
                </TextEquiv>
            </TextLine>
            <TextLine id="r2l117" custom="readingOrder {index:55;}">
                <Coords points="1145,2527 1982,2542 1960,2497 1145,2496"/>
                <Baseline points="1151,2517 1192,2518 1233,2519 1274,2519 1316,2520 1357,2522 1398,2522 1440,2522 1481,2523 1522,2523 1564,2525 1605,2525 1646,2526 1687,2526 1729,2526 1770,2528 1811,2528 1853,2528 1894,2529 1935,2529 1977,2531"/>
                <TextEquiv>
                    <Unicode>posito, quod virtutes infundantur habitualiter paruulis</Unicode>
                </TextEquiv>
            </TextLine>
            <TextLine id="r2l119" custom="readingOrder {index:56;}">
                <Coords points="1121,2565 1982,2594 1983,2548 1935,2536 1122,2533"/>
                <Baseline points="1127,2556 1169,2557 1212,2558 1254,2559 1297,2559 1339,2561 1382,2561 1424,2562 1467,2562 1509,2564 1552,2564 1594,2565 1637,2565 1679,2567 1722,2567 1764,2568 1807,2568 1849,2570 1892,2571 1934,2572 1977,2573"/>
                <TextEquiv>
                    <Unicode>in baptismo, tunc antequam attingant annos discretionis</Unicode>
                </TextEquiv>
            </TextLine>
            <TextLine id="r2l121" custom="readingOrder {index:57;}">
                <Coords points="1132,2605 1981,2623 1981,2589 1918,2578 1133,2563"/>
                <Baseline points="1137,2597 1181,2597 1225,2598 1269,2598 1313,2600 1357,2600 1401,2601 1446,2602 1490,2603 1534,2604 1578,2604 1622,2605 1666,2606 1711,2606 1755,2607 1799,2607 1843,2607 1887,2609 1931,2609 1976,2609"/>
                <TextEquiv>
                    <Unicode>habitus quidem habent prudentiae, ceterarumque virtu¬</Unicode>
                </TextEquiv>
            </TextLine>
            <TextLine id="r2l123" custom="readingOrder {index:58;}">
                <Coords points="1126,2645 1930,2663 1979,2660 1980,2623 1126,2609"/>
                <Baseline points="1131,2636 1173,2636 1215,2637 1257,2637 1299,2639 1341,2639 1383,2640 1426,2640 1468,2642 1510,2642 1552,2643 1594,2643 1636,2645 1678,2645 1721,2646 1763,2646 1805,2647 1847,2648 1889,2649 1931,2649 1974,2651"/>
                <TextEquiv>
                    <Unicode>tum, quamuis nondum talium virtutum habeant exercitium.</Unicode>
                </TextEquiv>
            </TextLine>
            <TextLine id="r2l125" custom="readingOrder {index:59;}">
                <Coords points="1167,2684 1970,2700 1971,2658 1168,2646"/>
                <Baseline points="1173,2675 1212,2675 1252,2676 1291,2678 1331,2678 1371,2678 1410,2679 1450,2681 1489,2681 1529,2682 1569,2682 1608,2683 1648,2684 1687,2684 1727,2685 1767,2685 1806,2687 1846,2687 1885,2688 1925,2690 1965,2690"/>
                <TextEquiv>
                    <Unicode>Ad quartum dicendum, quod iudiciti de agibilibus pe</Unicode>
                </TextEquiv>
            </TextLine>
            <TextLine id="r2l127" custom="readingOrder {index:60;}">
                <Coords points="1134,2725 1957,2746 1982,2700 1135,2691"/>
                <Baseline points="1140,2714 1181,2715 1223,2715 1265,2717 1307,2717 1349,2718 1390,2718 1432,2720 1474,2720 1516,2721 1558,2721 1599,2723 1641,2723 1683,2724 1725,2724 1767,2726 1808,2726 1850,2727 1892,2727 1934,2727 1976,2727"/>
                <TextEquiv>
                    <Unicode>test dupliciter ficri. Vno modo speculatiue, puta, quu solun</Unicode>
                </TextEquiv>
            </TextLine>
            <TextLine id="r2l129" custom="readingOrder {index:61;}">
                <Coords points="1130,2772 1967,2777 1967,2748 1896,2733 1131,2730"/>
                <Baseline points="1136,2754 1177,2754 1218,2755 1259,2756 1301,2756 1342,2757 1383,2757 1425,2759 1466,2759 1507,2760 1549,2760 1590,2762 1631,2762 1672,2763 1714,2763 1755,2765 1796,2765 1838,2766 1879,2766 1920,2766 1962,2768"/>
                <TextEquiv>
                    <Unicode>procedit ex naturali lumine intelectus, &amp; sic nonsufficit at</Unicode>
                </TextEquiv>
            </TextLine>
            <TextLine id="r2l131" custom="readingOrder {index:62;}">
                <Coords points="1134,2807 1967,2824 1968,2777 1135,2771"/>
                <Baseline points="1140,2793 1181,2793 1222,2795 1263,2795 1304,2796 1345,2796 1386,2798 1427,2798 1468,2799 1509,2799 1551,2801 1592,2801 1633,2802 1674,2802 1715,2804 1756,2805 1797,2805 1838,2806 1879,2807 1920,2807 1962,2808"/>
                <TextEquiv>
                    <Unicode>prudentiam sic. n illi, qui naturaliter habet phantasiam magi¬</Unicode>
                </TextEquiv>
            </TextLine>
            <TextLine id="r2l133" custom="readingOrder {index:63;}">
                <Coords points="1129,2842 1965,2852 1965,2822 1920,2816 1129,2810"/>
                <Baseline points="1134,2834 1175,2834 1216,2834 1257,2834 1299,2835 1340,2835 1381,2835 1422,2837 1464,2837 1505,2838 1546,2838 1587,2840 1629,2840 1670,2841 1711,2842 1752,2843 1794,2844 1835,2844 1876,2844 1917,2846 1959,2846"/>
                <TextEquiv>
                    <Unicode>ordinatam, &amp; intellectum eleuatum, quamuis sint peccato</Unicode>
                </TextEquiv>
            </TextLine>
            <TextLine id="r2l135" custom="readingOrder {index:64;}">
                <Coords points="1128,2881 1974,2893 1974,2862 1893,2849 1129,2842"/>
                <Baseline points="1133,2871 1174,2873 1216,2873 1258,2874 1300,2874 1341,2876 1383,2876 1425,2877 1467,2877 1508,2879 1550,2879 1592,2879 1634,2880 1675,2881 1717,2882 1759,2883 1801,2883 1842,2884 1884,2885 1926,2885 1968,2886"/>
                <TextEquiv>
                    <Unicode>res: tamen bene iudicant de agendis. Et eodem modo di¬</Unicode>
                </TextEquiv>
            </TextLine>
            <TextLine id="r2l137" custom="readingOrder {index:65;}">
                <Coords points="1119,2917 1972,2937 1973,2893 1119,2887"/>
                <Baseline points="1124,2912 1166,2912 1208,2912 1250,2913 1292,2913 1334,2914 1376,2915 1419,2916 1461,2916 1503,2917 1545,2918 1587,2918 1629,2919 1671,2919 1714,2921 1756,2921 1798,2922 1840,2922 1882,2924 1924,2925 1967,2925"/>
                <TextEquiv>
                    <Unicode>cendum est de illis, qui per doctrinam, &amp; studium sine vir</Unicode>
                </TextEquiv>
            </TextLine>
            <TextLine id="r2l139" custom="readingOrder {index:66;}">
                <Coords points="1121,2967 1965,2979 1965,2933 1122,2918"/>
                <Baseline points="1127,2952 1168,2951 1210,2951 1251,2952 1293,2952 1335,2952 1376,2954 1418,2954 1459,2955 1501,2955 1543,2957 1584,2957 1626,2958 1667,2960 1709,2960 1751,2961 1792,2963 1834,2963 1875,2964 1917,2964 1959,2964"/>
                <TextEquiv>
                    <Unicode>tutum exercitio queudam habitum boni iudicij acquisis</Unicode>
                </TextEquiv>
            </TextLine>
            <TextLine id="r2l141" custom="readingOrder {index:67;}">
                <Coords points="1120,3003 1956,3021 1965,2979 1120,2966"/>
                <Baseline points="1125,2990 1166,2990 1208,2990 1250,2990 1291,2991 1333,2991 1375,2993 1416,2993 1458,2994 1500,2996 1542,2996 1583,2997 1625,2999 1667,2999 1708,3000 1750,3000 1792,3002 1833,3002 1875,3002 1917,3002 1959,3002"/>
                <TextEquiv>
                    <Unicode>runt. Omnes enim isti, &amp; si aliquid simile habent pruden</Unicode>
                </TextEquiv>
            </TextLine>
            <TextLine id="r2l143" custom="readingOrder {index:68;}">
                <Coords points="1128,3035 1810,3063 1964,3052 1965,3019 1129,3009"/>
                <Baseline points="1134,3029 1175,3029 1216,3030 1257,3030 1299,3030 1340,3032 1381,3032 1422,3033 1464,3033 1505,3035 1546,3036 1587,3036 1629,3038 1670,3038 1711,3039 1752,3039 1794,3041 1835,3041 1876,3041 1917,3041 1959,3041"/>
                <TextEquiv>
                    <Unicode>tiae: tamen prudentiam non habent, vt patet per Aristo.</Unicode>
                </TextEquiv>
            </TextLine>
            <TextLine id="r2l145" custom="readingOrder {index:69;}">
                <Coords points="1126,3074 1958,3093 1959,3054 1919,3047 1127,3036"/>
                <Baseline points="1131,3068 1172,3068 1213,3068 1254,3069 1295,3069 1336,3069 1377,3071 1418,3071 1459,3072 1500,3073 1542,3074 1583,3075 1624,3076 1665,3077 1706,3078 1747,3078 1788,3080 1829,3080 1870,3081 1911,3082 1953,3083"/>
                <TextEquiv>
                    <Unicode>sexto ethicorum. Alio modo iudicium de agibilibus</Unicode>
                </TextEquiv>
            </TextLine>
            <TextLine id="r2l147" custom="readingOrder {index:70;}">
                <Coords points="1118,3120 1964,3134 1965,3096 1119,3078"/>
                <Baseline points="1124,3110 1165,3108 1207,3108 1249,3108 1291,3110 1332,3110 1374,3110 1416,3111 1458,3111 1499,3113 1541,3113 1583,3114 1625,3114 1666,3116 1708,3117 1750,3117 1792,3119 1833,3119 1875,3120 1917,3122 1959,3122"/>
                <TextEquiv>
                    <Unicode>fit practice, puta, quando procedit non solum ex in¬</Unicode>
                </TextEquiv>
            </TextLine>
            <TextLine id="r2l149" custom="readingOrder {index:71;}">
                <Coords points="1113,3166 1956,3166 1956,3134 1906,3127 1114,3120"/>
                <Baseline points="1119,3150 1160,3150 1202,3149 1243,3149 1285,3149 1326,3149 1368,3149 1409,3150 1451,3150 1492,3152 1534,3152 1576,3153 1617,3155 1659,3155 1700,3156 1742,3158 1783,3158 1825,3158 1866,3159 1908,3159 1950,3159"/>
                <TextEquiv>
                    <Unicode>genio, vel studio : sed ex bona qualitate mentis, set</Unicode>
                </TextEquiv>
            </TextLine>
            <TextLine id="r2l151" custom="readingOrder {index:72;}">
                <Coords points="1114,3213 1964,3214 1949,3165 1114,3168"/>
                <Baseline points="1119,3191 1161,3191 1203,3189 1245,3189 1287,3191 1329,3191 1371,3191 1413,3192 1455,3192 1497,3193 1539,3194 1581,3195 1623,3195 1665,3197 1707,3197 1749,3198 1791,3198 1833,3200 1875,3200 1917,3200 1959,3200"/>
                <TextEquiv>
                    <Unicode>ex dispositione existente in appetitu iudicantis, iuxta</Unicode>
                </TextEquiv>
            </TextLine>
            <TextEquiv>
                <Unicode>cuius, vel quarum opera magis exercuit ille, qui has vir¬
tutes, acquirit: omnes tamen alias virtutes, concomitan¬
ter recipit, eo quod propter, rectitudinem rationis, q&amp;ui
puritatem appetitus, ipse dispositus sit ad omnem mo¬
ralem virtutem. Et ista videtur esse intentio P. Hiero. In
epistola ad Pamacium, vbi ait. Quattuor virtutes de¬
scribunt Stoiti ita sibi connexas, ut qui vnam non habue¬
rit omnibus careat, &amp; qui vnam habuerit, omnes habeat.
Tanguntur autem hic solum quattuor: quia omnes
aliae ad quattuor Cardinales reducuntur: Et ideo suppon
tur idem esse iudicium de ceteris, sicut de istis quattuor. 
Sunt autem aliae virtutes morales octo, de quibus tra¬
ctat Arist. in diueruis locis lib eth. &amp; libs magistrorum mo
ralium, scilicet liberalitas, magnificentia, philotomia, ma
gnanimitas, mansuetudo, amicitia, quae alio nomine dici¬ 
tur sodalitas, veracitas, &amp; eutropelia. lstarum autem virtu
tum necessitas, ac etiam sufficientia sic haberi potest. Quia
omne bonum, erea quod versantur mores hominum,
aut est vtile, aut honorabile, aut delectabile : Ergo si ho¬
mo virtuose se habet circa vtilia, hoc contingit dupliciter, 
vel simpliciter, &amp; absolute, sic habetur liberalitas: vel cum
quadam arduitate, seu excellentia, puta magnos sumptus
virtuose faciendo, sic est magnificentia. Si circa honores me
diocres, sic habetur philotomia. Si circa honores arduns, 
&amp; circa dignitates magnas, sic est maguanimites. Si cirea
delectabilia, hoc tripliciter fieri potest : vel enim hoc fu
in exteriori conuersatione cum aliis hominibus secundum
actum virtutis irascibilis, sic habetur mansuetudo, vel se¬
cundum actum virtutis eoncupiscibilie, sic habetur amisi
tia; vel secundum actum virtutis rationalis, &amp; hoc dupli¬
citer: quia vel hoc contingit in eo, quod virtuosus placide si
habet cum aliis hominibus in dictis, &amp; sic habetur veracti
tas, aut in factis, seu in uestibus, &amp; sic habetur eutropelia
er quam virtutem placide habet se homo virtuosius in
ludis, seu iocis. Et dicitur ab ex, quod est bonum, &amp; tropos
quod est versio: quasi omnia conuertens in bonum. Qu
liter autem omnes istae octo viptutes ad quattuor Cardi¬
nales reducuntur, quamuis euidenter possem ostendere:
tamen causa breuitatis hoc diligenti lectori committo.
Ad secundum cicendum, quod habita philotomia, ha¬
betur magnanimitas, &amp; si non actu, tamen habitu, cuius¬
modi habitus, quamuis pro illo tunc homo virtuosus non
eliceret actum: si tamen materia se coner ienter offerret
pro tempore, &amp; loco, ipse eliceret huiusmodi actum. Dixs
autem congruenter: quia forte magni honores, &amp; digni¬
tates excessiuae non dicerent statum illius hominis: pro¬
ter quod ab actu desisteret, dato, quod habitum in se
haberet
Ad tertium dicendum, quod illi simplices, vel habent
ordinatum, &amp; rectum appetitum finis, &amp; rectum iudicifi
de his quae sunt ad finem, quo circa talia dirigantur, tun¬
habent virtutem moralem, ac etiam prudentiam, vel non
abent haec, seu carent aliquo istorum, &amp; tunc nec habet
virtutes morales acquisitas, nec prudentiam, nec sunt ueri
virtuosi virtuositate acquisita. Quod addo pro tanto: quia
posito, quod virtutes infundantur habitualiter paruulis
in baptismo, tunc antequam attingant annos discretionis
habitus quidem habent prudentiae, ceterarumque virtu¬
tum, quamuis nondum talium virtutum habeant exercitium.
Ad quartum dicendum, quod iudiciti de agibilibus pe
test dupliciter ficri. Vno modo speculatiue, puta, quu solun
procedit ex naturali lumine intelectus, &amp; sic nonsufficit at
prudentiam sic. n illi, qui naturaliter habet phantasiam magi¬
ordinatam, &amp; intellectum eleuatum, quamuis sint peccato
res: tamen bene iudicant de agendis. Et eodem modo di¬
cendum est de illis, qui per doctrinam, &amp; studium sine vir
tutum exercitio queudam habitum boni iudicij acquisis
runt. Omnes enim isti, &amp; si aliquid simile habent pruden
tiae: tamen prudentiam non habent, vt patet per Aristo.
sexto ethicorum. Alio modo iudicium de agibilibus
fit practice, puta, quando procedit non solum ex in¬
genio, vel studio : sed ex bona qualitate mentis, set
ex dispositione existente in appetitu iudicantis, iuxta</Unicode>
            </TextEquiv>
        </TextRegion>
    </Page>
</PcGts>
