2422 3540
421 276 1283 342 Maior patet per auctorem de causis. Minor probatur: qua
431 337 1275 388 omnis timor ex aliquo amore procedit: Ex hoc enim, quo
435 375 1274 416 aliquid diligimus timemus, ne illud perdamus. Sed ti¬
437 417 1275 465 mor seruilis ex amore sui procedit, timor vero filialis ex
435 453 1281 498 amore Dei. Timens enim seruiliter istam mundanam vi
434 493 1280 543 tam diligit, quam timet perdere per collationem aeterne
435 531 1277 577 poenae inferendae a Deo, tanquam a iusto iudice: Sed ti¬
429 570 1278 618 mens filialiter timet perdere Deum, quem plus diligit,
438 609 1274 657 quam se ipsum. Talis enim cupit perdere, se vt stabiliter
432 649 1283 688 cum Deo valeat permanere dicens cum Apostolo. Cupio
430 681 848 734 dissolui, & esse cum Christo
507 716 1277 774 Praeterea, quandocunque aliqui habitus sunt circa
429 763 1271 809 aliqua obiecta formaliter distincta, illi formaliter distin¬
431 802 1278 854 guuntur: sed isti duo timores sunt circa obiecta formali¬
432 843 1274 895 ter distincta: ergo &c. Maior patet: quia sicut etiam isti
432 883 1264 926 doctores dicunt: distinctio habituum est attendenda, non
426 921 1262 963 iuxta obiectum materialiter sumptum, sed formaliter.
423 962 1259 1003 Minor etiam patet: quia licet Deus sit obiectum mate
421 1001 1265 1041 riale istorum timorum, aliter tamen, & sub alia ratione
433 1038 1271 1080 concipitur a timentibus, & per consequens aliter obiici¬
425 1080 1271 1121 tur eorum timoribus. Vnus enim concipit eum, vt sepa¬
429 1116 1262 1160 bilem, alius, vt punientem. Timet enim primus ne sepa¬
421 1155 1270 1205 retur a Deo, & secundus ne puniatur a Deo. Ex quo pa¬
422 1203 1272 1249 tet, quod formale obiectum vtriusque est aliud, & aliud,
422 1231 1265 1274 iuxta conditiones formaliter distinctas, quae attenduntui
420 1273 1262 1325 in istis timoribus. Et ista videtur esse intentio Aug. qu
425 1314 1275 1365 seruilem timorem assimilat timori, secundum quem mu
433 1352 1265 1399 lier adultera timet ne maritus veniat. Et filialem timo
432 1396 1266 1441 rem assimiliat timoti, quo casta mulier timet ne maritus
423 1436 1265 1478 recedat: Sed planum est, quod illi duo timores dictarum
418 1470 1268 1520 mulierum differunt specie, eo quod aliud, & aliud habeat
429 1515 1274 1563 obiectum formale, puta, accessum, & recessum: ergo &c.
441 1549 1275 1595 Ad primum argumentum istorum doctorum dicendum
432 1584 1268 1635 quod non sufficit identitas materialis obiecti ad identita
423 1624 1268 1692 tem habitus: sed requiritur identitas formalis, quae non
426 1659 669 1713 est in proposito.
462 1700 1265 1754 Ad secundum nego maiorem, quia fides, siue sit infor
432 1746 1263 1791 mis, siuc formata, semper est circa idem obiectum non
421 1784 1262 1829 solum materialiter, verum etiam formaliter. Etiam nu¬
427 1826 1265 1871 quam legitur, quod adueniente caritate, fides caedat, sicut
423 1862 1254 1905 de timore dicit loan. Perfecta caritas foras mittit timo
426 1904 1272 1946 rem. Quod verbum attendens Aug. ait, quod sicut seta
423 1940 1268 1989 intrat, non tamen, quod remaneat: sed vt exeundo filum
422 1980 1268 2028 post se trahat, sic timor seruilis intrat, non vt remaneat
416 2022 1259 2071 sed vt caritatem post se trahat. Et ex hoc etiam potes
417 2058 1262 2101 sic argui ad propositum. Illi habitus, quorum vnus ma¬
420 2098 1254 2136 net cum caritate, & alter non potest manere cum ea, ne
429 2137 1269 2192 cessario differunt: sed timor filialis manet cum caritate, cum
441 2171 1134 2225 qua timor seruilis manere non potest: ergo &c.
468 2206 1260 2271 Potest etiam dubitari de hoc dono, quod est pietas: quod
439 2250 1261 2294 irtus non est donum: nam virtutes, & dona realiter di¬
426 2291 1263 2337 stinguuntur, vt infra patebit: Sed pietas est idem, quod
429 2332 1253 2387 misericordia, quae est virtus, Nam secundum Oreg. 1. mo
413 2371 1255 2411 ralium pietas est virtus, quae docet opera misericor¬
420 2411 1255 2451 diae frequentare. Item, fortitudo est vna de quattuor vi
425 2449 1256 2505 tutibus Cardinalibus. vt patet 3. eticorum: ergo non vi¬
423 2487 1259 2532 detur esse donum. Item, consilium videtur esse actus
431 2530 1257 2579 prudentiae: ergo non erit donum. Item, scientia, intel¬
423 2568 1249 2612 lectus, & sapientia, sunt habitus, seu virtutes intellectua
425 2603 1259 2659 les, vt patet 8, ethi. ergo non erunt dona per spiritum san¬
418 2645 861 2699 ctum supernaturaliter infusa
568 2705 1112 2780 ARTICVLV 3 I1
538 2758 1158 2840 Comparantur dond ad virtutes fructus
717 2816 965 2877 & beatitudines
447 2909 1252 2957 Tquia quantum ad omnia ista patebit in secundo a
417 2951 1253 3002 Aticulo: ideo quantum ad hoc est aduertendum, qu
417 2985 1268 3036 dona spiritus sancti differunt a virtutibus, sicut adiuuans,
415 3021 1268 3073 & perficiens differt ab eo, quod adiuuatur, & perficitur:
421 3066 1259 3115 quia secundum Oreg. dona dantur in adiutorium virtu¬
406 3105 1267 3161 tum: nam virtus, secundum quod virtus est, perficit po¬
1329 271 2174 345 tentiam in ordine ad opus modo humano: sed donum al
1324 335 2165 376 tiori, & nobiliori modo. Exemplum de fide, quae per¬
1328 371 2174 420 ficit intellectum humanum modo connaturali intellectui
1330 410 2175 453 humano, puta: quia intellectus humanus est intelligen
1333 450 2171 497 tia obumbrata: ideo fides non transit obscuritatem enig
1329 487 2169 529 matis. & per consequens, quamuis intellectus sit fide per
1332 527 2165 570 fectus: tamen elicit actum non clarum, sed enigmaticum.
1356 567 2188 606 Donum autem intellectus cum abundanter alicui tri¬
1328 606 2171 648 buitur, hunc defectu in magna parte supplet, & tamquam
1320 645 2167 697 fidem adiuuans facit, quod quasi in luce clariori celitus il
1317 680 2175 734 stratus homo super humanum modum secretorum diuino
1318 721 2171 775 rum incipit esse conscius, adhuc existens in via. luxta quod
1326 764 2172 808 ait Apostolus. Nos autem reuelata facie gloriam domi¬
1314 802 2186 852 ni speculantes in cadem imaginem transformamur a cla
1328 841 1837 894 ritate, tamquam a spiritu domini
1358 881 2161 927 Donum autem sabientiae datur in adiutorium spei: nam
1314 918 2171 961 donum sapientiae est habitus diuini luminis, faciens in de
1317 959 2156 1007 uotis hominibus experimentalem notitiam diuinorum
1314 998 2184 1043 cum quadam interna degustatione, per quam spes homi¬
1320 1034 1789 1082 nis non modicum confortatur.
1324 1076 2174 1127 Consilium autem datur a spiritu sancto in adiutorium
1317 1118 2183 1169 caritatis imperfecte receptae: nam per opera supereroga¬
1318 1156 2171 1206 tionis, sicut est religio, votum virginitatis, & cetera hu¬
1320 1195 2181 1240 iusmodi, ad quae non tenemur ex praecepto: sed nos ip¬
1320 1232 2167 1279 sos ad ea astringimus ex spiritus sancti consilio, tamquam
1329 1274 2175 1323 er escam congruentem igni spirituali siamma caritatis.
1313 1311 2100 1361 erigitur, & tendit ad perfectionem singularem.
1346 1336 2181 1398 Cetera vero dona quattuor dantur in adiutorium
1321 1387 2174 1440 quattuor virtutum cardinalium, puta, fortitudo, vt do¬
1318 1431 2163 1472 num est datur in adiutorium fortitudinis, vt virtus est:
1330 1468 2166 1516 quia quamuis homo per fortitudinem, vt virtus est, possit
1317 1512 2172 1554 morti se exponere in iusta causa: hoc tamen, vel facit cum
1323 1551 2159 1593 tristitia, puta, si virtus non est perfecta, vel dato, quod per
1316 1584 2165 1637 fecta existente virtute hoc faciat sine tristitia: tamen hoc
1320 1628 2160 1677 non potest facere cum gaudio: quia licet in ceteris virtu
1317 1664 2165 1715 tibus moralibus signum sit acquifiti habitus habere dele¬
1317 1702 2149 1746 ctationem in opere, vt dicitur 2. ethi tamen non sic est di
1308 1740 2161 1788 fortitudine secundum philosophum. 3. ethic. quamuis
1310 1781 2146 1828 sit perfecta virtus: non tamen est necesse fortem in oper
1315 1820 2177 1869 bus illius virtutis delectari: sed sufficit non tristari: Sed
1314 1856 2165 1908 fortitudo, vt donum, virtutem istam sic perficit, & adiuuat
1321 1906 2166 1950 quod homo cum gaudio, & desiderio sustinet mortem, &
1319 1945 2156 1991 omnem poenalitatem propter Deum. Vnde Apostoli por
1310 1976 2155 2024 illud donum fortitudinis ibant gaudentes a conspectu conm
1307 2024 2155 2064 cilii, quoniam digni habiti sunt pro nomine lesu contume
1304 2058 2147 2110 liam pati. Vnde de tali homine loquens Oreg. li. 10, mo
1314 2098 2159 2147 ralium ait. Quicquid in hoc mundo amarum sit, dulce
1311 2140 2156 2187 existimat, omne, quod affligit, requiem putat, transire per
1311 2176 2113 2222 mortem appetit, vt obtinere vitam plenius possit, &c.
1348 2210 2173 2256 Donum scientiae datur in adiutorium prudentiae: nam
1324 2247 2160 2306 propter varietate & multiformem contingentiam agibi
1315 2294 2151 2338 lium non sufficit habitus prudentiae ad hoc vt homo sem
1314 2335 2156 2382 per elioat illud, quod singulariter magis expedit ad salu¬
1304 2355 2160 2414 tem: Incertae enim sunt prouidentiae nostrae, & difficile
1315 2416 2147 2463 existimamus ea, quae in terris sunt, vt dicitur. Propter quod
1308 2445 2160 2500 datur homini donum scientiae, vt inter peruersas huius
1304 2486 2162 2543 mundi nationes transeat sine crimine, ita vt tangens pice
1307 2523 1624 2573 non inquinetur ab ea
1346 2562 2171 2614 Donum pietatis datur in adiutorium iustitiae, siue sit
1302 2600 2150 2651 iustitia distributiua, siuc commutatiua. De distributiua
1317 2641 2148 2699 atet: quia donum pietatis clementem facit principem,
1312 2678 2146 2728 ita quod sua iustitia erit misericordia decorata, vt se con-
1299 2721 2147 2770 formet supremo iudici, qui est ipse Deus, cuius vniuersa
1299 2764 2147 2814 viae sunt misericordia, & veritas, vt patet in Psal. Sic enim
1305 2806 2144 2855 misericordia, & veritas custodiunt regem, & roboratui
1305 2842 2166 2881 clementia Tronus eius. Sciendum tamen est hic pro¬
1313 2876 2151 2934 pter argumentum superius factum de dono pietatis, quod
1300 2920 2152 2968 si talis iudex ordinata clementia temperet iustitiam, pro¬
1323 2954 2152 3005 ter humanam inclinationem: tunc opus procedit a pie¬
1305 3002 2138 3048 tate, non vt donum est: sed vt virtus est: Si autem hoc fa
1315 3034 2147 3086 cit ex quodam affectu superno, quo desiderat in suo iudi¬
1314 3070 2151 3128 cio ipsum Deum perfectius imitari: tunc procedit a pie¬
1308 3110 2141 3181 tate, vt donum spiritus sancti est. Patet etiam illud di
