2414 3536
226 271 1077 333 iustitia commutatiua: quia vbi quandoque salua iustitia
228 323 1070 371 satis tenaces sunt mercatores, & alii hommes in suis con
222 365 1082 417 mutationibus, superueniente dono pietatis sine specie ali
226 410 999 453 cuius terrenae retributionis larga tribuunt munera
247 434 1082 487 Timor autem adiuuat temperantiam. Timor enim filia
229 482 1070 531 lis multum exercitat hominem in castis, & mundis ope¬
223 516 1079 567 ribus, ne displiceat ei, qui est filius Dei, & castissimae vir
225 560 1078 611 ginis: Propter quod dicitur. Finis modestiae timor Do¬
231 599 313 647 mini¬
259 636 1075 686 Ex iam dictis igitur potest haberi sufficientia donorum
223 673 1082 724 spiritus sancti, nam ex quo dona dantur in adiutorium
225 721 1076 767 virtutum: ideo numerus donorum debet conformari nu
231 758 1073 804 mero principalium virtutum: Sed tales uirtutes sunt se¬
231 798 1087 848 ptem, scilicet tres theologicae, & quattuor Cardinales:
231 843 1079 885 ergo & dona spiritus sancti septem esse debent. Peatitu¬
228 873 1079 921 dines vero possunt dici actus persectissimi eliciti secundum
231 912 1075 963 dona spiritus sancti: Sed fructus spiritus santi sunt ipse
237 951 1082 999 delectationes, quas homo consequitur ex talibus actibus
232 994 389 1047 donorum,
276 1024 1078 1075 Aliqui tamen doctores dicunt omnia ista esse habitus
238 1068 1082 1117 distinctos, ita quod secundum eos in isto proposito sunt
231 1117 1052 1159 quattuor genera habituum per ordinem se habentium
231 1152 1091 1204 Primi habitus sunt virtutes, secundi sunt dona tertij sunt
247 1190 770 1244 reatitudines, & quarti sunt fructus.
272 1224 1080 1280 Alii vero dicunt, quod omnia ista sunt vnus habitus se
227 1268 1076 1312 cundum rem habent tamen aliud; & aliud nomen, secun¬
235 1309 1052 1356 dum quod ipso magis, vel minus nobiliter operamur.
232 1340 1074 1390 Dicitur enim talis habitus virtus, prout ipso operamus
239 1380 1079 1429 bene, & virtuose: donum prout ipso operamur faciliter,
230 1426 1082 1470 & expedite: beatitudo, prout ipso operamur perfecte; &
238 1460 1086 1519 fructus, prout ipso operamur iucunde. lstarum autem opi
228 1499 1083 1560 nionumnon vidi aliqua motiua: ideo earum improbatio¬
228 1540 918 1602 nibus adpraesens causa breuitatis non insisto,
387 1620 960 1674 ARTICVLVS III.
232 1700 1076 1790 Vtrus,  piritus sancti dona vitam actiuam magis
384 1780 943 1836 quam contemplatiuam respiciant.
258 1851 1079 1923 SVANTVM ad tertium articulum dicendum, quod
358 1892 1076 1939 dona spiritus sancti principaliter, seu principa¬
237 1938 1078 1985 lius respiciunt vitam contemplatiuam, quam vitam
236 1982 361 2027 actiuam
258 2003 1085 2063 1 Quia quandocunque aliqui habitus respiciunt ali¬
239 2049 1087 2109 qua duo, sic tamen quod vnum respiciunt in ordine ad al
234 2088 1091 2149 terum, tunc illud, ad quod alterum ordinatur principali¬
244 2129 1081 2180 ter respiciunt: sed dona spiritus sancti respiciunt vitam a¬
236 2175 808 2222 ctiuam in ordine ad contemplatiuam.
253 2196 1085 2259 2 Praeterea, dona spiritus sancti principalius respiciunt
232 2248 1078 2300 illam vitam, quae manet in patria, quam illam, quae finitur in via
237 2286 1088 2344 sed vita contemplatiua manet in patria, & vita actiua fini
249 2335 391 2384 tur in via.
251 2365 1075 2413 Forte dicetur, quod ista ratio arguit oppositum illius
242 2416 1084 2465 quod intendit; Quia plura dona spiritus sancti non ma
239 2446 1088 2495 nent in patria: ergo dona spiritus sancti non respiciunt
248 2482 1079 2543 principaliter illud, quod manet in patria. Patet conse¬
240 2521 1085 2583 quentia. Probatur ans: quia in patria non videtur mane
248 2573 1090 2614 re timor, cum nihil sit ibi formidabile, nec pietas: quia
240 2598 1082 2653 ibi nullum poterimus egentem inuenire: nec scientia: quia
243 2643 1091 2691 ibi non est peruersa natio, a qua per donum scientiae prae
245 2681 1084 2737 seruemur immaculati; nec fortitudo, cum ibi nullum sit
249 2720 1085 2769 mortis periculum; nec consilium: quia quilibet eorum
250 2758 1066 2812 habet certam notitiam omnium ad ipsum spectantium
267 2795 1090 2851 2 Praeterea, illam vitam principalius respiciunt dona
243 2836 1088 2901 spiritus sancti, quam plura dona respiciunt: sed omnia
253 2883 1084 2933 ista 7. dona iam annumerata respiciunt vitam actiuam
246 2923 379 2979 ergo &c.
273 2950 1084 3006 Ad primum nego antecedens: quia si illud, quod mi
261 2991 1097 3045 nus videtur inesse, inest, & illud, quod magis: sed minus
259 3030 1091 3084 videtur, quod timor remaneat, & tamen manet, iuxta il¬
251 3071 1094 3127 lud Psal. Timor Domini sanctus permanet in seculum,
250 3118 359 3182 seculi.
1156 274 1989 332 Forte iterum dicetur, si timor manet in patria, aut ha¬
1122 332 1976 381 erit timor seruilis, aut filialis. Non primus, eo quod fit
1123 370 1979 411 sine caritate, & timet poenam. illi autem sunt pleni cari¬
1128 407 1958 456 tate, & nullam timent poenam. Nec secundus: quia timo¬
1120 446 1970 494 re filiali timetur separatio a dilecto: sed beati sunt secu¬
1123 487 1968 531 ri, quod numquam separabuntur a Deo dilecto: ergo &c.
1155 526 1965 572 Dicendum, quod timor seruilis non manet in patria,
1116 564 1974 617 nec in iusto viatore, quamuis enim sit donum spiritus san
1119 605 1973 649 cti secundum quod omnis gratia gratis data dispones ad
1122 641 1976 690 gratiam gratum facientem, potest dici donum spiritus)
1126 682 1963 730 ancti: tamen est donum imperfectum non ratione dantis;
1119 721 1970 762 sed propter indispositionem recipientis. Timor autem fi-
1127 759 1970 808 lialis habet duos actus. Vnus est separationis formidatio
1119 802 1971 852 a dilecto. Secundus est exhibitio reuerentiae ipsi dilecto.
1132 839 1978 885 Quantum ad primum actum cessat in patria: sed quantum
1115 885 1970 929 ad secundum manet efficacisuime in ea: quia beati pro
1115 915 1967 968 toto posse suo honorem, & reuerentiam exhibent ipsi
1122 954 1852 1004 Deo, prout patet in multis locis sacrae scripturae.
1161 993 1961 1046 Forte dicetur adhuc, quod hic contradicam praeceden
1127 1031 1964 1076 tibus: quia in 1. art. istius quaest. dixi, quod timor serui¬
1122 1071 1983 1114 lis est ex dilectione, qua homo inordinate diligit se ipsu:
1130 1112 1976 1160 sed timor filialis est ex dilectione, qua homo ordinate di
1132 1153 1960 1197 ligit Deum: hic autem dico, quod ambo isti timores
1130 1187 1409 1240 sunt a spiritu sancto
1177 1220 1970 1277 espondeo, quod sunt a spiritu sancto effectiue, a di¬
1135 1268 1973 1313 ectionibus vero superius dictis dispositiue: Sunt enim
1123 1302 1968 1350 illae dilectiones istorum timorum causa dispositiua in¬
1130 1344 1970 1390 ductiue, & conseruatiue. Inductiue quidem: quia iuxta
1127 1392 1963 1436 affectionem secundum tales dilectiones spiritus sanctus
1126 1421 1973 1470 inducit tales timores. Et conseruatiuc: quia quandiu ma
1131 1469 1913 1517 nent tales dilectiones, tandiu manent tales timores.
1164 1493 1973 1548 Redeundo igitur ad propositum dico, quod omnia. 7.
1128 1541 1963 1588 dona spiritus sancti manent in patria, etsi non semper se¬
1135 1582 1973 1629 cundum quemlibet sui actum: tamen secundum habitum,
1129 1620 1598 1670 & secundum aliquem sui actum
1174 1655 1965 1703 Ad secundum dicendum, quod licet plura dona respi¬
1125 1700 1969 1743 ciant vitam actiuam immediate: tamen principaliora do¬
1132 1738 1967 1783 na, puta, sapientia, & intellectus respiciunt vitam con¬
1122 1780 1979 1827 templatiuam immediate: Etiam illa, que respiciunt vitam
1128 1818 1957 1861 actiuam, saltem mediate respiciunt vitam contemplati
1128 1857 1964 1903 uam, eo quod operatio ordinetur ad speculari, & per con
1125 1897 1964 1953 sequens vita actiua ad comtemplatiuam, vt patet t. me¬
1135 1929 1475 1991 taph. & 1o. ethicorum.
1249 2012 1850 2095 ARTICVLVS IIII
1284 2091 1832 2178 Vtrum virtutes morales in patria
1452 2163 1655 2219 permaneant.
1208 2245 1961 2294 VANTVM ad quartum articulum pono duas con¬
1230 2291 1975 2339 clusiones. Prima conclusio est, quod vita bono
1128 2329 1972 2373 rum hominum bene diuitur in vitam actiuam, & con¬
1130 2367 1334 2417 templatiuam.
1205 2406 1966 2460 uia secundum philosoph. 9. eth. vita vniuscuiusque
1137 2444 1967 2493 hominis videtur esse in eo, in quo maxime delectatur, &
1140 2491 1976 2537 cui principaliter intendit: sed omnes homines iusti, aut
1139 2523 1980 2574 principaliter intendunt exterioribus operationibus, vel
1139 2564 1984 2607 supernis contemplationibus. Vita autem contemplatiua
1143 2603 1976 2648 insistit contemplationibus. luxta quod ait lsi in lib sum
1133 2642 1975 2686 bo. Contemplatiua vita renuncians mundo soli Deo vi¬
1140 2680 1970 2730 uere delectatur. Actiua vero insistit actionibus luxta
1140 2731 1980 2770 quod ait idem lsi. in lib differentiarum. Actiua vita est,
1145 2767 1982 2816 quae in operibus iustitiae, & proximi vtilitate versatur.
1150 2797 1977 2849 Contemplatiua autem, quae vacans ab omni negocio in
1140 2837 1975 2879 sola Dei dilectione defigitur. Vna in opere bonae conuer¬
1140 2875 1980 2918 uersationis, altera in contemplatione immutabilis veri¬
1143 2914 1977 2971 tatis: ergo vita iustorum hominum fufficienter diuiditur
1145 2958 1696 3000 in vitam actiuam, & contemplatiuam
1182 2994 1976 3047 Secunda conclusio est, quod vita contemplatiua excel
1140 3033 1556 3084 lentior est, quam vita actiua
1161 3069 1972 3113 1 Quta illa vita est excellentior, que versatur imme¬
1144 3107 1985 3168 diate circa nobilius obiectum: contemplatiua est huius¬
