2400 3519
421 261 1258 322 vero generans, & Sol etiam sunt causae hominis geniti;
426 301 1255 355 quia homo generat hominem, & Sol, vt dicitur. 2. physi
429 346 1265 390 ambo sunt causae instrumentales respectu Dei, cum sint
414 386 1262 434 causae secundariae respectu eius: attamen non producunt
423 426 1265 468 animam rationalem, quamuis perfecte disponant mate¬
417 463 1256 508 riam, seu corpus humanum ad suscipiendum eam :ldec
415 492 1256 547 homo generans, & Sol in generatione hominis non at¬
413 531 1256 587 tingunt effectum principalis agentis productiue: sed solum
423 571 1269 623 dispositue. Huiusmodi autem causa, scilicet instrumen¬
423 617 1259 667 talis dispositiua potest adhuc subdiuidi: quia quando¬
415 652 1252 701 que effectus dispositiuus immediate recipitur in subie
419 700 1262 751 cto perfectibili effectu principalis agentis, ad cuius rece¬
416 736 1269 790 ptionem disponit, & tunc habilitat subiectum ex natura
419 770 1257 818 rei ad suscipiendum effectum principalis agentis. Quan¬
407 814 1269 862 doque vero effectus dispositiuus non recipitur immedia¬
416 852 1265 900 te in subiecto perfectibili effectu principalis agentis, nec
419 888 1262 943 habilitat subiectum ad recipiendum effectum principalis
416 924 1271 978 agentis ex natura ret; sed tantummodo ex institutione,
420 979 1267 1021 seu ordinatione Dei. Primo modo lsaac per actum na¬
417 1008 1269 1064 turalis generationis erat causa animarum Esau, & lacob,
425 1055 1264 1100 quos genuit ei Rebecca. Secundo modo idem lsaac por
429 1091 1268 1134 preces suas erat causa earundem animarum: Nam cum
416 1129 1256 1174 Rebecca sterilis esset, ad preces ipsius lsaac sterilitas Re¬
416 1171 1271 1219 beccae virtute diuina fuit ablata, & foecunditas ei commu
417 1209 1271 1256 nicata, iuxta illud Qen: Deprecatusque est lsaac domi¬
422 1237 1271 1296 num pro vxore sua, eo quod sterilis esset, qui exaudiuit
417 1281 950 1332 eum, & dedit conceptum Nebeccae
423 1316 1256 1375 His praemissis pono quattuor conclusiones, quarum
413 1368 1153 1406 tres primae erunt negatiuae, & quarta affirmatiua:
462 1398 1265 1448 Conclusio prima est, quod sacramenta nouae legis non
431 1436 1258 1489 possunt esse causa principalis gratiae. Quia illud, quod ess
414 1482 1264 1533 proprium solius Dei, hoc non potest communicari sacra¬
407 1519 1256 1567 mentis: sed esse causam principalem gratiae est proprium
413 1554 1256 1608 solius Dei : ergo &c. Maior est per se nota. Probatio mi-
429 1596 1258 1646 noris; quia illi conuenit proprie causare gratiam, cuius
426 1632 1269 1682 est impium iustificare, & remittere culpam, sed solius
420 1678 1264 1721 Dei est iustificare impiuma quia secundum Augustinum,
417 1709 1262 1762 Maius est miraculum imprum iustificare: quam coelum,
423 1755 1271 1803 & terram creare. Etiam solus Deus dimittit peccata, iux¬
428 1786 1268 1846 ta quod ait Deus per lsaiam. Ego sum ipse, qui deleo ini¬
420 1825 1262 1888 quitates. Patet etiam maior istius probationis, quia nec
423 1868 1259 1918 peccatum deletur, nec impius iustificatur, nisi gratia sibi
426 1908 1268 1960 conferatur. Et confirmatur auctoritate prophetae, qui ait
450 1943 1130 2006 psal. 38. Oratiam, & gloriam dabit dominus
465 1980 1266 2042 pecunda conclusio est, quod sacramenta non sunt cau¬
413 2022 1271 2077 sa gratiae instrumentalis talis, cuius actio attingit esfectu
426 2066 884 2127 principalis agentis productiue¬
528 2093 1256 2163 uia illud, cui repugnat virtus creatiua, hoc non
428 2149 1258 2192 potest attingere productiue huc effectum, qui est gratia:
421 2181 1266 2241 sed virtus creandi repugnat sacramentis. Maior patet. quia
420 2221 1253 2277 tantummodo per actum creationis gratia est producibi
426 2264 1100 2323 is. Minor probata est superius, dist. 1. q4. 1. ar. 1.
492 2288 1263 2355 Praeterea, nullum corporale est per se productiuum
416 2348 1265 2397 realis effectus, qui est simpliciter spiritualis, sed sacramen
423 2372 1250 2433 ta sunt res corporales, gratia est effectus realis simplici¬
426 2423 1256 2475 ter spiritualis: ergo &c. Maior patet, quia agens corpora¬
414 2453 1253 2517 le non potest aliquid producere nisi ipsum educat de po¬
422 2493 1252 2554 tentia materiae, sed effectus realis simpliciter spiritualis
420 2538 983 2591 non potest educi de potentia materiae.
462 2576 1253 2629 corte dicetur contra maiorem, quod coloratum cor¬
432 2620 1255 2667 us producit a se speciem sensibilem, quae est effectus
407 2659 566 2718 spiritualis.
432 2702 1261 2743 2 Item phantalma est quid corporale: tamen pro¬
414 2732 1259 2783 ducit in intellectu possibili speciem intelligibilem; & si
414 2772 1216 2829 dicitur, quod hoc facit in virtute intellectus agentis:
409 2807 1262 2861 Dicet aduersarius, quod eodem modo sacramenta, li¬
411 2846 1251 2899 cet virtute propria non possint esse gratiae productiua; ta¬
426 2902 1258 2945 men in virtute diuina hoc possunt; Nihil enim repugnat,
414 2929 1259 2984 quin causa instrumentalis in virtute principalis agentis
429 2972 885 3023 ossit agere vltra suam speciem
453 3004 1251 3060 Respondeo ad primum, quod species deriuata a eorpo
412 3045 1250 3100 re colorato non est effectus realis; sed intentionalis. Ei
415 3077 1263 3141 eodem modo dicendum ad secundum de specie intelligi
1320 243 2156 303 ili. Et ideo istae instantiae non sunt contra illam maiorem,
1313 290 2169 349 quia illa maior loquitur de effectu reali: hic autem argui
1320 331 2165 381 tur de effectu intentionali. Et cum additur, quod nihil
1322 373 2150 421 epugnat, quin causa instrumentalis &c. Respondeo, quai
1307 413 2157 465 licet aliqua possit causa instrumentalis in virtute causae
1322 456 2159 503 principalis, quae non potest in virtute propria: tamen
1307 485 2166 541 nulla virtute potest illud, quod implicat contradictionem:
1314 528 2166 575 sed quod ipsa creatura productiue se habeat respectu il¬
1310 567 2163 618 lius, quod per solam creationem est producibile, hoc im¬
1326 605 2157 652 licat contradictionem, vt patet ex dictis in 2. quaestione
1318 647 2169 701 istius libri: Sacramenta autem sunt creaturae & gratia non
1320 687 1856 738 est generabilis, sed solum creabilis.
1325 732 2164 775 3 Praeterea, si sacramenta essent causa productiua gra
1316 768 2155 821 tiae, aut essent causa vniuoca, aut aequiuoca. Non vniuo¬
1315 804 2160 853 ca: quia illa est eiusdem speciei cum effectu, sed sacramen¬
1311 842 2169 891 ta, & gratia differunt genere. Nec aequiuoca; quia causa
1326 885 2165 929 equiuoca est nobilior suo effectu: Et ideo licet spirituale
1322 921 2164 980 possit esse causa aequiuoca rei corporalis; tamen econuer
1311 963 1601 1019 so fieri non potest.
1314 1000 2156 1049 4 Praeterea, bern. in sermone de cena domini ait. Si-
1316 1039 2152 1085 cut inuestitur Canonicus per librum, Abbas per baculum
1320 1077 2169 1137 Episcopus per anulum, sic diuisiones gratiarum traditae
1317 1119 2165 1168 sunt sacramentis, sed illa non sunt causae productiuae eo¬
1311 1157 2009 1213 rum, quae per inuestituram habentur: ergo &c
1330 1204 2157 1249 3 Praeterea, si sacramenta attingerent productiue gra
1317 1235 2164 1283 tiam, tunc inducerent gratiam ab extra, vel educerent ea
1314 1279 2150 1325 ab intra de potentia subiecti. Non primo modo, quia tunt
1316 1314 2161 1366 crearent gratiam, propter hoc enim anima rationalis crea¬
1310 1354 2159 1406 tur, quia ab extra inducitur. Nec secundo modo, quia si
1313 1394 2158 1447 gratia educeretur de potentia subiecti, tunc gratia es¬
1313 1441 2158 1484 set connaturalis animae, quod est inconueniens diceres
1314 1479 1443 1526 ergo &c.
1328 1512 2158 1562 Sed contra istam conclusionem est quaedam antiqua
1313 1559 2146 1601 opinio, quam etiam aliqui moderni tenent, quae ponit
1329 1588 2160 1634 uod sacramenta nouae legis sint causa per se productiua
1317 1635 1706 1686 gratiae. Et hoc probant sic¬
1322 1677 2155 1720 1 Ab omnibus conceditur, quod sacramenca nouae
1314 1706 2149 1757 legis sint causa gratiae per se: illa autem causalitas non po
1308 1753 2152 1798 test esse in genere causae finalis, formalis vel materialis: es
1320 1786 2163 1841 go per sufficientem diuisionem erit in genere causae effi¬
1309 1838 2162 1878 cientis, sed illud, quod est per se causa efficiens alicuius
1312 1873 2044 1918 effectus, illud producit talem effectum : ergo &c.
1329 1910 2152 1954 2 Praeterea, si aliquid obstaret hoc maxime videretur
1327 1953 2152 1994 ro tanto, quia sacramenta sunt res corporales. gratia ve
1318 1981 2156 2033 ro res spiritualis. Sed hoc non obstat, quia potior est re¬
1316 2021 2150 2078 generatio hominis ad bonum, quam generatio hommis
1318 2064 2152 2116 id malum: sed mediante re corporali, puta, mediante se
1314 2113 2161 2157 mine peccatum originale, quod est defectus spiritualis,
1315 2146 2156 2186 transfunditur in generatione hominis: ergo in regenera¬
1316 2184 2164 2228 tione hominis mediante corporali sacramento poterit
1320 2218 1993 2272 ransfundi gratia, quae est spiritualis perfectio.
1351 2255 2158 2309 Et confirmatur, quia secundum Ansel. in lib de con¬
1305 2306 2152 2347 ceptione virginali, si primus Adam non pecasset, tunc iu¬
1308 2342 2153 2386 stitiam suam originalem in filios suos trasfudisset, & hoc
1313 2386 2153 2426 mediante re corporali, scilicet mediante semine: ergo
1308 2420 2153 2473 multo magis secundus Adam, scilicet Christus mediante
1307 2465 2036 2508 corporali sacramento transfundet ipsam gratiam
1344 2497 2154 2545 Confirmatur hoc idem secundo sic. Quamuis scientia
1313 2531 2143 2584 sit prectio spiritualis: tamen acquiritur in discipulo per verba
1304 2571 2149 2621 doctoris, quae tamen verba sunt res corporales: ergo &c
1325 2616 2143 2652 Praeterea, si sacramenta nouae legis non attingereni
1307 2651 2140 2702 gratiam productiue; tunc respectu gratiae solummodo
1321 2695 2143 2742 ssent causa sine qua non Consequentia patet. Probatur
1308 2731 2143 2780 salsitas consequentis, quia tunc nulla maior dignitas com¬
1322 2773 2138 2821 eteret sacramentis nouae legis, quam sacramentis veteris le¬
1317 2810 2141 2859 is: Nam ipsa circumcisio fuit causa sine qua non gratiae, &
1307 2858 2140 2899 salutis: quia in Sen. dicit dominus. Anima, cuius praeputi
1308 2889 2140 2931 caro circucisa non fuerit, peribit de populo suo: quia pa¬
1311 2927 2156 2978 ctum meum irritum fecit: ergo &c. Et confirmatur: quia
1314 2970 2155 3015 llud, quod est per accidens, non ponitur in diffinitione
1314 3006 2150 3056 tei, sed esse causam gratiae ponitur indiffinitione sacramen
1301 3042 2141 3087 ti nouae legis, Vt patuit superius distin. 1. Causalitas vero
1302 3082 2144 3148 sine qua non est causalitas per accidens: ergo sacramenta no¬
