2384 3557
206 273 1064 335 haereticorum, qui negare videbantur vtilitatem sacramen
224 323 737 366 torum. Primo in vniuersali sic.
262 356 1057 410 lllud non est vtile hominibus, per quod via salutis
223 391 1058 440 ipsis restringitur, & arctatur : sacramenta sunt huiusmo¬
226 439 1067 491 di. Maior patet. Probatur: minor: quia quanto plura sunt
223 474 1067 529 sacramenta de necessitate salutis existentia, tanto pluri¬
216 518 1062 571 bus indigemus ad consequendam salutem, & per conse¬
229 559 990 610 quens ipsam difficilius habebimus, siue obtinemus
229 599 1055 643 2 Praeterea, illud, per quod datur hominibus occasit
226 627 1053 683 idolatrandi, hoc in nulla lege debet institui: sed sacra
223 681 1062 728 menta videntur esse materia idolatriae. Maior patet. Pro
226 711 1053 768 batur minor: quia ex hoc, quod spiritualis gratia dici
222 754 1060 795 tur contineri sub corporalibus sacramentis, potest aliqui
225 795 1048 832 credere, quod in rebus corporalibus sit aliquid numinis, vt
225 830 1062 882 deitatis, & hoc semp fuit hominibus occasio idolatrandi¬
241 870 1061 915 3 Praeterea, maioris vel saltem non minoris virtutis
225 898 1059 950 est creaturam destructam per peccatum recreare, quam
225 943 1058 999 a principio creare: sed tanta requiritur virtus in creatio¬
216 989 1070 1035 ne, quod non est communicabilis creaturae : ergo nec
224 1028 1064 1071 virtus recreationis, & per consequens ipse Deus medici¬
221 1071 1053 1116 nam recreationis non infundet ipsis hominibus recrean
217 1104 1060 1145 dis mediantibus sacramentis, sed immediate per se ipsum
228 1140 1060 1185 Maior patet per Augustinum, qui ait, quod non est mi-
223 1179 1066 1227 nus difficile impium iustificare, quam coelum, & terram
225 1226 1071 1272 creare: minor patet per ea, quae dicta sunt in praecedenti
240 1255 500 1312 uaestione artic. 1.
244 1289 1067 1348 4 Praeterea, frustra fit per plura, quod potest fieri per
232 1341 1060 1381 pauciora, vt dicitur 1. physicorum: sed per solam fidem
220 1386 1063 1428 & obseruantiam praeceptorum poterat saluari homo: er-
225 1424 1065 1469 go tot sacramentorum institutio videtur esse frustra: sed
216 1443 1068 1505 Deus, & natura nihil agunt frustra, vt dicitur primo coeli,
229 1495 1074 1552 & mundi: ergo non videtur, quod Deus instituerit aliqua
219 1532 403 1581 sacramenta.
222 1543 1054 1623 3 Praeterea, medicina debet esse morbo proportiona
222 1615 1064 1666 ta: sed morbus animae humanae est spiritualis: ergo eius
226 1654 1070 1703 medicina non debet dari in sacramento corporali. Maior
231 1695 1064 1745 patet per Cssiodorum in libro variorum, vbi loquens
222 1736 1069 1780 de medicina vitiorum, ait, varium poscit remedium di¬
235 1777 1074 1816 uersa qualitas passionum. Minor etiam patet de se.
246 1810 1067 1856 e Praeterea, illud, quod non dictat ratio naturalis, hoc
235 1848 1075 1900 non est ponendum in statu legis naturae : sed esse aliqua
228 1889 1070 1942 sacramenta non dictat ratio naturalis: ergo specialiter in
229 1929 873 1977 lege naturae non fuerunt aliqua sacramenta
246 1967 1060 2018 3 Praeterea, illud, quod est naturale apud omnes, de
222 1997 1068 2047 bet esse idem, & eodem modo: ergo si tempore legis na¬
231 2051 1079 2094 turae fuissent aliqua sacramenta, illa non fuissent mutata:
216 2084 811 2147 sed adhuc essent penitus obseruanda
260 2125 1060 2173 Ad primum dicendum, quod bonus viator libenter si
218 2167 1073 2206 stinet viae arctitudinem, dummodo via arcta sit multo
229 2212 1062 2255 breuior, quam via lata: sed sacramenta legis Euangelica
218 2244 1071 2291 intantum viam abbreuiant, quod eorum deuoti cultores
228 2291 1060 2333 post mortem temporalem immediate ad coelum euolant
228 2322 1062 2371 quod non potuerunt facere sactamenta legis naturae, ne
220 2359 1064 2404 legis Mosaicae: quia ianua regni semper mansit clausa, do¬
234 2408 1071 2457 nec sacramenta vigorem acceperunt ex aqua, & sangui¬
225 2437 888 2488 ne, quae fluxerunt de latere crucifixi.
264 2477 1077 2527 Ad secundum, nego minorem. Ad probationem dicen
229 2520 1073 2568 dum, quod eo ipso, quo aliquid dicitur gratia, tunc non
240 2557 1066 2610 lebet aestimari esse aliquid numinis, vel deitatis essen¬
228 2599 1065 2648 tialiter: quia deitas non est gratia, seu accidens spiritua¬
238 2634 1077 2677 se: sed est praecellentissima natura: & ideo praedicando
228 2673 1063 2724 sacramenta, non datur materia idolatrandi, sed vere ado
231 2712 1085 2764 tandi, quia datur intelligi, quod Deus sit adorandus, qui
237 2756 1085 2804 per suam misericordiam mediantibus sactamentis tribuit
236 2790 622 2844 gratiam suam hominibus
228 2831 1072 2876 Ad tertium dicendum, quod quamuis aequalis virtus
241 2868 1080 2915 requiratur in creatione, & in recreatione: tamen disposi¬
231 2915 1072 2956 tiue in vtroque creatura potest (cooperari creatori: homo
231 2951 1082 3000 enim disponit faetum ad animae rationalis susceptionem,
245 2991 1084 3038 quam tamen Deus creat per seipsum; sic etiam multa sunt,
249 3032 1085 3078 uae hominem disponere possunt quo ad recreationem.
242 3070 980 3117 quamuis solus Deus ipsum recreet per s eisum
267 3102 1076 3166 Ad quartum dicendum, quod licet frustra fiat per plu¬
1110 260 1952 335 ra, quod aeque hene fieri potest per pauciora: tamen si non
1103 322 1952 364 aeque bene, tunc non fit frustra per plura: sed sine sacra¬
1110 364 1958 407 mentis quamuis Deus possit, vel poterat saluare homi¬
1106 401 1958 445 nem: tamen ex parte hominis non erat tanta congruitas
1105 440 1955 492 ad salutem sine sacramentis, sicut cum sacramentis, vt pa¬
1115 482 1582 527 tet ex praecedentibus: ideo &c
1148 503 1958 567 Ad quintum dicendum, quod licet morbus animae sit
1108 552 1951 612 spiritualis: tamen morbidus, scilicet spiritus hominis,
1110 601 1952 649 existit in corpore: ideo congruum esse videtur, quod
1117 641 1947 689 quamuis eius medicina sit spiritualis, puta, gratia sacra¬
1122 674 1958 732 mentalis; tamen ministretur infirmo mediante corporali
1108 716 1310 767 sacramento.
1115 747 1957 796 Ad sextum nego maiorem: quia eo ipso, quod natura
1117 796 1946 837 in tantum fuit corrupta, quod non poterat via naturali
1110 832 1949 881 sanari: ideo necesse fuit talia a Deo poni remedia, quae
1119 870 1706 917 excederent dictamen rationis naturalis.
1116 910 1942 960 Ad septimum dicendum, quod sacramentum matri
1105 952 1947 992 monii, & sacramentum poenitentiae aliquo modo fuerunt
1122 993 1950 1033 tempore legis naturae, & semper manserunt, & manero
1107 1031 1946 1076 debent in omni lege ordinata: sacramenta vero sacrificio¬
1117 1069 1951 1114 rum, in quibus fides, & deuotio, quam habuerunt boni
1120 1108 1962 1151 homines ad Deum, declarabatur tempore legis naturae,
1110 1142 1958 1191 quamuis essent necessaria: tamen quo ad materiam, &
1118 1195 1955 1237 modum offerendi fuerunt voluntaria, & mutabilia, eo
1120 1224 1952 1277 quod tempore legis naturae homines non habuerunt de¬
1116 1260 1959 1311 terminationem materie, & modi illorum sacrificiorum
1128 1305 1940 1351 er aliquod diuinum praeceptum: sufficiebat igitur ho
1110 1339 1954 1384 minibus degentibus sub lege naturae sacramentum fidei
1110 1379 1952 1424 demostratum in sacrificiis, pro deletione orioinalis pec¬
1107 1409 1957 1462 cati, & sacramentum poenitentiae ad delendum actuale
1125 1458 1948 1509 peccatum, ac sacramentum matrimonim pro humanae spo
1119 1495 1964 1539 ciei conseruatione, ac electorum multiplicatione.
1112 1532 1952 1580 Tertia conclusio est, quod in statu patriae nec est neces
1111 1573 1955 1624 sarium, nec congruum esse aliquod sacramentum, loquen¬
1119 1615 1949 1662 do de sacramentis eo modo, quo hucusque locuti sumus
1119 1652 1961 1702 Quia vbi est persecta sanitas cum impossibilitate alituius
1126 1693 1958 1736 nfirmitatis, ibi nulla est opportunitas medicinae: sed in
1134 1730 1964 1779 atria est tanta sanitas spiritualis, quod impossibilis est
1119 1776 1958 1820 ibi esse aliqua infirmitas: ergo non est congruum ibi esse
1121 1808 1964 1870 aliquod sacramentum, cum sactamentum sit languentis
1111 1849 1371 1901 animae medicina
1248 1933 1830 1991 ARTICVLVS III
1194 1995 1888 2085 De eorum ex quibus consistunt sacramenta
1427 2066 1641 2130 explicatione
1203 2137 1958 2208 VANTVM ad tertium articulum principale di¬
1119 2203 1960 2249 Tcendum, quod quamuis commune sit omnibus sa
1121 2240 1948 2289 cramentis consistere in aliquibus rebus sensibilibus gra¬
1119 2281 1958 2333 tiam Dei significantibus: tamen speciale est sacramentis
1117 2321 1955 2364 nouae legis, vt consistant in verbis, & rebus, vt ait Magister
1122 2363 1966 2406 in littera. Taliter enim debebant institui sacramenta no¬
1129 2400 1956 2446 uae segis, Vt non solum gratiam significarent : verum etiam
1131 2440 1958 2490 personam Saluatoris repraesentarent, ex cuius passione
1128 2477 1960 2523 habent efficaciam respectu gratiae, quam omnes recipiunt,
1123 2518 1968 2558 qui rite percipiunt huiusmodi sacramenta: sed in persona
1118 2556 1958 2597 Saluatoris verbum aeternum fuit, & est vnitum sensibili
1122 2593 1968 2645 corpori: ergo & sacramenta debent consistere in verbis,
1125 2632 1622 2687 & corporalibus rebus sensibilibus
1155 2667 1964 2721 Forte dicetur, quod sacramenta poenitentiae, & ma¬
1129 2711 1959 2759 trimonii sunt de noua lege: tamen possunt esse sinc
1128 2753 1219 2797 verbis
1170 2759 1954 2841 Respondeo, quod illa duo sacramenta non funt praecis
1124 2833 1963 2882 de noua lege: habuerunt enim esse tam in lege naturae,
1136 2866 1963 2916 quam etiam iu Mosaica lege: Potest etiam dici, quod ista
1130 2906 1970 2949 duo sacramenta secundum quod habent esse in lege fuan¬
1140 2952 1957 3000 gelica, non sunt sine verbis, quamuis enim contritio, qua
1137 2991 1969 3032 est prima pars sacramenti poenitentiae, possit esse sinc ver¬
1137 3022 1964 3070 bis: tamen confessio, quae est secunda pars poenitentiae, no
1133 3062 1961 3106 cessario debet fieri per verba, si confitens potest loqui
1129 3107 1963 3159 vel debet, vti signis pro verbis, finequaquam potest loqui
