2396 3524
575 225 1152 299 ARTICVLVS lis.
496 274 1184 359 Vtrum circumcisio habuerit efficaciam ad
669 331 1040 407 conferendum gratiam.
506 413 1259 481 VANTVM ad tertium articulum est aduertendum
474 471 1274 524 4 veritas istius tertij articuli aliquo modo sequi
423 519 1264 554 tur corollarie ex dictis in secundo articulo: nam secun¬
426 550 1265 607 dum modum communem, quem a Deo quantum ad
422 581 1265 646 purgationem culparum credimus institutum: tunc a quo
423 626 1271 680 cumque Deus tollit culpam, eidem confert gratiam, quam
431 669 1264 722 uis oppositum facere possit de potentia absoluta: sed, sicus
428 703 1256 762 patuit in secundo articulo, tempore circumcisionis Deu
426 748 1264 800 ab ipsis circumcisis abstulit originalem culpam: ergo con
424 786 768 837 tulit eis gratiam.
423 824 1274 869 Sic autem dicendo sunt duae opiniones contra me. Vna,
425 866 1261 913 quae ponit, quod quamuis per circumcisionem ablata fut
423 911 1037 952 rit culpa: tamen nulla fuit collata gratia.
426 945 1270 993 1 Quia si sic: tunc sacramentum baptismi in nullo fuit
423 983 1264 1030 dignius, vel excellentius sacramento circumcisionis Con
431 1018 1270 1064 sequentia patet: quia per haptismum Deus non plus fa¬
427 1063 1270 1112 cit, nisi, quod baptixatis Deus aufert culpam, & confert
425 1100 601 1151 eis gratiam
425 1111 1261 1185 2 Praeterea, sacramentum tantummodo est causa il¬
426 1178 1271 1232 lius, cuius est signum: sed circumcisio est solummodo si¬
439 1226 1265 1271 gnum ablationis culpae: ergo quamuis abstulerit culpam
421 1265 990 1310 tamen non conferebat gratiam.
456 1296 1262 1345 3 Praeterea, glosa super epistolam ad Roma. 4. ait. In
424 1333 1270 1380 circumcisione tantum peccata remittebantur, & non gra
426 1374 602 1420 tia dabatur.
448 1402 1258 1457 4 Praeterea, pro tanto lex vetus dicitur littera occidem
426 1452 1265 1500 quia non conferebat gratiam: sed circumcisio fuit sacra¬
423 1490 903 1537 mentum veteris legis.
429 1531 1266 1578 Sed istud illud non valet: quia si circumcisus immunis
420 1568 1262 1613 fuisset a culpa: &tamen non habuisset gratiam: tunc si, fa¬
424 1609 1263 1658 cta circumcisione; ipse circumcisus fuisset mortuus, vel si¬
422 1649 1262 1690 ne gratia iuisset ad locum saluandorum, puta, ad sinum
427 1688 1264 1736 Abrahae, vel sine culpa descendisset ad infernum, quorum
430 1735 1271 1781 vtrumque est inconueniens, maxime loquendo de poten
426 1764 974 1818 tia Dei ordinata.
453 1803 1259 1854 Sunt igitur alij alterum extremum tonentes, qui ponuns
428 1855 1268 1900 quod nec de potentia Dei absoluta fieri possit; vt culpa
430 1882 1157 1925 ab anima tollatur, nisi ei gratia infundatur.
449 1922 1267 1964 1 Quia anima peccato maculata non potest fieri mun
430 1958 1268 2009 da de immunda, nisi aliqua mutatio fiat in ea: sed nec mo
421 2005 1262 2047 tus, nec mutatio, possunt terminari ad relationem, vt pa¬
431 2040 1264 2086 tet. 5. phy. ergo necessario talis mutatio terminatur ad
423 2084 1236 2127 aliquam formam absolutam, quae est gratia Dei.
459 2118 1266 2173 2 Praeterea, priuatio non potest tolli a subiecto, nisi
426 2160 1258 2206 ponatur habitus: sed deformitas peccati opponitur gra
438 2196 941 2249 iae: sicut priuatio habitui: ergo &c
441 2238 1270 2284 3 Praeterea, tenebra non potest tolli, nisiper infusio¬
426 2279 1267 2328 nem lucis: sed culpa opponitur gratiae, sicut tenebra luci:
435 2313 642 2374 ergo &c.
464 2361 1259 2401 4 Praeterea, impossibile est, quod aliquis non acceptu
429 2395 1272 2441 Deo fiat ei acceptus, seu gratus, nisi ei gratia conferatur:
423 2433 1255 2476 sed si peccatum dimittitur: tunc Deus placatur, & pecca
435 2472 1263 2523 por reconciliatur, & pr consequens Deo acceptus efficitur
453 2513 1261 2560 5 Praeterea, impossibile est aliquem esse amicum Deu
428 2551 1256 2601 sine gratia: sed per remissionem peccati ille, qui fuit ini
423 2595 1256 2639 micus Dei, factus est amicus: ergo &c.
467 2630 1262 2675 lsta opinio quamuis sit antiquae:tamen doctor commu
422 2671 1265 2723 nis videtur eam tenere scripto quarto. dist. 1 que4 arti.s.
418 2707 1262 2750 de materia circumcisionis, vbi sic ait. Quod mordinatio
417 2748 1266 2789 culpae tollatur, hoc fieri non potest sine gratia. Et infra eo
416 2787 1256 2835 dem articulo ait. Nisi circumcisio gratiam conferret: tum.
424 2826 998 2866 nullo modo culpam tolleret.
461 2863 1005 2911 Sed nec ista opinio videtur esse vera
464 2905 1260 2944 1 Quia quandocumque aliquae duae perfectiones re¬
419 2945 1264 2988 pugnant vni, & eidem defectui, quarum quaelibet per se
430 2987 1260 3031 posita in subiecto sufficienter excludit huiusmodi defe¬
413 3023 1261 3074 ctum, si ex huiusmodi defectus exclusione praecise argui¬
420 3059 1271 3109 tur, & determinate posito vnius illarum perfectionum:
1305 215 2160 284 tunc committitur fallacia consequentis, eo quod ad posi
1306 274 2156 315 tionem alterius perfectionis talis deffectus sufficienter
1311 316 2144 365 poterat excludi: sed sola rectitudo naturalis, in qua Deus
1310 353 2153 401 primo facit hominem, sine gratia sufficienter, excludit
1309 390 2157 433 culpam: quia impossibile est esse talem rectitudinem in
1311 428 2158 476 anima simul cum ipsa culpa: Etiam gratia sine tali rectitu
1310 468 2146 520 dine formaliter posita excludit defectum culpae, vt patet
1316 509 2150 561 in quolibet homine vere poenitente: ergo, loquendo do
1324 546 2162 590 potentia Dei absoluta, valde insufficienter arguunt isti
1321 584 2149 630 doctores positionem gratiae per exclusionem culpae
1308 625 2153 673 quia per solius naturalis rectitudinis restaurationem pos
1313 666 2156 712 set Deus ab homine omnem culpam sufficienter exclu¬
1314 703 2172 752 dere, etiam sine gratia. Et confirmatur quia si non posset
1308 740 2155 788 naturalis rectitudo restitui sine gratiatunc gratia esset na
1308 781 2159 828 turalis perfectio, Consequentia patet: nam illud est natu
1307 827 2158 875 rale, quod consequitur solam naturam secundum se: Fal¬
1307 861 2149 903 sitas etiam consequentis patet: quia tunc supernaturale
1311 906 1970 948 esset naturale, & gratia non esset gratia.
1333 932 2163 994 2 Praeterea, quicquid Deus potest distincte creare sia
1317 978 2159 1025 ne gratia, hoc si destructum fuerit, poterit Deus distincte
1315 1022 2150 1067 recreare sine gratia: sed Deus creauit naturalem rectitudi
1309 1058 2153 1109 nem hominis sine gratia, quae sufficienter exclusit ab eo
1309 1097 2153 1148 oem culpam, vt apparuit in Adam primo creato: ergo Deus
1317 1134 2147 1186 posset, si ipse vellet, eandem rectitudinem creare sine gra
1314 1174 2075 1218 tia, per quam ab hominc excluderetur omnis culpa
1318 1213 2172 1254 Forte dicetur, quod ista ratio non est contra istos: quia
1314 1253 2162 1306 ipsi ponunt, quod primus homo fuit creatus in gratia.
1330 1302 2156 1344 De isto non curo ad praesens quia hanc eorum opinio¬
1313 1332 2157 1375 nem impugnaui in 2. li dist. 4. arti. 2. & ibi rationibus eo
1309 1371 1520 1422 rum respondi¬
1323 1416 2154 1454 3 Praeterea, nihil eorum, quae contradictionem non
1320 1455 2151 1507 implicant, debemus denegare diuinae potentiae, sed Deum
1313 1491 2143 1537 remittere culpam, & non influere gratiam, non implicam
1314 1531 2162 1576 contradictionem, vt apparebit, cum rationibus istorum
1311 1568 1786 1622 doctorum respondebo: ergo &c.
1338 1607 2157 1653 Ad primum igitur primae opinionis nego consequen¬
1317 1648 2173 1703 tiam: quia quamuis Deus tam circumcisis, quam baptixa
1314 1687 2173 1738 tis contulerit gratiam: tamen haptixatis amplior confer
1309 1735 2153 1785 tur gratia: quia vt comuniter dicitur, gratia n baptismo
1311 1766 2150 1814 colata magis refrenat fomitem peccati, quam gratiaedata
1314 1803 2150 1856 in circumcisione. Etiam gratia baptismalis maxime poss
1309 1845 2156 1896 mortem Christi aperuit ianuam regni caelestis, quae tem¬
1323 1886 2147 1923 pore circumcisionis continue remansit clausa.
1354 1923 2160 1966 Ad secundum dicendum, quod licet sactamentum ali
1314 1960 2153 2013 quo modo sit causa illius, cuius est signum: tamen non
1310 2001 2147 2047 oportet, quod solum illius sit causa, vt apparet, discurren¬
1318 2041 1866 2084 do, in singulis sacramentis.
1325 2075 2154 2126 Ad tertium potest dici, quod glosa loquitur de gratia
1307 2122 2154 2164 superabundanti, prout ex virtute mortis Christi aperuit
1308 2157 1520 2208 sanuam regni¬
1329 2198 2159 2240 Ad quartum dicendum, quod lex dicitur littera occi¬
1311 2237 2162 2287 dens quantum ad ea, quae tepore legis sunt instituta, &
1308 2278 2160 2324 hoc non tangit circumcisionem: quia ipsa fuit instituta
1317 2316 1855 2371 ante legem, puta, tempore Abrahae.
1336 2354 2172 2408 Ad primum oppositae opinionis dicendum, quod con¬
1309 2393 2173 2441 cesso toto argumento non sequitur, quod illa forma ab¬i
1317 2433 2173 2486 soluta sit gratia Dei: sed posset esse originalis iustitia, in
1327 2472 2172 2523 qua fuit primus homo creatus, vel aliquod aliud donum
1321 2515 2172 2563 naturale, cum quo fuisset homini restituta sua naturalis;
1308 2554 2113 2597 rectitudo: Ideo committitur ibi fallacia consequentis.
1326 2589 2162 2648 Ad secundum nego minorem: quia deformitas pecca¬
1311 2633 2152 2676 ti originalis, de qua ad praesens loquimur, opponitur ori¬
1311 2670 2148 2720 ginali iustitiae, vt probaui in secundo libro: nam pecca¬
1317 2719 2157 2763 tum originale est carentia originalis iustitiae cum debito
1311 2748 1513 2793 habendi cam,
1345 2786 2147 2831 Ad terxium patet eodem modo: nam dato, quod pec¬
1304 2830 2159 2887 catum actuale opponatur gratiae: tamen peccatum origi
1305 2873 2150 2923 nale proprie opponitur originali iustitiae, & ideo sine gra
1308 2908 2157 2950 tia si sola poneretur originalis iustitia, necessario expelle¬
1312 2941 1637 2996 retur originalis culpa,
1344 2987 2154 3031 Ad quartum dicendum ad minorem, quod sicut vnus
1311 3016 2156 3071 homo, qui offendit alterum, potest ei bene reconciliari
1319 3069 2157 3127 praeter hoc, quo taliter sit acceptus, & gratus illi, cui recon¬
