2387 3516
396 198 1255 265 secundum sit effectus agentis primi: ideo effectus agentis
423 258 1251 300 ecundi praesupponendo agens secundum praesupponit efsi
414 299 1256 351 ctum agentis primi. Sed nec istud valet: Quia ratio non
418 338 1250 381 procedit de effectu primi agentis, qui est elicitiuus effe¬
423 371 1249 421 ctus secudi agentis: sed de taii, qui est receptiuus, quod pa¬
415 412 1259 460 tet ex forma rationis praedictae: quia sicut agens secudum
408 458 1253 506 actiue, seu quo ad actiuitatem suam praesupponit agens
414 491 1250 542 primum, sic effectus agentis secundi passiue praesupponi
404 529 760 587 effectum agentis primi¬
461 566 1250 616 Ad tertium negant antecedens: quia angelus cum nen
410 605 1254 655 habeat materiam partem sui: ideo agit se toto. Negant
409 652 1256 702 etiam consequentiam cum sua probatione: quia, vt dicunt,
415 692 1254 738 ad hoc vt aliquid producat totam rem, non est necesse, quod
406 727 1256 771 agat se toto: sed sufficit, quod eius virtus productiua vir¬
408 768 1117 818 tualiter contineat omne, quod est in producto.
453 800 1248 850 Sed isti, respondendo ad antecedens, assumunt falsum
408 843 1250 899 quia licet angelus non habeat materiam proprie dictam
405 889 1250 938 tamen secundum Pocthium angelus habet esse receptum in
408 926 1246 965 essentia : ergo habet in se aliquid potentiale: quia quae¬
405 961 1249 1007 libet intelligentia habet suum hyliachim, vt ait auctoi
414 997 1243 1050 de causis: ergo non est se toto actus, nec per consequen
411 1050 1243 1092 agit se toto. Etiam respondendo ad consequentiam suppo
405 1083 1248 1135 nunt falsum, scilicet quod virtus alicuius agentis secund
411 1119 1258 1174 virtualiter contineat omne, quod est in producto: quia
406 1157 1246 1206 si sic, tunc in tali productione agens secundum non de¬
420 1197 1249 1240 penderet ab aliquo agente superiori. Propter hoc enim
405 1241 1243 1288 agens primum in nullius rei productione dependet ab
413 1275 1249 1321 aliquo alio agente: quia virtus eius productiua virtuali¬
411 1314 1247 1360 ter comprehendit omne, quod est in quocumque ab ec
413 1357 553 1419 producto.
460 1386 1244 1446 Ad quartum negant consequentiam: quia si ex hoc, quo
409 1430 1247 1483 esse creaturae recipitur in aliquo, sequeretur necessario, quo
410 1477 1249 1520 actio eius praesopponat aliquid, in quo recipiatur, tumc per
399 1512 1246 1565 oppositum cum esse diuinum non recipiatur in aliquo, si
410 1549 1247 1605 queretur, quod actio Dei non reciperetur in aliquo: cuium
410 1589 920 1644 tamen oppositum saepius videmus
466 1620 1244 1671 ed nec istud valet. Quia dando istam instantiam ma¬
408 1670 1247 1718 nifeste isti committunt fallaciam consequentis: procedunt
412 1708 1256 1752 enim a destructione antecedentis ad destructionem con¬
404 1745 1247 1797 sequentis, sicut enim ad esse hominem sequitur esse ani¬
407 1788 1246 1833 mal: tamen formali consequentia non sequitur non es
410 1825 1256 1870 homo: ergo non est animal. Sic licet haec consequentia
407 1864 1249 1913 sit bona: omne quod habet esse receptum, illius actio
425 1908 1250 1956 iraesupponit aliquid, in quo recipiatur: tamen non sequitur
404 1943 1250 1992 Deus non habet esse receptum: ergo eius actio non reci¬
414 1978 1252 2026 pitur in aliquo: nam cum Deus sit agens omnipotens, non
408 2026 1247 2065 solum potest rem totam producere, in qua productionem
411 2062 1253 2110 actio eius non praesupponit aliquid: verum etiam ipse po
403 2102 1244 2147 test formam producere in materia praeiacente, & sic actis
405 2135 1247 2181 eius recipitur in materia non obstante, quodeius esse non
405 2175 986 2222 sit receptum sed simpliciter subsistens
429 2221 1253 2268 Ad quintum negant consequentiam cum sua probatio¬
407 2250 1249 2305 ne: quia si nulla actio praesupponens subiectum potess
418 2297 1244 2342 esse creatio: tunc actio, qua Deus producit gratiam, non
411 2338 1247 2383 esset creatio: quia talis actio praesupponit animam huma¬
408 2373 896 2425 nam, in qua recipitur.
438 2410 1252 2465 Sed nec istud valet: quia actio, qua Deus producit gra¬
418 2450 1244 2497 tiam, non praesupponit necessario ipsam animam: posset
412 2496 1241 2538 enim Deus vnica sua actione sinc omni praesuppositoni
418 2530 1244 2573 producere gratiam, & animam simul. Posset etiam Deus
406 2569 1244 2617 si vellet, gratiam, & quodcumque aliud accidens simpli¬
411 2605 1252 2660 citer absolutum producere sine omni subiecto: sed actio
415 2648 1257 2691 creaturae, vt est productiua cum, vt sic, vel sit motus, vel
402 2691 1244 2738 saltem terminus motus: ideo de necessitate praesuppo¬
408 2723 1245 2774 nit subiectum, in quo recipiatur: ideo non est simile de
409 2761 788 2816 actione Dei, & creaturae.
455 2800 1250 2850 Ad sextum dicunt, quod quamuis ex dictis Augustini
411 2845 1253 2888 bene habeatur, quod Angeli de facto non sint creatores:
412 2882 1245 2938 tamen ex dictis eius non habetur, quod non possit ei¬
410 2922 878 2966 communicari potentia creandi.¬
413 2956 1247 3008 Sed nec istud est verum: quia expressa videtur esse in¬
405 3006 1254 3053 tentio sancti Augustini, quod impossibile sit, Angelum
414 3038 1238 3103 posse creare. Dicit enim Augustinus s super Qen Crea
1305 204 2144 265 re naturam tam nullus Angelus potest, quam nec creare
1293 260 2159 305 seipsum: sed seipsum producere repugnat simoliciter tam
1298 299 2159 342 Deo, quam creaturae, vt patet per eundem Augustinum
1302 339 2159 396 primo de tri. Si igitur tam id est, tantum repugnat An¬
1299 380 2158 436 gelo creare, quam id est, quantum sibi repugnat, vt seip¬
1294 414 2159 469 sum producat: tunc clare patet secundum intentionem
1293 455 2146 500 Augustini, quod posse creare non est communicabile An
1301 502 1991 551 gelo, nec per consequens alicui purae creaturae
1341 530 2135 590 Nunc restat respodere rationibus istorum doctorum
1330 578 2142 621 Ad Primum ergo dicendum, quod maior non est vera:
1302 613 2129 660 quia productio omnis creaturae non adaequat Dei poten
1305 655 2140 700 tiam: ergo si productio cuiuslibet effectus non adaequan¬
1296 696 2129 740 tis primi agentis potentiam esset communicabilis secun
1292 732 2133 781 do agenti, scilicet, creaturae : tunc esset commuicabile
1298 774 2127 828 ipsi creaturae, quod seipsam produceret, quod est simpli
1292 816 2133 861 citer impossibile. Iterum deficit illa maior: quia licet ef
1301 844 2129 904 fectus non adaequet potentiam Dei, si tamen modus pro
1291 887 2139 945 ducendi effectum adaequat virtutem primi agentis, puta,
1299 929 2140 978 producero aliquid de nihilo : hoc emm, vt dictum est, re¬
1296 971 2132 1019 quirit infinitam potentiam, cuius creatura non est capax
1294 1011 2135 1068 tunc talis productio nequaquam potest communicari
1293 1042 1436 1090 creaturae.
1330 1081 2135 1141 Ad secundum nego minorem. Ad probationem pri¬
1295 1125 2131 1168 mam dicendum, quod quamuis negatio determinata alicuiu
1296 1161 2131 1207 creaturae possit dici finita, eo quod non plus negat, quan
1289 1200 2144 1261 illud, quod affirmatur affirmatione determinata sibi op¬
1299 1247 2126 1300 posita, puta, cum dicitur, non lapis: tunc negatur sola en
1291 1288 2142 1328 titas lapidis: tamen negatio communis, & indetermina¬
1297 1323 2141 1368 te respiciens omnia, puta, cum dicitur nihil, potest dici
1303 1359 2148 1417 infinita: nam purum nihil non solum negat labidem, vel
1299 1401 2148 1444 lignum: sed totaliter, & vniuersaliter negat Deum, &
1303 1441 2135 1492 omnem creaturam & ideo negatiue est quid infinitum, ec
1302 1482 2134 1542 quod ad nullam entitatem positiuam habet aliquam con
1290 1517 1481 1563 formitatem.
1335 1539 2139 1610 Ad secundam probationem nego consequentiam. Ad
1293 1590 2142 1644 probationem dicendum, quod maior, & minor resisten¬
1302 1641 2145 1686 tia non faciunt maiorem, vel minorem difficultatem
1293 1675 2141 1729 in transitu vnius termini in alterum, nisi cum maior resi¬
1303 1715 2147 1765 stentia prouenit ex maiori difformitate: Licet enim fri¬
1300 1753 2147 1807 gidum magis repugnet calido, quam dulci: tum quia fri¬
1309 1797 2132 1843 sidum, & calidum maiorem conuenientiam, & confor¬
1296 1838 2135 1885 mitate habent in proximo, & naturali subiecto; quam fri¬
1294 1869 2135 1923 gidum, & dulce: ideo facilior est transitus de frigido ad
1296 1916 2132 1964 calidum, quam de frigido ad dulce: Cum ergo nulla si
1287 1949 2148 2006 maior difformitas, quam inter ens, & nihil: nam ens, &
1293 1989 2147 2046 nihil in nullo communicant: ideo in transitu de nihilo
1294 2029 2136 2083 ad ens, vel econuerso, multo maior requiritur potentia,
1310 2069 2051 2119 uam in transitu de vno contrariorum ad alterum.
1341 2107 2129 2156 Ad tertiam probationem dicedum, quod quamuis ra
1303 2137 2154 2202 tio idealis per comparationem ad nostrum intellectum
1302 2183 2133 2239 concipiatur tamquam finita, & determinata: tamen ex
1305 2221 2145 2284 arte rei, quelibet idea est simpliciter infinita, eo quod
1306 2264 2134 2314 ealiter idem sit : quod ipsa diuina essentia. Hic tamer
1303 2299 2136 2357 d praesens breuius transeo: quia de hoc prolixius tractau
1293 2337 1694 2384 libro primo dist. 38. art. 1.
1330 2370 2139 2442 Ad tertium nego antecedens. Ad probationem nego
1296 2422 2139 2476 maiorem. Licet enim homo sit nobilior dracone: tamen
1294 2457 2134 2510 homo generat hominem, licet non possit generare dra¬
1302 2496 2141 2555 conem. Est etiam specialiter illa maior falsa, quando dif¬
1287 2533 2148 2600 ficilior est modus producendi ignobilius, quam modus
1293 2583 2135 2639 producendi nobilius, sicut est in proposito: Nam mate¬
1299 2613 2132 2669 ria producitur de nihilo: sed forma producitur de aliquo
1300 2655 2138 2702 acilius autem est aliquid producere de aliquo, quam ali¬
1296 2687 1567 2746 quid de nihilo.
1323 2730 2133 2788 Ad quartum nego antecedens, quia agens naturalem
1287 2771 2133 2823 non potest tollere formam, nisi derelinquat priuationem
1286 2814 2130 2872 eius in materia, priuatio autem non est simpliciter ne¬
1297 2848 2130 2911 gatio, sed est negatio in subiecto apto nato, vt dicitus
1294 2897 2135 2933 3. methaphificorum. Est enim priuatio carentia for¬
1295 2934 2129 2991 mae cum aptitudine ad eam, vt dicitur primo phisicorum
1292 2967 2128 3022 Ideo nullum agens naturale potest totaliter annihilare
1288 3010 2139 3068 formam: quia quamuis ipsam corrumpat secundum suum
1300 3044 2133 3120 esse actuale: tamen relinquit eam in materia secundum
