2408 3538
222 270 1066 319 ordo sacerdotalis, ad quem ceteri ordines disponunt, ha
225 312 1064 360 bet duplicem potestatem, scilicet potestatem absoluen¬
224 353 1074 402 di, & hanc tradidit Christus sacerdotibus, cum sactamen
225 390 1070 434 tum poenitentiae instituit, dicens quorum remiseritis pecca¬
210 431 1067 481 ta, &c. & potestatem consecrandi, & hanc tradidit, cum sa
216 472 1080 518 cramentum eucharistiae instituit, dicens. Hoc facite in meam
228 512 1067 554 commemorationem: & sic Saluator instituens illa duo sa
219 545 1073 586 eramenta, scilicet potentiae, & eucharistiae: simul cum illis
225 585 690 644 instituit sacramentum ordinis.
363 659 949 743 ARTICVLVSIIni
315 753 1032 834 De numero sacramentorum nouae legis,
462 806 812 880 & eorum sufficientia
237 870 1067 962 SVANTVM ad quartum articulum est aduertendum.
203 936 1064 988 Ane, quod homo ad duo naturaliter obligatur. Primi
224 974 1073 1027 est, quod a malo recedat. Secundum, quod ad bonum ac¬
224 1015 1064 1069 cedat Propter quod per Psal praecepit Deus homini di¬
221 1058 1072 1106 cens. Declina a malo: & fac bonum. Sed postquam vulne
228 1100 1069 1147 rata fuit humana natura per primi parentis peccatum, ho
219 1135 1066 1181 mo haec duo ex suis puris naturalibus non potuit adim¬
231 1169 1078 1228 plere: ideo Deus post lapsum primi hominis numquam
229 1211 1076 1250 destitit iuuare hominem medicinalibus sacramentis, or¬
234 1249 1064 1298 dine tamen: Nam sicut videmus, quod in cura corporalis in
217 1291 1063 1329 firmitatis propter infirmi debilitatem, qui fortia non po
222 1327 1078 1383 test sustinere, primo adhibentur remedia leuia, & commu
223 1365 1065 1415 nia; postea fortiora, & vltimo perfecta: sic primo post la¬
233 1406 1072 1450 psum immediate in lege naturae, ordinauit Deus sacramen
228 1448 1070 1501 ta communia, & leuia, in lege Movsis aliqualiter fortio¬
221 1481 1073 1538 ra: sed in lege Fuangelica perfectissima ordinauit se¬
234 1529 1070 1573 ptem sacramenta, quorum adminiculo homo po¬¬
227 1571 1073 1613 test vitare malum, & facere bonum. Et ideo vtroque
222 1602 1072 1649 istorum modorum possumus alsignare sufficientiam isto¬
225 1643 1060 1694 rum sacramentorum. Primo scilicet inquantum a Dec
219 1680 1069 1729 sunt data homini in remedium quo ad fugam malorum.
224 1719 1075 1772 Secundo, prout data sunt homini in adiutorium quo ad
230 1772 1076 1815 prosecurionem bonorum. Quo ad primum sciendum,
233 1800 1070 1854 quod duplex est malum, scilicet culpae, & poenae. Culpertri
225 1845 1068 1893 plex: quia malum culpae, vel est originale, vel actuale mor¬
231 1886 1067 1927 tale, vel est veniale. Et secundum hoc habemus tria sacra¬
229 1915 1076 1968 menta: Nam proprie loquendo, bapeismus datur in reme
221 1964 1069 2001 dium culpae originalis, poenitenitia in remedium actua¬
218 1993 1072 2039 lis mortalis, & sacra vnctio in remedium peccati venia¬
221 2028 1070 2081 lis. Malum autem prenae, quod nobis accidit ex malo cul¬
219 2077 1067 2129 pae, est quadruplex: nam sicut ait venerabilis Deda, pro¬
222 2112 1064 2169 pter peccatum patimur ignorantiam, malitiam, infirmit:
228 2152 1068 2205 tem; & ex his conflatam malam concupiscentiam. Pri¬
223 2197 1079 2245 mum in ratione, Secundum in voluntate, Tertium in ira¬
220 2229 833 2283 scibili; Et quartum in concupiscibili.
253 2265 1058 2325 In adiutorium ergo contra primum datur sacramen¬
227 2316 1064 2360 tum ordinis; quia vt dicitur Malac. 2. Labia sacerdotis cu
228 2345 1074 2394 stodiunt scientiam, & legem requirunt de ore eius; ange
227 2389 730 2441 lus enim Domini exercituum est.
276 2421 1077 2472 ontra secundum sacramentum eucharistiae: hoc enim
231 2466 1070 2516 est sacramentum totius bonitatis praestans remedium con
232 2512 726 2549 tra omnem malitiam voluntatis.
263 2522 1068 2589 Contra tertium sacramentum confirmationis. Et con¬
228 2588 1076 2638 tra quartum sacramentum matrimoni.
258 2629 1078 2674 Sed quo ad prosecutionem bonorum sufficientia sacra
231 2660 1078 2712 mentorum sic haberi potest, omnia enim bona prosequen
237 2708 1077 2751 da aliquo modo attinguntur actibus septem virtutum, qua
227 2737 1081 2791 rum tres sunt theologicae, & quattuor cardinales. Daptis¬
229 2784 1073 2828 mus ergo praestat adiutorium actibus fidei, eucharistia
236 2822 1068 2875 actibus caritatis, & sacra vnctio actibus spei, ordo actibus
235 2856 1089 2909 prudentiae, poenitentia actibus iustitiae, confirmatio acti¬
234 2906 1069 2959 bus fortitudinis, & matrimonium actibus temperantiae.
252 2937 1088 2985 Ad argumentum principale dicendum, quod licet ma
239 2972 1076 3028 ior sit vera, loquendo de eo, quod est causa effectus spi
245 3015 1085 3066 titualis ex natura propria, tamen non est vera, loquendo
240 3053 1084 3106 de eo, quod est causa effectus spritualis ex institutio¬
237 3091 1098 3152 ne diuina. O
1181 270 1887 327 Secundae particulae huius distinctionis breum
1224 322 1982 403 subduusio, m qua de baptismate loannisa
1418 364 1950 436 determmatir.
1337 465 1979 519 VNC VERO DE PAPTISM1. Postet
1373 511 1973 563 uam Magister praemisit quaedam praeam
1353 551 1974 596 bula respectu sacramentorum in vniuera
1351 586 1976 628 sali, hic adiungit vnum praeambulum re¬
1354 623 1965 672 spectu sacramenti baptismi in speciali. Et
1361 666 1979 713 diuiditur induas Primo. nim ostendit baptisi
1113 706 1965 754 mi loan a baptismo Christi differentiam. Secundo declai¬
1113 743 1974 788 rat baptismi loannis insufficientiam, ibi, Hic considerami
1106 780 1973 825 dum est: Prima in duas; quia primo ostendit baptisimi
1109 820 1967 862 Christi respectu baptismi loannis excellentiam, & perfe¬
1105 858 1960 903 ctionem. Secundo circa baptismum loannis mouet dupli
1114 899 1965 946 cem quaestionem, ibi. Ad quid ergo. Et haec in duas, secun¬
1114 936 1955 981 dum quod duas mouet quaestiones, quarum vtrique
1103 974 1965 1021 adiungit suam responsionem. Secunda, ibi, Sed quare di¬
1113 1017 1763 1070 ctus est. Circa hoc quaero.
1376 1091 1970 1161 Quostio dinII
1470 1128 1979 1184 vnua tuip: ietutim ¬Stqu
1154 1173 1979 1263 An loannis baptismus fuerit sacramentum, pom
1142 1495 1974 1573 TTRVM baptismus loannis fuerit sacramentum. Vt.
1137 1557 1970 1607 V detur, quod non. Quia sacramenta posteriora sunt
1118 1601 1968 1644 prioribus perfectiora: sed baptismus Hoannis fuit poste¬
1109 1639 1983 1686 rior circumcisione, & tamen non erat perfectior eas er-
1110 1682 1966 1730 go &c. Maiorpater: quia pro tanto sacramenta nouae le¬
1119 1719 1980 1772 gis sunt perfectiora, immo perfectissima sacramenta; quia
1113 1761 1973 1805 iunt omnium sacramentorum postrema. Et confirmatur: quia
1106 1797 1957 1838 quae sunt priora generatione, sunt posteriora perfectione.
1116 1836 1964 1876 Datet etiam minor: quia per sacramentum circumcifio¬
1111 1875 1952 1924 nis conferebatur gratia; per baptismum autem loannis
1111 1921 1945 1957 non conferebatur gratia; ergo &c.
1146 1952 1953 2007 Contra Augo. super loannem, ait. Accedit verbum ad
1114 1991 1984 2039 elementum, & fit sacramentum: sed in baptismo loan¬
1107 2035 1985 2083 nis accessit verbum ad elementum: quia, vt patet Actu t
1117 2078 1968 2119 1S. Ioannes baptiaabat in aqua eos, qui ventebant ad
1110 2120 1959 2163 eum, dicens, vt crederent in eum, qui venturus est. Hic
1120 2157 1974 2202 quattuor sunt videnda. Primo vtrum baptismus loannis.
1108 2201 1962 2242 contulerit gratiam. Secundo vtrum gratia sacramentalis,
1114 2231 1956 2281 & gratia virtutum sit eadem realiter;. Tertio de eo, quod
1110 2266 1972 2311 quaeritur. Et quarto vtrum baptixati bantismo loanis fuc
1103 2299 1646 2367 rint rebaptix andi haptismo Christi.
1294 2384 1937 2435 RE SOLV PIO.
1110 2471 1962 2548 Non equilem ex operato, sed ex operantis opere Toannis Paptis¬
1141 2526 1968 2586 mutus, qui D aptixantur, gratiam conferebat, quae sane gratia
1155 2567 1959 2623 si secundum sui essentiam consideretur vna & indistincta esse
1154 2598 1964 2662 conuincitur: At si secundum sui vedundantiam accipiatur in
1154 2634 1955 2700 ea pot est esse vealis destinctio, cuius quidem gratiae, cum loan¬
1149 2692 1959 2736 nis Eaptismus signum extit erit, sacramentum quoque, vocuta¬
1152 2728 1268 2783 ri potiit.
1140 2813 1817 2875 ARTICVLVS 1.
1158 2900 1980 2988 Vtrum baptismus foannis contilerit gratiam.
1179 2954 1931 3023 tmumua ht inci 1Sit un, ED 224 2D2t2A:PD; PA
1158 3010 1965 3068 VANTVM ad primum est aduertendum, quod in
1132 3053 1967 3099 boptismo loannis possumus duo considerare, pu¬
1125 3092 1964 3155 ta, vel opus operatum, quod fuit illa ablutio tel intinctio
