2162 3510
37 256 842 309 tiliatur, vt ille in singularem amicum recipiat istum & ei
39 302 848 350 magna munera tribuat: ad reconciliationem enim non
35 343 838 390 plus requiritur, nisi vt offensa condonetur, & vindicta vl¬
32 378 836 422 terius non exigatur: si ad hoc, vt aliquis Deo reconcilie¬
29 422 839 460 tur, sufficit vt culpa cum sua vindicta penitus remittatur
36 458 849 503 homo in suis naturalibus reformetur, nec absolute est
39 497 851 546 necesse, vt illi detur tantum donum, sicut est gratia Dei,
36 536 744 584 quo dono ille reconciliatus dignus sit vita aeterna
61 573 842 626 Ad quintum dicendum, quod de necessitate remissio¬
47 610 835 658 is non est, quod ille, cui reiittitur peccatum, vel offen
30 650 836 695 sa, efficiatur amicus, appellando amicum, cui singularia
40 692 832 738 maxima dona dantur, sed sufficit, quod non sit inimi
30 729 840 789 uis, & nulla vindicta pro offensa ab eo vlterius exigatur.
140 853 746 913 ARTICVLVS IIII
86 936 752 1013 De modo cessationis ipsius circumcisionis
39 1078 833 1135 VANTVM ad quartum articulum est aduertendum
58 1119 833 1173 e qlicet circumcisio ante institutionem ipsius ba¬
26 1163 844 1204 tismi a domino nostro Tesu Christo fuerit salutifera, &
24 1199 843 1246 uatamen post baptismi institutionem, & maxime post
24 1241 832 1286 portem Christi circumcisio fuit quo ad efficaciam, & vi
21 1276 840 1318 utem mortua, quamuis nondum esset mortisera: Sed
33 1317 826 1367 stquam Christi mandatum de baptismo per Apostolo
30 1359 836 1400 m praedicationem perfecte fuit diuulgatum: tunc cir¬
32 1400 835 1441 mcisio non solum fuit mortua, sed etiam mortifera
30 1435 841 1483 bime talibus, qui spem salutis posuerunt in ipsa cir¬
26 1470 476 1520 mcisione, & non in baptismo.
30 1512 834 1560 Primo istorum dictorum quantum ad primam parte,
21 1552 832 1597 licet quod circumcisio fuerit viua, & salutifera ante ba
24 1586 676 1636 simi institutionem, patet ex praecedentibus
29 1630 844 1675 bed quo ad secundam partem, scilicet quod post mor¬
21 1668 848 1717 mChristi cessauerit virtus, & efficacia circuimcisionis
20 1712 842 1758 Ppter institutionem baptismi, probo sic. Quia instituto
24 1747 837 1794 necto remedio ad tollendum aliquem defectum, fru¬
31 1784 836 1832 remaneret remedium minus perfectum ad tollendi
27 1826 835 1870 dem defectum, sed ad tollendum omnem culpam tam
27 1863 836 1914 ginalem, quam actualem, ac etiam ad conferendum gra
26 1910 842 1952 mbaptismus est efficacior circumcisione, & habet per¬
28 1943 845 2000 am efficaciam: ergo instituto baptismo frustra mane¬
23 1985 837 2028 tircumcisio. Maior patet: quia sicut in operibus artis;
19 2023 845 2075 naturae non solet fieri per plura, quod aeque bene po¬
29 2056 839 2119 heri per vnum, sic nec in operibus gratiae. Minor pa¬
17 2109 734 2148 ex fide, & ex multis auctoritatibus sanctorum.
24 2135 842 2185 secundum etiam dictum, scilicet quod post diuulga¬
15 2174 846 2224 nem praecepti dominici de baptismo, circumcisio sit
15 2213 832 2265 prtifera eis, qui spem salutis ponunt in circumcisione
6 2262 840 2307 obo sic. lllud est homini mortiferum, seu mortale pec¬
12 2293 839 2344 tum, quod annihilat in hominc meritum Christi, & fa
21 2333 846 2380 quod Christus homini non prodest: sed circumcisio
21 2372 845 2418 do praedicto est hulsmodi. Maior patet: quia meri¬
22 2410 839 2464 Christi non efficitur inutile alicui homini nisi por
36 2448 847 2497 am mortalem. Minor probatur per Apostolum ad
30 2482 839 2543 vbi ait. Si circucidemini, Christus nihil vobis pderit.
30 2538 838 2581 ed his non obstantibus ex dictis ludaeorum, & aliquo
45 2567 838 2625 falsorum Christianorum potest argui contra has con¬
36 2605 441 2663 ones. Contra primam sic¬
52 2652 845 2693 bicut se habuit remedium contra originale pecca¬
48 2684 845 2735 legis naturae ad remedium legis Movsis, sic remedium
30 2731 830 2776 EMovsis se habere debet ad remedium legis euango
24 2761 846 2810 esed remedium legis naturae non caruit sua virtute,
6 2803 849 2851 eo quod superuenit lex Mosaica : ergo nec circumci¬
22 2838 843 2897 tarebit sua virtute, & efficacia, ex eo quod superuenit
18 2889 848 2940 iimus, qui est remedium in lege cuangelica. Maior
27 2924 842 2971 et: quia qualis est proportio praecedentis extremi ac
21 2964 854 3018 diumi, talis videtur esse proportio medij ad sequens
30 2999 846 3051 emum, sed lex Mosaica mediat inter legem natu¬
42 3037 842 3095 gratiae, seu Euangelij. Minor etiam patet: quia fi-
47 3072 852 3137 & sacrificia non minus valuerunt Qentilibus, qui
905 236 1742 310 Dei cultores fuerunt contra originale peccatum tempo¬
896 307 1738 361 re legis Movsis, quam fecerant ante legem, sicut patuit in
894 342 1592 396 ipso lob, & aliis pluribus virtuosis Qentil ibus.
964 369 1733 433 Praeterea, circumcisio data fuit a Deo Abrahae, & se¬
900 419 1733 474 mini eius ratione aeterni foederis, vt patet in Sen. ergo
894 460 1730 516 virtus eius non cessabit propter quodcumque aliud super¬
894 500 1229 550 ueniens sactamentum.
917 518 1739 591 3 Praeterea, circumcisio est signum distinctiuum popu
902 577 1733 619 ilsraclitici a ceteris nationibus: sed Deus voluit illum
896 629 1740 681 populum ab aliis esse distinctum: ergo circumcisio in suo
895 656 1271 707 robore debuit remanere.
925 667 1745 746 4 Praeterea, illud, quod non coepit esse cum lege, hoc
890 732 1733 785 non debet desinere cum lege: sed circuncisio fuit ante lege¬
893 778 1733 823 nam lex per Movsem data est: sed circumcisio viguit tepore
893 811 1729 862 Abrahae, qui quingentis annis, & vltra praecessit Movsem
927 849 1729 902 3 Praeterea, in Matt. dicitur, quod Christus non venis
895 890 1756 943 soluere legem: sed adimplere ergo circumcisionis vir¬
888 929 1739 971 tus non cessauit per aliquod sacramentum a Christo in¬
892 961 1732 1012 stitutum, Con sequentia patet: quia circumcisio fuit sollem
888 1010 1730 1059 nissimum sacramentum legis : ergo si Christus per suorum
894 1045 1727 1101 sacramentorum institutionem annihilasset virtutem circum.
900 1083 1713 1130 tisionis: tunc soluisset legem, & non impleuisset eam.
897 1115 1733 1176 4 Praeterea, signum mutabilis voluntatis est desti¬
896 1162 1725 1214 tuere illud, quod primo instituit: sed institutor circumci¬
888 1202 1731 1254 sionis est omnino immutabilis, cum sit ipse Deus, apud
903 1242 1730 1293 uem non est transmutatio, nec vicissitudinis obumbra¬
898 1277 1169 1337 tio, vt dicitur lac. I
924 1291 1739 1371 3 Praeterea, praeceptum non potest reuocari nisi per
898 1366 1733 1410 maiorem, vel aequalem, seu per eundem, qui dedit praece
898 1395 1727 1441 tum: sed Deus dedit praeceptum de circumcisione, vt
894 1434 1726 1481 patet in Sen vbi hoc praecepit Abrahe, & posteris eius.
888 1483 1739 1529 & nusquam in scripturis legitur Deum hoc praeceptum
887 1525 1726 1566 reuocasse : cum ergo Deus, nec habeat maiorem, nec aequa
888 1553 1730 1605 lem, videtur, quod filij Abrahae adhuc teneantur circucidi¬
910 1589 1733 1638 S Praeterea, post mortem Christi Paulus Apostolus
897 1631 1720 1682 circumcidit Timothaeum: ergo post mortem Christi ad¬
897 1670 1723 1712 nuc remansit efficacia, & virtus circumcisionis. Antece¬
900 1707 1728 1764 lens patet Actuum 15. Probatur consequentia: quia si
893 1751 1721 1801 Timothaeus nullam gratiam ex illa circumcisione rece¬
903 1781 1724 1841 isset: tunc Paulus vane, & innutiliter illum dilectum
892 1824 1725 1883 suum discipulum circumcidendo atflixisset, quod nullo
889 1859 1341 1917 modo videtur esse ponendum
931 1890 1460 1956 Contra secundam conclusionem sic¬
917 1932 1724 1996 1 Actus, qui de se non est malus, ille potest exerceri
885 1979 1720 2033 sine peccato, nisi fuerit prohibitus, sed circumcisio de si
885 2023 1721 2074 non est actus malus: quia tunc semper fuisset peccatum,
892 2065 1721 2121 cuius oppositum patet ex praecedentibus, nec vsquam in¬
892 2096 1262 2150 uenitur a Deo prohibita.
924 2110 1733 2192 2 Praeterea, Christus fuit circucisus: ergo nos sine pec
894 2177 1722 2228 cato possumus circumcidi. Antecedens patet in Euange¬
885 2216 1721 2270 lio, Probatur consequentia: quia secundum beatum Creg
882 2268 1745 2310 omnis Christi actio nostra est instructio, sed nullus pec¬
885 2294 1730 2345 cat sequendo Christi instructionem. Forte dicet aliquis, quod
881 2331 1654 2387 circumcisio Christi non est actio Christi: sed passio.
921 2372 1733 2427 Respondeo, quod non minus passiones Christi sunt non
883 2415 1393 2461 stra instructio, quam actiones eius.
893 2437 1722 2501 2 Praeterea, legalia praecepta possumus modo seruare
890 2490 1731 2540 sine peccato: ergo & circucisionem. Antecedens probatur;
895 2532 1720 2582 quia seruando illa, ad quae tenemur ex statuto ecclesiae, &
892 2568 1729 2614 coi decreto Apostolorum, non peccamus: immo potius talia
885 2610 1733 2664 non faciendo peccamus, sed vt patet actuum. Apostoli congre
891 2649 1724 2701 gati in Hyerusalem ex comi decreto sic scripserunt Qentilibus
894 2686 1727 2740 per praedicationem Pauli ad fidem couersis: Visum est enim spiri
890 2728 1731 2783 tui sancto, & nobis, nihil vltra oneris imponere vobis,
907 2758 1730 2816 uam haec necessaria, vt abstineatis vos ab imolatis simu
888 2799 1729 2855 lacrorum, & Saguine, & suffocato, & fornicatione, a quibus
884 2849 1736 2893 custodientes vos bene agetis: sed planu est quod non come¬
894 2883 1727 2931 dere de sanguine, & animali suffocato tantummodo fuit
904 2918 1732 2972 praeceptum legis Moysis. Patet etiam consequentia: quia vbi
897 2958 1739 3011 icent illa, quae sunt minoris sanctitatis, ibi etiam licet illud
903 2996 1730 3052 quod est maioris sanctitatis: sed circumcisio erat maioris
888 3034 1724 3091 sanctitatis omnibus aliis praeceptis legalibus: nam ipsi
891 3074 1690 3132 circumcisio fuit principalissimum sactamentum legis
