2399 3530
404 250 1268 317 facta per soannem, & opus ipsius operautis, quod fuit loam
408 301 1262 363 nis deuotio, ac illius, qui bapticabatur, ordinata affectio.
415 341 1046 390 Et secundum hoc pono duas conclusiones
444 375 1261 431 Prima est, quod ex opere operato baptisimus loannis
410 421 1255 461 non conferebat gratiam ipsis baptixatis. Quia nulli con¬
409 455 1266 512 fertur gratia fine spiritu sancto: sed baptismo Toannis non
410 505 1253 549 conferebatur spiritus sanctus pensato opere operato: er
414 538 1249 595 go &c. Maior patet. Probatur minor; quia ex balneatio
410 577 1252 630 ne corporis non confertur spiritus sanctus, nisi ex diuin
418 620 1265 660 ordinatione hoc esset institutum: Sed licet tale statutum,
413 653 1258 698 seu pactum sit in baptismo Christi, tamen non fuit in ba¬
430 694 1265 736 tismo loannis: Propter quod ait Christus discipulis suis,
414 732 1268 775 loannes quidem baptix auit aqua : vos vero baptixabimi¬
417 779 1268 822 ni spiritu sancto non post multos hos dies. Et dixit loan¬
420 813 1282 857 nes ad phariseos. Ego baptixo in aqua: medius autem ve
416 847 1281 902 strum stetit, quem vos nescitis. Et subdit infra. Hic est, qui
414 889 802 936 baptix at in spiritu sancto.
444 932 1271 979 Sed contrarium istius conclusionis aliqui videntur pro
418 966 845 1013 bare per hunc modum.
451 1003 1278 1060 1 Viri perfecti nihil inutiliter debent operari: sed si
423 1037 1270 1093 bapticatus baptismo loannis non consequebatur gratiam:
404 1085 1266 1132 tunc inutiliter loannes cum balneasset, & frustra. Maior
426 1131 1268 1169 patet. Probatur minor: quia tunc opus alicuius est frustra,
411 1172 1265 1217 & inutile, quando nullum finem consequitur ipso opere.
411 1208 1255 1254 modo planum est, quod loannes baptixando non inten¬
413 1248 1258 1295 debat exteriorem lotionem corporis ipsius baptixati tan
416 1277 1280 1328 quam finem: quia tunc Toannes fuisset vnus balneatori.
411 1323 1270 1368 Si ergo ad baptixationem illam non sequebatur aliquis
413 1357 1261 1404 finis intrinsecus, & spiritualis: tunc talis operatio erat
413 1399 1175 1446 sine fine, & per consequens frustra, & inutilis.
452 1434 1264 1482 2 Praeterea, circumcisio conferebat igratiam: ergo &
414 1471 1265 1518 baptismus loannis. Antecedens patet ex praecedentibus.
417 1520 1269 1565 Consequentia probatur: quia quanto aliquid est perfe¬
410 1548 1259 1609 ctiori propinquius, tanto videtur esse perfectius, & per con¬
417 1591 1269 1645 sequens debet habere effectum perfectiorem: sed baptis¬
411 1632 1280 1683 mus loannis erat propinquior baptismo Christi, quam
420 1671 1274 1716 circumcisio, qui quidem baptismus Christi est sacramen¬
416 1713 1268 1767 tum perfectius omnibus sacramentis ipsum praecedenti¬
429 1750 666 1804 bus: ergo &c.
435 1789 1268 1837 3 Praeterca, omne sacramentum ad hoc instituitur, vt
427 1828 1279 1877 vel gratiam significet, vel conferat: sed gratia sufficienter.
424 1866 1267 1913 fuit significata per sactamentum veteris legis : ergo si ba¬
439 1911 1281 1957 itismus loannis non contulit gratiam, tunc frustra fuit
423 1947 689 1994 institutus.
440 1983 1265 2030 4 Praeterea, secundum Augustinum in libro contra Do
424 2021 1277 2065 natistas: loannes baptix auit in remissionem peccatorum,
431 2069 1269 2116 vt ab eo baptixatis in spe remitterentur peccata: sed spes
428 2102 1270 2150 de peccatorum remissione non potest haberi, nisi per gra
419 2141 1139 2186 tiam: ergo baptismus loammis contulit gratiam.
450 2177 1276 2233 3 Praeterea, Mar. 1: dicitur, Erat loannes baptixans, &
429 2222 1274 2273 praedicans baptismum poenitentiae in remissionem pecca¬
432 2265 1271 2312 torum: sed remissio peccatorum non fit sine gratia: ergo &c
446 2307 1268 2353 & Praeterea, Dam. dicit. Purgat loannes spiritum per
430 2339 1226 2386 aquam: sed purgatio spiritus est per gratiam: ergo &c.
460 2378 1259 2428 Ad primum nego minorem. Ad probationem dicen¬
424 2417 1269 2458 dum, quod loannes per baptisinum intendebat praefigu¬
416 2466 1256 2514 rare baptismum Christi: intedebat etiam populum aliue¬
425 2498 1271 2547 facere per suum baptismum, ne baptismum Christi tan¬
428 2536 1258 2596 quam factum extraneum, & alienum, homines refutarent
423 2581 1266 2630 & fugerent. Et quia hos fines intendebat, & conseque¬
417 2615 1259 2672 batur, ideo non fuit frustra, quamuis ex opere operato non
426 2650 698 2704 conserret gratiam.
477 2672 1274 2740 Ad secundum nego consequentiam. Ad probationem
433 2727 1268 2781 dicendum, quod maior non est vera loquendo de his, quae
430 2772 1262 2818 efficaciam solum habent ex ordinatione instituentis, &
433 2810 1265 2854 maxime quando illud, quod est perfectioni propinquius,
426 2849 1269 2892 instituitur immediate ab eo, qui est limitatae perfectionis:
417 2885 1267 2932 illud autem, quod est remotius, instituitur ab eo, qui est
430 2925 1073 2979 illimitatae perfectionis: sicut est in propofito
475 2965 1229 3017 Ad tertium patet per ea, quae dicta sunt ad primum.
452 3001 1259 3048 Ad quartum dicendum, quod sicut baptixati per loan¬
428 3043 1265 3087 nem habebant spem de futura remissione peccatorum fien
422 3081 1267 3147 da per baptismum Christi, ad quod loannes reduxit sua
1317 254 2168 305 praedicatione dicens, ille baptixabit in spiritu sancto: sic
1308 306 2163 352 etiam habebant spem de futura gratia per Christum con
1305 345 1802 395 ferenda, qua delerentur peccata.
1340 378 2162 430 Ad quintum dicendum, quod quamuis in illa auctori¬
1313 415 2163 463 tate Iy baptixans referendum sit ad baptismum loannis:
1311 460 2168 503 tamen Iy praedicans debet referri ad baptismum Christi,
1315 497 2157 541 & sic non plus concluditur, nisi quod baptismo Christi pec
1308 533 2157 577 cataremittebantur: Si quis tamen vtrumque voluerit re
1308 573 2157 621 ferre ad baptismum loannis: tunc dico, quod baptifimus
1323 610 2157 669 oannis praeparatiue fecit ad remissionem peccatorum,
1318 654 2156 699 in quantum pobulum praeparabat, & assuefacicbat ad ba¬
1320 692 2162 753 ptismum Christi, quo vere remittebantur peccata, & con
1324 732 1557 783 erebatur gratia,
1357 742 2161 815 Ad sextum dicendum, quod baptismus loannis purga¬
1320 813 2160 867 bat spiritum non effectiue immediate: sed praeparatiue, scu
1322 846 1477 895 lispositiue¬
1329 884 2157 944 Secunda conclusio est, quod ex opere operantis, puta
1318 928 2159 972 ex deuotione, & incitamento virtutis ipsius baptixantis
1315 965 2165 1010 saepius Deus conferebat gratiam ipsis baptixatis: Nam loan
1314 1008 2163 1052 nes hortabatur eos ad fidem, & ad deuotionem, & ad di
1309 1046 2154 1096 gna opera poenitentiae facienda: & quia talia qui agunt,
1314 1090 2153 1127 a Deo gratiam recipiunt: ideo verisimile est, quod tam
1314 1120 2161 1168 baprixantis exemplo incitati, quam verbo praedicationis
1315 1164 2049 1214 initructi gratiam receperunt, loanne baptixante.
1464 1238 2015 1296 A R TICVLVS II
1329 1317 2121 1400 Vtrum gratia sacramentalis, & gratia virtutum
1572 1378 1892 1447 sit eadem realiter.
1383 1471 2159 1517 VANTVM ad secundum articulum est aduerten¬
1344 1523 2151 1573 dum, quod prout communiter distinguitur, duplex
1317 1542 2159 1599 est gratia. Vna, quae dicitur gratum faciens. Alia non gra¬
1311 1590 1863 1645 tum faciens, quamuis sit gratis data
1339 1630 2155 1674 De prima procedit praesens inquisitio: quia tam gratia
1308 1673 2159 1720 sacramentorum, quam gratia virtutum, loquendo de infu
1310 1717 2156 1766 sis virtutibus, est gratia gratum faciens. Et haec, scilicet gra
1315 1750 2162 1791 tia gratum faciens potest dupliciter considerari. Vno mo¬
1310 1786 2168 1835 do secundum suam essentiam. Alio modo secundum re-
1313 1826 2160 1878 dundantiam. Primo modo perficit essentiam animae. Se¬
1320 1870 2165 1912 cundo modo perficit potentias animae. Et istud adhuc po
1324 1910 2162 1946 test dupliciter fieri: Quia vno modo redundat gratia ab
1311 1942 2165 1991 essentia animae in potentias ipsas sanando praestans medi
1311 1987 2166 2043 cinam contra peccatorum vulnera. Alio modo redundat
1320 2024 2170 2077 in potentias ipsas inclinando praestans adiumentum quo
1310 2060 1680 2113 ad virtuosa opera.
1345 2100 2165 2152 Primo modo gratia est causa quorundam sacramenta¬
1321 2143 2162 2189 ium effectuum, quibus potentiae destructae per peccatum.
1312 2182 2153 2228 reformamntur, qui cum proprio nomine careant, dicuntur
1322 2223 1743 2272 gratia sacramentorum.
1338 2258 2156 2300 Secundo modo gratia est causa virtutum, quae ab ipsa
1316 2301 2152 2346 gratia persiuunt, secundum quod gratia ab essentia redun
1314 2342 2165 2391 dat in potentias. Et hae etiam virtutes predicatione cau¬
1309 2377 2159 2421 sali dicuntur gratia virtutum. His premissis, sic procedafi¬
1310 2415 2163 2464 Primo posam duas conclusiones. Secundo recitabo quas
1321 2454 2159 2507 lam opiniones praedictis contrarias, & eorum motiuis re
1314 2491 1453 2542 spondebo
1327 2532 2174 2586 Prima conclusio est, quod gratia gratum faciens consi¬
1313 2570 2166 2623 derata secundum suam essentiam, prout perficit essentiam.
1308 2615 2153 2664 antmae, est vna, & indistincta: Quia sicut se habet anima
1314 2651 2156 2698 ad corpus, quod viuificat: sic se habet gratia ad animam,
1317 2691 2157 2739 cui vitam sprritualem praestat: sed vnius corporis vna est
1305 2732 2149 2778 anima ipsum viuificans: ergo vnius animae vna erit gratia
1323 2771 2074 2821 gratum faciens, quae sibi praestat vitam spiritualem.
1338 2805 2174 2866 Secunda conclusio est, quod accipiendo gratiam secun
1317 2846 2145 2904 dum sui redundantiam modo praedicto: tunc in gratia po
1311 2883 2155 2947 teit esse realis distinctio. Quia non est minoris efficaciae¬
1305 2922 2144 2973 lux spiritualis ad principiandum diuersos effectus, quam
1316 2964 2146 3020 lux corporalis: sed a luce corporali resultant diuersi effe
1315 2999 2157 3050 ctus non obstante vnitate suae essentiae, puta, ab eodem
1311 3048 2157 3094 radio solis simul resultat liquefactio cerae, & exiccatio, seu
1311 3082 2157 3146 aresactio terrae: ergo non obstante vnitate essentiali ipsius
