2423 3531
451 263 1264 344 Et confirmatur etiam istud: quia actuum 21. habetur
422 326 1260 394 qu cum Paulus venisset Hierosolvmam, tunc lacob. & ce
424 360 1274 425 teri seniores dicebant Paulo. Vides frater, quod millia sunt
419 405 1275 464 in ludaeis, qui crediderunt Deo, & omnes aemulatores
432 442 1268 506 sunt legis, Audierunt autem de te: quia dissessionem do¬
422 486 1280 543 ceas a Moyse eorum, qui per Oentes sunt ludaeorum, di¬
427 522 1277 578 cens, non debere eos circumcidere filios suos, neque se¬
435 559 1265 619 cundum consuetudinem ingredi debere. Et sequitur ibi
435 599 1277 661 dem. Hoc ergo fac, quod tibi dicimus. Sunt nobis viri quat
417 638 1274 699 tuor votum habentes super se. His assumptis sanctifica te
432 681 1270 737 cum illis, & impende illis, vt radant capita sua, & scian¬
435 717 1281 777 omnes, quoniam, quae de ee audierunt, falsa sunt: sed am¬
431 757 1280 826 bulas & ipse custodiens legem. Et paucis interpositis se¬
432 800 1272 861 quitur. Tunc Paulus assumptis viris, postera dic purifica¬
434 834 1273 897 tus cum illis intrauit templum, annuncians expletionem
426 872 1279 929 dierum purificationis, donec offerretur pro vnoquoque
429 913 1288 974 eorum oblatio: sed Apostoli ista non praecepissent, nec Pau
441 953 1116 1021 lus ea fecisset, nisi sine peccato fieri potuissent
468 990 1276 1049 Sed ista licet sint difficilia, & valde apparentia: tamen
438 1033 1280 1091 non concludunt contra praedicta. Dicit enim Deatus Au¬
452 1065 1281 1130 tustinus in libro contra Faustum. Sacramenta, quae obset
435 1122 1279 1169 uabantur in lege, nunciatiua erant Christi venturi, qua
441 1149 1286 1207 cum suo aduentu Christus implerit, ablata sunt, & alia
437 1188 1292 1250 instituta, virture maiora, vtilitate meliora, actu faciliora,
441 1226 1293 1287 & numero pauciora. Ex quibus verbis expresse patet pri¬
435 1274 878 1335 ma conclusio superius posita
479 1302 1282 1366 Patet etiam secunda: quia fuper illo verbo Apostoli,
447 1346 1286 1408 Quomodo conuertimini rursus ad egena, & infirma ele¬
438 1387 1295 1443 menta: Dicit glosa quod non distat modo lex post Chri
453 1423 1291 1481 tum ab antiqua idolatria, sed planum est, quod antiqua ido
446 1461 1292 1526 latria fuit mortifera: ergo post Christum sufficienter de
451 1502 1296 1558 nunciatum per praedicationem Apostolorum obseruan¬
446 1548 983 1602 tia legalium fuit mortale peccatum.
492 1568 1295 1636 Ad primum igitur dicendum, quod maior non est ve¬
447 1619 1282 1677 ra: nam lex naturae concurrebat cum aliis duabus legi¬
453 1657 1290 1718 bus, scilicet Movsis, & Christi: quia illud: quod est de lege
444 1702 1293 1754 naturae, non delebatur per legem Moysis, nec per legem
453 1741 1290 1793 Christi: ideo remedium legis naturae, scilicet fides, quam
453 1776 1293 1833 Dei cultores habuerunt de Redemptore, concurrebat cum
455 1812 1286 1873 remedio dato tam in lege Movsis, quam etiam in lege Chri
452 1855 1286 1912 sti, scu sancti euangelij: sed lex Mosaica fuit lex particu
456 1899 1286 1951 laris respiciens vnum populum specialem: ideo non de
456 1931 1293 1987 buit manere lex Movfis, vel eius remedium cum remedio
456 1981 1300 2028 legis Christi: quamuis remedium legis naturae reman¬
455 2016 920 2071 serit cum remedio legis Movsis
497 2051 1300 2105 Ad probationem dicendum, quod maior non est vera,
456 2090 1307 2159 quando praecedens extremum est maioris ambitus, quam
459 2129 1298 2189 ipsum medium, & est stabilius, & immutabilius ipso me¬
465 2169 1289 2235 dio. Et quia sic est in proposito: ideo maior ad praesen
464 2215 784 2276 propositum non valet
507 2238 1306 2300 Ad secundum dicendum, quod aeternum dicitur ab e,
470 2299 1213 2352 quod est extra, & terminum quasi extra terminum
500 2329 1297 2384 Aliquid vero esse extra terminum potest dupliciter
464 2359 1295 2427 intelligi. Vno modo simpliciter, eo quod absolute nu
474 2405 1296 2470 uam cessabit. Alio modo, eo quod terminus suae cessa
459 2451 1303 2504 tionis non sit determinate expressus. Primo modo, illa,
477 2488 1096 2532 uae numquam cessabunt, dicuntur aeterna
498 2518 1303 2580 Sed secundo modo, aliqua dicuntur aeterna, licet quan
465 2563 1298 2615 doque finiantur, & cessent. Isto secundo modo di¬
467 2596 1308 2653 ctum est, quod Aaron, & filij eius deberent in aeternum
472 2641 1307 2692 cungi sacerdotio: tamen ministerium sacerdotale fae¬
484 2681 1300 2730 ius fuit interruptum. Sic etiam dixit dominus. Ignis in
467 2721 1307 2771 altari meo semper ardebit. Attamen modo nec est alta¬
467 2753 1301 2813 re, nec ignis, de quo ibi locutus est dominus. Et quia in
467 2793 1312 2851 antecedente istius rationis accipitur aeternum isto secun
468 2837 1094 2897 do modo: ideo neganda est consequentia
512 2864 1306 2927 Ad tertium dicendum ad minorem, quod quamui
472 2913 1306 2968 Deus pro tunc voluerit populum Hebraeorum ab alii¬
468 2948 1312 3008 esse distinctum: tamen postquam Deus misit filium suum
475 2990 1309 3045 tanquam lapidem angularem, vt faceret vtraque vnum. s
474 3031 1316 3088 Oentiles, & ludaeos in vnum Christianum populum co¬
486 3067 1309 3119 pulando: tunc noluit illos de circumcisione vlterius pe¬
477 3106 1328 3168 ne manere distinctos: & ideo hoc signum distinctiuum. s¬
1314 253 2165 326 circumcisio, tunc cessare debuit: quando Dei filius com¬
1322 301 2165 363 mune signum vniuersaliter omnibus instituit, dicens di¬
1326 341 2185 399 scipulis suis. Ite docete omnes gentes: baptixantes eos
1322 377 2160 444 in nomine patris, & filij, & spiritus sancti. Et, quod in isto
1323 421 2161 478 vniuersali signo, scilicet in baptismo salus deinceps esse
1334 459 2171 518 lebuerit, & non in illo particulari signo ludeorum a gentibus
1320 499 2156 558 distinctiuo, hoc idem Saluator declaras ait. Nisi quis re
1325 542 2165 608 natus fuerit ex aqua, & spiritu sancto, non intrabit in re¬
1337 591 1571 643 gnum coelorum.
1356 612 2170 671 Ad quartum dicendum, quod quamuis circumcisio praeces
1331 655 2169 721 serit legem, tamen quia fuit quaedam praeparatio dispo¬
1334 693 2179 755 nens ad lege; ideo non debuit manere cessante lege: quia
1325 737 2078 798 disposito cessat illo cessante, ad quod disponit.
1367 772 2184 833 Ad quintum dicendum, quod figura non soluitur, sed po¬
1340 814 2167 871 tius perficitur in eo, quod figuratum adducitur, sed ea
1332 855 2182 912 quae fuerunt in veteri lege, fuerunt figura eorum, quae
1327 894 2176 948 Christus instituit in noua lege, omnia enim illis con¬
1337 934 2180 987 tingebant in figura, vt ait Apostolus: ideo Christus in¬
1326 966 2184 1031 stituendo sacramenta nouae legis non dicitur soluere le¬
1341 1023 1644 1078 gem: sed adimplere¬
1376 1038 2177 1114 Ad sextum dicendum, quod quando secundum intentio¬
1337 1088 2185 1148 nem instituentis illud quod instituit, non debet semper
1340 1134 2179 1185 manere: tunc si illud destituit, hoc non arguit aliquam mu
1338 1171 2183 1225 tationem in instituentis voluntate: Sed, vt patet ex prae
1341 1215 2183 1264 dictis circumcisio non fuit a Deo instituta, vt semper de¬
1340 1260 1544 1311 beret manere
1377 1283 2183 1348 Ad septimum dicendum, quod Dei filius, qui est verus
1337 1330 2185 1382 Deus aequalis Deo patri, sufficienter reuocauit praeceptum
1343 1376 2191 1422 de circumcisione, quando instituit baptismum contra ori
1352 1405 2187 1465 inale delictum, teste Apostolo, qui ait. Cum venerit
1344 1448 2107 1511 quod perfectum est, euacuabitur quod ex parte est
1369 1482 2177 1539 Ad octauum nego consequentiam. Ad probationen
1343 1522 2195 1579 dicendum, quod hoc non fecit Paulus vane: quia hoc fecit
1352 1569 2183 1617 id tollendum scandalum de cordibus ludaeorum ad fidem
1346 1600 2184 1656 Christi conuersorum, Etiam licet ex virtute circumcisio¬
1352 1640 2192 1696 nis Timothaeus non receperit gratiam: tamen verisimile
1347 1682 2188 1735 est, quod ex deuotione, & patientia sua, quod tantum pati voluit
1341 1717 2193 1777 ne scandalixarentur ceteri infirmam habentes conscien¬
1347 1769 2045 1817 tiam: valde magnam a Deo receperit gratiam.
1386 1795 2185 1858 Ad primum contra secundam conclusionem dicedum
1356 1835 2199 1901 que postquam sufficienter diuulgatum fuit per vniuersum
1347 1882 2182 1930 mundum, quod Dei filius institucrat sacramentum baptismi
1349 1918 2192 1975 in quo homine consequi deberent omnium peccatorum
1352 1964 2189 2011 perfectam remissionem: tunc actus circumcisionis appa¬
1352 1998 2190 2050 ruit esse prohibitus : propter quod, qui tunc vlterius spe
1356 2040 2197 2091 salutis in circumcisione posuit, ille mortaliter peccauit:
1364 2080 2195 2138 quia contra Dei statutum iam per miracula, & predica¬
1352 2115 2207 2166 tiones toti mundo sufficienter declaratum sua temerita
1349 2154 2202 2205 te facere praesumpsit: Propter quod in glosa ad Qal. 3. ait
1356 2196 2195 2246 Augu. quod Mater lex cum honore erat ad tumultum dedum
1347 2234 2204 2280 cenda vsque ad Fuangelij diuulgationem, ex tunc vero,
1368 2281 2201 2319 ui legem obseruare voluerit, erit materni sepulchri vio
1359 2319 2198 2366 lator. Ad secundum nego consequentiam. Ad probatio¬
1351 2351 2204 2403 nem dicendum, quod licet omnis Christi actio nostra sit
1366 2391 2196 2440 nstructio aliquo modo: hoc tamen non est semper isto
1354 2429 2196 2481 modo, quod nos huiusmodi actionem facere debeamus)
1356 2471 2198 2523 nam sic intelligendo oportet nos creare, mortuos susci¬
1354 2514 2206 2560 tare, caecos illuminare: sicut ipse fecit: quod nobis tamen
1357 2549 2210 2599 est impossibile, pesata nostra virtute: Quamuis ergo nos
1360 2596 2207 2637 corpore non circumcidamur: tamen sia vitiis, & carnali¬
1365 2631 2217 2683 bus concupiscentiis mente fuerimus circumcisi: tunc
1365 2668 1958 2717 Christi circumcisio nosta erit instructio.
1403 2711 2210 2761 Ad tertium nego antecedens. Ad probationem dicen
1358 2741 2202 2791 dum, quod aliquid esse statutum ab ecclesia potest dupl
1364 2786 2202 2834 citer intelligi. Vno modo per modum praecepti simplici¬
1365 2827 2198 2881 ter, & absolute. Alio modo per modum consilij tempor,
1375 2871 2210 2912 io non absolute necessarij: sed solum in casu. Primo mo¬
1370 2909 2219 2949 do inter illa quattuor sola fornicatio fuit prohibita:
1365 2944 2215 2996 quia quamuis fornicatio sit mortale peccatum: tamen
1371 2989 2216 3031 vsque ad illud statutum Oentiles simplicem fornica¬¬
1374 3023 2220 3067 tionem non putabant esse peccatum. Alia vero tria
1365 3064 2210 3108 secundo modo fuerunt prohibita: Licet enim comede¬
1367 3101 2207 3150 re carnes idolis timmolatas absolute non sit peccatum
