2179 3541
24 268 833 324 menti, scilicet character. Tertium quod non est sacramen
24 316 834 365 tum, sed tantummodo res sacramenti, scilicet gratia ex
24 353 831 398 susceptione sacramenti collata: lgitur de medio, scilicet
21 399 824 447 de charactere est intelligenda auctoritas Aug. quia char¬
24 434 533 476 cter est indelebilis, & semper manet.
54 471 827 518 Ad tertium dicendum, quod si aliqua vis regeneratiua est
21 509 826 556 in aqua, illa tamen immediatius est in ablutione: quia in
11 559 822 603 aqua est habitualiter: in ablutione vero actualiter. Quo¬
15 587 824 630 modo tamen illa auctoritas bedae, & ceterae consimiles
16 627 816 679 sint intelligendae iuxta ea, quae teneo, dixi superius dist
12 666 610 717 24.1. art. 2. in solutione quarti argumenti
40 708 818 752 Ad quartum dicendum, quod sicut in rebus artificiali
33 744 824 786 is forma per artem inducta praecise, & secundum se sum
39 783 828 834 inon recibit praedicationem essentialem propinquae
24 821 828 867 ae materiae. lsta enim est falsa: figura statuae est signum:
20 869 813 913 uia substantia non praedicatur essentialiter de acciden
27 900 813 943 tamen si non praecise sumitur tunc ratione implicatio
12 939 815 981 uis rei naturalis proxima materia praedicatur essentiali¬
19 981 819 1033 er de artificiali, puta, cum dicitur: statua est lignum: sic
27 1019 820 1070 proposito, dato, quod de baptismo, vt pro respectu praecise
7 1056 819 1107 lumitur cum actuali exclusione fundamenti: ablutio non
18 1095 822 1140 raedicetur essentialiter: tamen vt baptismus sumitur si¬
15 1137 821 1182 e huiusmodi praecisione: tunc talis ablutio vere, & essen
6 1170 465 1224 naliter praedicatur de baptismo.
141 1253 687 1329 ARTICVLVS II
12 1328 799 1418 uaforma verborum vequrati in haptismo, qui
36 1406 773 1457 ter idem patebit vtrum expressa verborum
108 1448 681 1513 prolatio sit de necessitate haptismi.
36 1529 812 1600 IVANTVM ad secundum artic, est aduertendum,
45 1574 811 1623 quod cum forma sit necessario requisita ad esse
30 1615 818 1660 us, cuius dicitur forma: ideo talia verba sunt de forma
37 1652 810 1693 tismi, quae sunt necessario requisita in baptir ado. Du
32 1691 815 1734 em ergo poterimus attendere necessitatem in his
27 1728 806 1773 bis: nam quaedam sunt necessaria necessitate se tenei
31 1770 818 1820 parte baptismi, seu sacramenti. Alia sunt necessaria
34 1810 811 1853 essitate se tenente ex parte baptixantis, seu ministri
33 1847 818 1892 mo modo sunt necessaria in sacramento baptismi illa
25 1887 817 1927 ibus exprimuntur tres diuinae personae, & actus bapti¬
18 1926 812 1976 ndi cum persona baptixata, in quam tramsit huiusmodi
31 1966 819 2015 p aliter tamen, & aliter: nam nomina diuinarum per¬
21 2004 815 2052 iarum sunt absolute, & simpliciter necessaria ad hoc,
24 2044 802 2090 d sit veritas sacramenti: propter quod nullo modo li¬
25 2083 818 2133 variare talia nomina, nec in se nec in modo exprimen
15 2122 811 2172 sed ea, quae significant actum baptixationis, & personam
18 2161 808 2204 ptixatam, licet quantum ad expressionem actus, & per
18 2202 802 2247 nae sint simpliciter necessaria pro veritate sacramenti
3 2239 814 2282 imen, quantum ad modum exprimendi, non sunt simpli
19 2280 818 2320 ernecessaria necessitate se tenente ex parte sacramen
18 2316 812 2358 Nam Craeci actum proferunt optatiue, & baptixatum
19 2357 812 2399 tertia persona dicentes, bapti vetur seruus Christi. Lati
17 2394 809 2439 bero in vniuersa Rom. Ecc. actum proferunt indicatiuc
30 2439 811 2487 aptixatum in secunda persona, puta, ego Paptixo te
29 2477 817 2519 tamen creditur, quod Craeci vere baptixent: cuius signum
20 2518 817 2563 lquod homana ecclesia Craecos ad se conuersos non
33 2562 814 2602 rebaptixare, quod vtique faceret, si eos non reputa¬
14 2593 797 2637 nsore baptix atos. Iste tamen modus exprimendi indi
13 2629 806 2672 tiue, & in secuda psona est necessarius necessitate se t
15 2669 802 2712 mte ex parte baptixantis in omnibus Latinis Ecclesi
24 2707 810 2750 latum talis modus sit de praecepto homanae Ecclesiae.
14 2750 809 2800 lem quantum ad omnes degentes in latinis Ecclesuis;
13 2785 808 2829 leo in huiusmodi Ecclesiis mortaliter peccaret, qui hu
8 2828 812 2869 lmodi modum non obseruaret, maxime si talis homo
21 2864 809 2912 peui ex officio competit baptix are: illum enim ignoram¬
14 2904 809 2950 aimris non excusat, cum de iure quilibet teneatur sciro
12 2940 800 2988 lud, quod ad suum officium dignoscitur pertinere. Et eo
12 2982 814 3031 em modo sentiendum est de hoc pronomine ego, quod
20 3023 809 3073 primit personam baptix antis: quia Craeci ipsum non
12 3068 803 3116 pnunt: & tamen vere baptixant. Mortaliter tamen pec
14 3103 495 3166 uet Fatinus si ipsum ommitteret
911 272 1719 334 His praemissis pono quattuor conclusiones circa formam
878 323 1733 371 verborum baptismi, de qua ad praesens petitur in isto ar¬
870 358 968 408 ticulo
918 400 1717 445 Prima est, quod propria nomina trium diuinarum perso¬
871 444 1619 489 narum necessario spectant ad formam baptixandi.
903 476 1712 526 1 Quia Christus verus Deus sub expressione istorum
876 520 1712 565 nominum praecepit baptismum conferri: ergo talia nomi
870 561 1718 601 na sunt de necessaria forma ipsius baptismi. Antecedens
885 599 1714 647 atet mat. vlt. Patet etiam consequentia: quia illud, cu
870 640 1718 681 ius vigor totaliter dependet ex ordinatione instituen¬
871 677 1714 718 tis, hoc nullum habet vigorem nisi forma ab instituen¬
877 720 1711 759 te posita obseruetur, & per consequens forma huiusmo
873 753 1724 797 di instituta dicitur necessaria, sed vigor omnium sacra¬
870 793 1709 845 mentorum ex institutione, & ordinatione Dei totaliter
865 831 1671 876 dependet, vt declaratum est superius d. 1. & 2. ergo &c.
904 872 1714 913 2 Praeterea, verba, quae sic se habent ad baptismum
873 912 1715 961 que sine eorum expressione baptixatus nullo modo conse¬
870 950 1716 1002 quitur mysterium redemptionis, illa sunt de necessaria
867 987 1717 1029 forma baptismi: sed nomina diuinarum personarum sunt
874 1023 1711 1070 huiusmodi. Maior patet. Probatur minor auctoritate Ful
871 1070 1711 1114 gentij, qui ait. Mysterium redemptionis nullo modo ha¬
864 1102 1728 1149 betur, si patris, aut filij, aut spiritus sancti nomen subtrahi
865 1147 1708 1191 tur. Et hoc confirmatur auctoritate Tachariae papae, qui
864 1185 1717 1234 ait. Firmissime praeceptum est svnodo Anglorum, vt qui¬
868 1223 1708 1269 cumque sine inuocatione trinitatis mersus fuerit, sacra¬
864 1268 1713 1313 mentum regenerationis non haberet, quod omnino ve¬
858 1300 980 1351 rum est
899 1327 1728 1390 Forte contra istud dicetur, si propria nomina diuina¬
864 1381 1703 1428 rum personarum distincte expressa sunt de necessaria for
865 1418 1702 1464 ma baptismi: tunc quicumque baptixatur sine huiusmo¬
868 1459 1706 1500 di expressione, ille esset rebaptixandus. Consequens es
868 1495 1712 1538 falsum Consequentia patet. Probatur falsitas consequen
870 1534 1704 1577 tis, primo auctoritate sacrae scripturae: qa, vt patet Actuum
874 1574 1715 1620 t. &2 ca aliqui fuerunt baptixati in nomine Christi: & ta
865 1609 1703 1661 men Apostoli non fecerant eos rebaptivari: immo vere
873 1650 1235 1704 putabant eos bapti) atos
904 1689 1709 1735 Secundo, auctoritate Ambrosij, qui ait: Si vnum sermo
870 1734 1700 1771 ne apprehenderis, fide autem nec patrem, nec filium, nec
869 1771 1712 1817 spiritum sanctum abneges: plenum est fidei sacramentum.
903 1809 1698 1856 Tertio auctoritate bernardi, qui in quadam sua episto
859 1845 1698 1903 la quendam, qui fuit baptixatus in nomine Dei, & sancte
870 1895 1390 1933 trucis, vere reputat esse baptixatum
888 1924 1697 1976 Quarto auctoritate Nicolai papae, qui ait. Hi profecto
858 1951 1704 2014 si in nomine trinitatis, vel in nomine Christi baptiven¬
869 2004 1139 2055 tur, baptixati sunt
898 2050 1700 2097 4 Praeterea, forma tradita a Christo Matth. vlti. cap.
868 2088 1698 2132 non dicit in nominibus, sed in nomine patris, &c ergo
857 2125 1697 2169 videtur, quod debeat poni tantum vnum nomen trinitatis
892 2164 1718 2208 3 Praeterea, vbi non est maior virtus in tribus, quam
859 2202 1700 2248 in vno, ibi tantum valet inuocatio vnius, sicut trium, sed
862 2241 1698 2291 patris, & filij, & spiritus sancti, vna est deitas, aequalis glo¬
857 2284 1675 2331 ria, & coaeterna maiestas, vt ait Athanasius in svmbolo.
893 2323 1699 2367 4 Praeterea, quando nomina sunt svnonima, tantum
860 2358 1688 2404 valet posito vnius, quantum alterius sed pater & geni¬
859 2399 1692 2442 tor, filius, & genitus sunt svnonima: ergo aeque bene po¬
874 2438 1697 2484 erit dici, in nomine genitoris, & geniti: sicut dicitur in
864 2470 1172 2527 nomine patris, & filij
904 2512 1719 2562 Ad primum dicendum, quod nomina diuinarum per¬
859 2555 1701 2604 sonarum esse necessario requisita ad formam, & efficaciam
859 2597 1706 2644 baptismi potest dupliciter intelligi. Vno modo per com¬
873 2637 1706 2687 parationem ad diuinam potentiam. Alio modo, ad huma
868 2674 1697 2719 nam. Primo modo est sensus falsus. Secundo modo, est
867 2714 1697 2755 verus: quia hoc dicitur necessarium in comparatione ad
861 2754 1701 2801 aliquam potentiam, cuius oppositum illa potentia fieri
871 2789 1697 2833 non potest, sed planum est, quod Deus posset facere quan
861 2833 1697 2879 documque sibi placeret, quod sacramentum baptismi es¬
861 2866 1691 2908 set verum, & efficax sine illis, & quibuscumque alijs ver¬
867 2901 1700 2947 bis: licet nulla humana auctoritas ad hoc se extendat, pu
857 2948 1697 2988 ta, quod mutando, vel non ponendo illa nomina baptis¬
858 2986 1698 3028 mus manet in sua efficacia: Et ro quoad hoc est, quia que in
858 3023 1694 3073 stitutum est auctoritate superioris, hoc mutari non potess
858 3063 1694 3107 auctoritate inferioris, sed expressio illorum nominum pro
864 3104 1697 3160 baptismo instituta est a Christo. Matth. vlti. ergo &c.
