2393 3537
228 295 1094 374 quae intentionem ministri determinant ad actum, quo con
241 364 1087 410 fertur sacramentum. Non est autem hoc necesse in aliis
231 402 1094 448 fieri, in quibus non est tantum periculum, si defuerit in¬
234 442 1094 486 tentio agentis: ideo non est simile de docere, & baptixare.
277 481 1089 522 Ad tertium dicendum, quod posito maiorem esse ve¬
237 521 1085 571 ram, loquendo de verbis, quae proferuntur tantummodo
243 561 1088 608 causa significationis: tamen non est vera, loquendo de
242 602 1097 640 verbis quae proferuntur causa sanctificandi, vel benedicen
232 639 1093 699 di. Vt sic enim quandoque proferuntur verba etiam ad
232 679 1087 735 creaturas insensibiles, dicimus enim. Exorcixo te crea¬
225 715 379 763 tura salis
275 727 1095 803 Ad quartum dicendum, quod ad maiorem determina¬
224 796 1089 849 tionem intentionis ministri ille actus non debet solum
234 837 711 881 exprimi facto, sed ctiam verbo
279 875 1085 923 Ad quintum dicendum, quod maior non est vera: qui¬
236 916 1094 967 saepe ad maiorem euidentiam aliquid exprimitur, quod
225 957 1039 1015 tamen posset intelligi, dato, quod non exprimeretur.
368 1054 949 1140 ARTICVLVS Iii.
219 1145 1077 1230 Vtrum quaelibet matatio facta circa verba in baptij
348 1209 956 1269 mo vequsita impediat sacramentum.
306 1331 1085 1392 VANTVM ad tertium articulum est aduertendum;
240 1386 1078 1440 A quod sicut in rebus corporalibus secundum qua
231 1424 1080 1471 tuor genera contingunt mutationes, puta, in substantia
236 1461 1080 1519 quantitate, qualitate, & vbi: sic circa verba baptismi fier
246 1505 1076 1546 mutationem potest intelligi quattuor modis. Vno modi
230 1544 1079 1587 secundum substantiam, scilicet quod illa verba omnia
242 1583 1082 1633 vel allqua dimittantur, & alia ponantur. Et hoc dupliciter
285 1620 1079 1665 Vno modo, manente eadem significatione, & eoden
233 1658 1080 1705 modo significandi sicut fit, cum forma verborum de la¬
230 1701 1082 1745 tino transfertur in gallicum, vel in verba alicuius alte¬
236 1736 1090 1793 rius idiomatis: & tunc nulla fiet mutatio circa baptismum;
236 1789 1079 1828 quia in quacumque lingua forma verborum a Christo tra¬
230 1816 1073 1859 nita & ab Ecclesia determinata proferatur, vere confer
237 1853 1081 1906 tur baptismus: quia tunc non mutatur forma intelligib
243 1892 1080 1940 lis, sed solum forma vocalis, seu sensibilis. Alio modo si¬
228 1934 1081 1987 gnificatione mutata, puta, si aliquis baptixaret in nomi¬
234 1970 1088 2027 ne Dei, & sanctae Mariae virginis : Vel mutato modo si¬
237 2013 1082 2069 gnificandi, vt si baptixaret in nomine genitoris, & geniti
240 2056 1085 2099 & paracleti, scu flaminis almi: tunc non est baptismus. Et
226 2092 1079 2142 istud est verum quantum ad nomina diuinarum persona
237 2126 1087 2181 rum, sed quantum ad verba exprimentia actum, & perso
237 2173 1075 2222 nam baptixatam sufficit, quod maneat eade significatio
237 2212 1075 2263 non obstante, quod modus significandi mutetur, sicut di
242 2249 658 2301 ctum est in articulo secundo
270 2276 1082 2333 Secundo modo potest fieri mutatio modo quantitatis.
252 2325 1079 2380 puta, aliquid addendo, & nihil subtrahendo: vel aliquis
229 2369 1088 2415 subtrahendo, & nihil reponendo. Primum potest fieri tri
230 2405 1088 2466 pliciter. Vno modo sic, quod illud additum implicat con
225 2444 1086 2495 dicionem non astantem, puta, si simplex sacerdos diceret,
237 2487 1084 2535 ego baptixo te, si sum Episcopus: vel implicat aliquid di
233 2524 1082 2578 strahens, vel diminuens diuinae personae dignitatem, set
230 2558 1074 2612 tollens diuinarum personarum aequalitatem, sicut Arria
233 2600 1082 2649 ni baptixabant in nomine patris maioris, & filij minoris
237 2636 1090 2689 Tertio modo, quod illud additum, nec sit distrahens, nec
234 2677 1074 2740 diminuens: tamen ille, qui addit, intendit nouam for
225 2718 1079 2773 mam introducere, non credens formam hactenus obser¬
233 2761 1081 2807 tam esse sufficientem, & efficacem. Et his tribus modi
232 2794 1095 2852 semper tollitur veritas baptismi, & per consequens sic ba
226 2833 1089 2897 ptixatus, est rebaptix andus. Si autem huiusmodi additio
228 2877 1078 2925 fit ex addentis simplicitate, vel deuotione: tunc verus es
228 2917 1088 2969 baptismus, puta, si aliquis sine fraude diceret, ego bapti¬
237 2957 865 3005 go te in nomine patris omnipotentis, &c
281 2995 1088 3043 Si autem mutatur quantitas subtrahendo, & nihil re¬
236 3025 1085 3096 ponendo, vel tunc subtrahitur aliqua dictio necessario re
237 3070 1073 3125 quisita ad veram formam baptismi, vel non necessario re
231 3109 1079 3161 quisita. Primo modo non est verus baptismus. Secundo
240 3146 1089 3204 modo est verus baptismus, licet grauiter peccet, qui sub¬
1127 305 1643 378 trahit, vt superius est declaratum.
1182 353 1982 412 Nota tamen, quod si subtractio filij vel spiritus sancti
1141 414 1988 455 prolato nomine patris, non esset voluntaria, puta, vel
1137 448 1981 495 quia baptixatus moritur, vel baptixans non potest vlte¬
1134 490 1986 541 rius loqui: tunc dicunt multi doctores, quod verus est ba
1143 520 1984 581 ptismus non obstante praedicta omissione. Et in hoc ca¬
1143 557 1979 614 iu dicunt esse intelligendam auctoritatem Ambrosij sut
1136 608 1986 655 perius adductam articulo secundo, argumento primo con¬
1146 645 1982 692 tra primam conclusionem: Tamen forte tutius esset, im¬
1154 686 1970 731 edimento sic interueniente ex parte bapticantis, quo
1131 726 1991 773 illud consilium teneretur, quod traditur extra debaptis¬
1146 763 1975 806 mo, & eius effectu, vbi dicitur. De quibus est dubium, at
1131 795 1977 856 sint baptixati baptixentur, his verbis praemissis. Si ba
1141 839 1982 893 ptixatus es: non te baptixo: sed si nondum baptixatus
1132 882 1972 936 es ego te baptixo in nomine patris, & filij, & spiritu
1134 909 1340 962 sancti: amen¬
1186 935 1982 1012 Tertio modo, potest fieri mutatio modo qualitatis, pu
1130 979 1973 1055 ta, verba incorrecte proferendo vel frangendo, vel con
1126 1037 1982 1085 rumpendo. Et hoc dupliciter, scilicet vel voluntarie, &
1142 1076 1979 1127 malitiose: tunc non teneret taliter faciens formam ab
1131 1114 1980 1169 Ecclesia obseruatam, & per consequens non bapticaret
1145 1156 1989 1196 Vel ex ignorantia, sine ex impotentia. Et hoc adhuc du¬
1146 1193 1981 1246 pliciter: quia, vel tanta est corruptio verbi, vel verbo¬¬
1127 1233 1977 1287 rum, quod mutatur significatio, vel non mutatur signi¬
1131 1269 1981 1325 ficatio. Si non mutatur: tunc verum est sacramentum,
1132 1308 1974 1367 debent tamen tales, qui propter linguae impedimentum
1136 1349 1985 1408 quandoque balbutiendo, sincopant verba sacramenti,
1134 1392 1970 1444 cauere quantum possunt: quia si hoc non fecerint, graui
1136 1427 1972 1482 ter delinquunt. Si autem mutatur significatio, verbi gra
1142 1463 1988 1513 tia, cum deberet dicere, patris, dicit patria: tunc, vel est
1146 1506 1979 1551 tanta corruptio, quod non solum mutatur significatio
1139 1545 1982 1601 quantum ad primam nominis impositionem, sed etiam
1139 1591 1983 1641 quantum ad vsus accommodationem, vel dato, quod mu
1142 1620 1974 1678 tetur significatio quantum ad nominis impositionem
1141 1660 1976 1721 manet tamen quantum ad vsus accommodationem, pu¬
1135 1699 1976 1758 ta: quia adhuc communiter intelligitur, quid intendit
1134 1737 1983 1795 ille, qui loquitur. Primo modo non est verus baptismus,
1130 1780 1970 1821 sed secundo modo est verus baptismus: quod patet di
1141 1825 1976 1871 conse. dist. 4. c retulerunt, vbi dicitur de quodam sacerdo
1132 1860 1979 1901 te, quod cum Qraecus esset, & officiaret latinam eccle¬
1128 1897 1976 1936 siam, baptixauit in nomine, patria, & filia, & spiritu san¬
1144 1936 1973 1980 cta. Et respondet ibidem Vacharias Papa dicens, quod s
1126 1975 1970 2018 hoc fecit ex imperitia linguae Latinae non intendeni
1128 2015 1976 2079 aliquem errorem inducere: non erant rebapticandi,
1136 2055 1372 2110 quos bapticauit
1172 2068 1967 2143 Quarto modo, potest fieri mutatio ad instar locali
1131 2136 1970 2185 mutationis. Et hoc dupliciter Vno modo per tran¬
1140 2166 1964 2221 positonem. Alio modo per interpositionem. Primi
1143 2213 1970 2255 potest fieri dupliciter. Vno modo ex certa malitia, & ta¬
1135 2249 1977 2295 liter faciens non baptixat. Alio modo, ex simplicitate,
1131 2290 1976 2342 & hoc dupliciter: quia, vel est talis transposito, quae mu
1134 2325 1980 2373 tat sententiam orationis, puta, si diceret aliquis, ego
1143 2374 1973 2423 atris baptixo te, & filij, & in nomine spiritus sancti: tun¬
1128 2401 1400 2457 nec talis baptixat.
1169 2436 1979 2493 Si autem ex huiusmodi transpositone non mutatur
1134 2478 1970 2542 sententia orationis, tunc verus est baptismus, puta, si di¬
1135 2523 1973 2576 ceret: ego baptixo te in nomine filij, & patris, & spiritus
1130 2566 1977 2620 sancti. Si autem fit interposito, puta, dicendo: ego ba¬
1143 2602 1982 2644 tivo te, ista aqua est nimis frigida, in nomine patris, &
1130 2641 1977 2687 filij, & spiritus sancti, hoc potest fieri dupliciter; quia,
1133 2681 1972 2724 vel ita longa fit interposito, quod modo humano me¬
1126 2721 1983 2769 rito iudicatur, quod actio baptismalis sit penitus di¬
1135 2755 1977 2807 scontinuata: tunc forma verborum debet reincipi,
1125 2806 1973 2853 alias non esset verus baptismus, vel non interponitur tan
1135 2838 1974 2878 ta mora, quod secundum humanam consuetudinem a¬
1131 2877 1970 2920 ctus baptixandi dicatur, vel sit discontinuatus, tunc non
1124 2916 1979 2959 obstante huiusmodi interpositone, verus esset baptismus,
1140 2954 1973 2999 dummodo talis interposito non fiat in fraudem, vel ex
1141 2994 1979 3036 certa malitia. Veritas in istis clausulis expressa commu¬
1128 3032 1974 3074 nius tenetur, quamuis in multis hic positis aliqui te¬
1128 3076 1971 3122 neant oppositum: quorum motiua, quia non viden¬
1129 3105 1979 3159 tur alicuius ponderis: ideo causa breuitatis ea non
1132 3148 1245 3205 adduxi.
