2401 3536
275 265 1097 343 Conclusio secunda est, quod omnis adultus, qui bapti¬
252 326 1096 369 patur non ponens obicem gratiae Dei, recipit sacramen¬
255 369 1100 413 tum, & rem sacramenti. Quia si illud, quod minus videtur
255 403 1088 449 inesse, inest, & illud, quod magis: sed minus hoc videtui
248 441 1088 489 de paruulis, quam de adultis obicem non ponentibus, &
249 485 1095 528 paruuli, vt declaratum est, recipiunt sacramentum, & rem
252 518 1095 573 sacramenti: ergo &c. Qui autem sint adulti obicem non
253 557 1101 617 ponentes, patebit in sequenti articulo ex opposito sensu,
249 605 1017 660 cum dicetur de his, qui obicem ponunt gratiae Dei.
382 705 975 799 ARTICVLVS III
348 823 999 878 Qui sunt hai qui recipiunt sacramentum
467 870 872 916 & non rem satramenti.
276 968 1096 1047 VANTVM ad tertium articulum est aduertendum,
293 1028 1087 1074 N¬ quod duo possunt accidere impedimenta circa ba
256 1076 1091 1117 ptismum, quae quandoque impediunt sacramentum, &
246 1110 1084 1154 rem sacramenti, quandoque impediunt rem sactamenti
256 1144 1085 1203 licet non impediant sacramentum. Vnum impedimen¬
240 1188 1092 1226 tum est dissensus ipsius baptixati ab his, quae fiunt circa
249 1224 1087 1281 eum in baptismo. Aliud impedimentum est fictio eiusdem
243 1258 387 1314 baptixati
300 1302 1087 1351 Duo ad primum est sciendum, quod non consentien¬
240 1344 1090 1393 potest dupliciter se habere. Vno modo tantummodo ne
242 1385 1090 1434 gatiue, puta, quia non praebet consensum. Alio modo,
249 1429 1094 1474 contrarie, puta, quia actualiter dissentit, & vult actu posi¬
245 1462 1094 1502 tiuo oppositum illius, de quo agitur. Primum adhuc du¬
239 1495 1097 1550 pliciter: quia, vel talis non consentiens priusquam bapti
246 1544 1097 1587 aatur, consensit: licet pro tunc non eliciat actum consen¬
240 1579 1093 1618 sus, quando actu baptixatur, quod potest accidere propter
248 1615 1091 1658 inaduertentiam, vel propter impedimentum superue¬
243 1657 1093 1704 niens, puta, quia forte dormit, quando baptixatur, vel fu¬
249 1693 752 1743 riosus, seu phreneticus effectus est
294 1732 1097 1773 Vel numquam ante consensit. Et istud secundum adhuc
245 1765 1100 1816 dupliciter: quia talis, qui nec tunc, nec ante consensit, vel
252 1811 1096 1856 est capax rationis, vel non. Si est capax: tunc nec recipit
247 1852 1088 1895 sacramentum, nec rem sacramenti: quia nullus, qui est ca¬
256 1891 1101 1934 pax rationis sine suo actuali, vel saltem habituali consen¬
255 1943 1089 1984 u recipit sacramentum bantismi. Si non est capax ratio¬
250 1970 1098 2014 nis, hoc dupliciter: quia, vel ante fuit capax rationis: tunc
243 2008 1091 2051 non recipit sacramentum, eo quod tunc non consentiat
266 2050 1091 2101 propter impedimentum, nec ante consensit, quando non
254 2085 1089 2140 habuit impedimentum. vel numquam fuit capax ratio¬
254 2127 1087 2172 nis: sicut sunt illi, qui sunt nati naturales fatui: tunc di
258 2168 1100 2218 tali iudicandum est, sicut iudicatur de paruulis: quia eo
250 2203 1103 2253 ipso, quod ipse non est, nec fuit compos sui ipsius: fides, &
247 2243 1088 2290 consensus parentum vel patrinorum, vel sanctae matri
246 2284 1100 2324 ecclesiae sufficiunt illi ad hoc, quod percipiat sacramen¬
258 2321 1091 2365 tum, & rem sacramenti, sicut etiam haec sufficiunt paruulo.
255 2361 1095 2411 Si autem priusquam veniret ad baptismum consensit ad
250 2401 1098 2444 hoc, vt baptixaretur, si ille consensus non interrumpitur
258 2439 1105 2489 per aliquem dissensum, tunc virtute praecedentis consen
262 2478 1097 2524 us talis baptixatus recipit sacramentum, & rem sacra¬
250 2518 1103 2564 menti Propter reuerentiam tamen sacramenti dormiens,
252 2556 1100 2597 vel phreneticus, non debent baptixari: quamuis constet
253 2594 1100 2646 de consensu eorum, quem praebuerunt antequam dormi
255 2635 1100 2685 rent, seu in phrenesim inciderent, nisi vrgeat extrema neces
262 2678 1100 2721 sitas, puta, si phreneticus est in periculo mortis, vel etiam
257 2720 1095 2758 dormiens sit in mortis periculo. Quandoque enim lethar¬
260 2743 1120 2815 gica passio tantum inualescit, quod homo dormit vsque
249 2792 451 2843 ad mortem.
300 2831 1096 2874 Etiam laesus a serpente, qui dicitur Dipsas moritui
256 2868 1106 2919 dormiendo. Huiusmodi igitur casibus euenientibus ta¬
265 2909 1105 2952 les homines congrue poterunt baptixari, quando constat
258 2955 1097 3000 eos prius voluntatem habuisse ad hoc, quod baptixaren¬
258 2990 1099 3035 tur. Si autem talis, qui baptixatur habet actum contrarium,
259 3034 1100 3079 puta: quia dissentit ab his, quae fiunt circa ipsum: hoc po¬
253 3064 1104 3117 test esse dupliciter: quia vel dissentit omnino, ita quod
261 3107 1101 3167 nullo modo consentit, & tunc quamuiscumque bapti.
1138 277 1988 354 retur, nec recipit sacramentum, nec rem sacramenti. vel
1149 339 1994 385 simul consentit, & dissentit aliter tamen, & aliter: puta,
1147 373 1980 423 consentit timore poenae: tamen si posset transire impu¬
1148 416 1987 466 ne, ipse non consentiret, tunc dicitur consentire: quia si
1140 457 1991 501 non esset ibi plus de volito, quam de nolito, prius fustine
1141 498 1994 538 ret omnem poenam, quam consentiret. Exemplum de
1147 541 1869 586 proiicientibus merces in mare ne submergantur.
1183 561 1986 623 Et hoc casu posito talis recipit sacramentum, licet non
1141 617 1988 669 recipiat rem sacramenti sicut patet extra de baptismo, &
1147 653 1770 700 eius effectu, cap: maiores, vbi sic scribitur.
1194 689 1980 743 Qui terroribus, atque suppliciis violenter attrahitur,
1133 727 1980 780 & ne detrimentum sui incurrat baptismi suscipit sacra¬
1127 771 1979 819 mentum: talis, & is, qui ficte accedit ad baptismum cha¬
1137 814 1974 861 racterem suscipit Christianitatis impressum, & ipse tan¬
1134 848 1991 898 quam condicionaliter volens, licet absolute non velit, co
1148 877 1661 931 gendus est ad fidei obseruationem.
1160 924 1968 977 Quo ad secundum, scilicet de fictione est sciendum, quo
1139 956 1974 1018 circa baptismum duplex potest esse fictio vna quantum
1151 1001 1985 1052 d receptionem ipsius baptismi, puta, aliquis accedens ad
1152 1041 1975 1084 acramentum baptismi exterius simulat se velle recipere
1140 1079 1972 1122 baptismum: interius tamen omnino non vult recipere ba¬
1142 1123 1977 1170 ptismum. Et talis fictor nec recipit sacramentum, nec re
1144 1154 1979 1204 sacramenti. Alia quantum ad dispositionem, puta, exte¬
1150 1193 1992 1253 ius simulat se sufficienter esse dispositum ad sacramenti
1143 1231 1875 1290 susceptionem: tamen interius non est dispositus.
1187 1270 1976 1318 Quod dupliciter contingere potest. Vno modo;
1149 1312 1970 1372 quia deficit in fide. Alio modo: quia intendit aliquos
1147 1358 1988 1411 mortale peccatum non dimittere. Et ista fictione non ob
1134 1390 1982 1443 stante, dummodo non sit fictus quo ad ipsam receptionem,
1140 1439 1979 1484 talis recipit sacramentum, quamuis non recipiat rem sa¬
1145 1466 1988 1524 cramenti. Et de isto secundo modo ficto intelligenda est
1137 1503 1630 1561 illa decretalis superius allegata.
1167 1544 1988 1589 Cessante autem huiusmodi sictione, puta, quando ta¬
1149 1585 1978 1626 is homo, qui fictus erat, ad veram fidem reducitur, & de¬
1149 1627 1978 1668 bitam poenitentiam egerit de tali peccato, in quo perti¬
1145 1669 1976 1716 naciter mancre proposuit, tunc veraciter recipiet rem sa¬
1145 1703 1980 1757 cramenti. Quia cessante causa cessat & effectus, sed tota
1146 1746 1982 1794 causa quare talis homo non recipit rem sacramenti fuit
1143 1783 1895 1827 fictio, & infidelitas, seu mortale peccatum: ergo &c.
1189 1822 1979 1869 praeterea, Augustinus dicit, & habetur hic in littera,
1134 1859 1972 1904 tunc baptismus valere incipit, quando fictio veraci con¬
1146 1895 1418 1946 essione recesserit.
1171 1940 1985 1989 1 Forte dicetur, quod ad productionem effectus in
1146 1977 1970 2034 ctu requiritur causa in actu: sed baptismus, quo baptixa
1134 2014 1988 2066 batur ille homo, non est in actu: transiuit enim iam in
1140 2062 1983 2110 non esse : ergo res sacramenti, quae est effectus baptismi,
1134 2095 1900 2146 non potest cessante fictione isti homini conuenire¬
1177 2134 1988 2188 2 Praeterea, cessante fictione, aut talis homo virtute
1149 2171 1988 2229 acramenti absoluitur ab omni culpa, & ab omni poena,
1146 2208 1982 2253 aut non. Si sic, tunc fictus ex sua fictione, seu malitia re¬
1151 2255 1985 2303 portaret commodum: quia si sine fictione recepisset ba¬
1156 2287 1985 2335 tismum, tunc modo teneretur ad satisfactionem illorum
1161 2328 1981 2374 eccatorum, quae contraxit postquam fuit baptixatus. Si
1141 2362 1684 2411 non, tunc Deus dimidiaret veniam.
1178 2409 1984 2453 Ad Primum dicendum ad minorem, quod licet actus
1143 2438 1982 2497 baptismi, scilicet ipsa bapticatio transicrit in non esse,
1147 2483 1981 2533 tamen effectus baptismi, scilicet character, qui est dispo¬
1146 2526 1981 2571 sitio ad ea, quae superius dicta sunt res sacramenti, &
1154 2562 1984 2609 tirtus diuina, quae operatur effectus sacramentales non
1145 2605 1988 2651 transierunt: sed praesentes sunt ad causandum gratiam
1146 2643 1995 2683 baptismalem, & cetera, quae huiusmodi gratiam con¬¬
1141 2677 1304 2733 sequuntur.
1188 2716 1984 2770 Ad secundum dicendum, quod cessante fictione remit
1154 2758 1996 2806 titur absolute omnis culpa praecedens receptionem ba¬
1164 2799 1991 2845 tismi, & omnis poena satisfactoria pro tali culpa. Remit¬
1149 2848 1988 2886 titur etiam per poenitentiam culpa sequens baptismum,
1143 2874 1985 2928 & manet ille homo obligatus ad faciendum confessionem
1143 2919 1994 2960 de talibus culpis, quas post baptismum perpetrauit, & ad
1154 2952 1999 2997 atisfaciendum pro eisdem secundum consilium confes¬
1155 2994 1989 3047 oris, quamuis ad confessionem, & satisfactionem earum
1151 3031 1993 3075 culparum, quae baptismum praecesserunt minime tenca¬
1149 3072 1988 3119 tur. Et sic patet, quod talis homo ex sua fictione nullum
1145 3106 1480 3168 reportat commodum
