2385 3538
394 261 1250 322 satione. Tertio, de praedictae institutionis causa, i& ratio¬
400 316 1248 367 ne: Secunda, ibi, Solet quaeri. Tertia, ibi, Causa vero.
402 352 575 412 Hic quaero.
666 439 975 507 Questio 1.
477 516 1175 601 An expressa verborum prolatio sit de ne¬
658 572 972 647 cessitate baptismi
402 873 1247 961 VTRVM vocalis verborum expressio sit de necessita¬
429 929 971 998 Vte baptismi. Et videtur, quod non
441 958 1249 1034 Quia illud, quod non erat in baptismo, quo Christus
399 1016 1257 1069 baptia abatur, hoc non videtur esse de necessitate nostri
398 1062 1247 1111 baptismi: sed Christus legitur baptixatus, & in eius ba¬
424 1102 1254 1146 tismo nulla legitur fuisse verborum expressio: ergo &c
395 1139 1239 1184 Maior patet: quia cum omnis Christi actio nostra sit in
405 1174 1250 1233 structio, videtur, quod illud, quod in Christi baptismo non
412 1218 1010 1271 extitit, hoc nec in nostro necessarium sit
447 1250 1250 1307 Contra illud est de necessitate baptismi, sine quo for¬
400 1291 1251 1346 ma baptixandi a Christo tradita, non potest obseruari,
399 1335 1247 1384 sed sine vocali verborum expressione forma tradita a Chri
393 1375 1252 1418 sto non pot obseruari: ergo &c. Maior patet. Probatur mi
399 1416 1247 1458 nor: qua Christus pcepit discipulis baptixare in nomine pro
400 1452 1251 1500 tris, & filij, & spiritus sacti: vt patet in Matthaeo. hic quat
403 1492 1259 1543 tuor sunt videnda. Primo videndum est, quid sit baptis¬
399 1529 1262 1582 mus, Secundo, quae forma verborum requiratur in baptis
398 1570 1259 1612 mo, & per idem patebit ad illud, quod hic in principali¬
402 1605 604 1658 ter quaeritur.
451 1642 1256 1696 Tertio videndum est, vtrum quaelibet mutatio facta
405 1691 1251 1751 circa verba in baptismo requisita, impediat sacramentum
405 1724 881 1790 Et quarto de materia baptismi
592 1799 1083 1889 RESOLVTIO.
410 1919 1261 1979 cum baptismus ext erior quaedam corporis ablutio sit, quae sane
435 1966 1246 2013 sub certa quadam praescripta verborum forma conficitur.
440 2004 1251 2054 Vnde cum forma de necessitate eius sit, cuius ert forma ad bat
453 2049 1251 2108 tismum profecto conficiendum expressa verborum prolatio f
447 2084 1062 2140 mam ipsius exprimentium necessario exigitur.
550 2164 1100 2235 ARTICVLVS n
672 2246 999 2330 Quid sit haptismus.
479 2325 1244 2406 VANTVM ad primum articulum respondet Ma
425 2361 1261 2446 gister hic in littera dicens, Paptismus est ablutio
417 2445 1229 2487 corporis exterior, facta sub forma verborum praescripta
411 2474 1262 2520 1 Sed ab ista descriptione videtur dissentire Hugo de
409 2515 1260 2559 sancto victore, qui baptismum non dicit esse ablutionem,
415 2557 1266 2610 sed aquam, sic dicens Paptismus est aqua abluendis crimi
422 2588 680 2643 nibus sanctificata.
417 2633 1257 2682 2 Praeterea, arguitur contra Magistrum sic. Quandocum
420 2680 1247 2725 que: aliqua sic se habent, quod vnum manet, altero non ma
416 2719 1260 2765 nente: tunc vnum non potest in recto de altero praedica¬
416 2751 1247 2796 ri, sed baptismus manet, & ablutio non manet. Maior pa
416 2791 1250 2840 tet. Probatur minor: quia, quod ablutio transeat, hoc di
419 2827 1253 2875 se patet, sed quod baptismus maneat, hoc patet per Au¬
424 2874 1254 2922 gustinum, qui ait. Sacramento semel imposito, numquam
423 2901 651 2960 eo quis carebit.
455 2922 1263 3000 3 Praeterea, illud cui collata est vis regeneratiua, hoc
423 2972 1250 3033 sacramentum baptismi debet appellari, sed aquae est hu¬
418 3024 1248 3079 iusmodi vis collata: quia dicit Doda in glosa. Luc. 3. que De
420 3068 1245 3126 minus contactu mundissimae suae carnis vim regenerati
423 3097 714 3160 uam contulit aquis.
1317 269 2141 318 4 Praeterea, illud, quod est de praedicamento relatio¬
1292 317 2135 364 nis, non recipit praedicationem eius, quod est de praedica
1286 356 2142 404 mento actionis, vel passionis, vel substantiae: ergo baptis¬
1287 396 2138 441 mus, nec debet dici ablutio, nec aqua: quod est contra
1299 434 2147 478 vtranque descriptionem. Antecedens patet Probatur con
1294 473 2138 514 sequentia: nam baptismus, cum sit sacramentum, & per
1293 510 2148 553 consequens signum, necessario erit in praedicamento rela
1292 555 2135 598 tionis: ablutio autem est de praedicamento actionis, Vt
1302 589 2140 637 procedit ab abluente, & est de praedicamento passionis,
1295 626 2141 678 vt recipitur in abluto: aqua vero, vt de se patet, est de
1293 666 1808 718 praedicamento substantiae.
1335 707 2133 754 Ad intellectum ergo praedictorum est aduertendum
1299 746 2135 796 quod licet baptismus formaliter dicat respectum, sicut
1305 788 2138 836 vnum quodque aliorum sacramentorum, prout, declara
1302 823 2130 870 ui superius dist. 1. qu. 2 tamen includit essentialiter res con
1293 865 2135 915 porales, super quibus immediate fundatur huiusmodi
1302 906 2150 955 cespectus: tales autem partes fundamentales, licet omnes
1296 942 2131 989 sint partes materiales comparatae ad praedictum respe¬
1301 981 2134 1022 ctum: tamen ad inuicem comparatae, vna dicitur materi;
1303 1026 2147 1074 lis respectu alterius, secundum quod est prior ea, & deter
1299 1060 2143 1109 minabilis per ea, & alia contra dicitur formalis: eo quod
1298 1100 2138 1148 partem priorem faciat determinate stare pro ipso sacra¬
1298 1141 2150 1194 mento, verbi gratia. In proposito tam ablutio, quam etiam
1301 1179 2135 1225 verba trium diuinarum personarum expressiua dicuntui
1311 1217 2134 1268 partes fundamentales, seu materiales, vt fundant baptis¬
1299 1261 2150 1306 mum formaliter sumptum, puta, vt baptismus est signum
1298 1295 2143 1335 efficax respectu gratiae Dei: tamen cum baptiaatur ho¬¬
1299 1333 2147 1385 mo verba praedicta determinant illam ablutionem, & fa¬
1296 1372 2144 1424 ciunt eam determinate stare pro sacramento baptismi;
1296 1422 2142 1460 ideo talia verba dicuntur formalis pars respectu ablutio¬
1311 1452 2070 1501 is contractae & determinatae, per huiusmodi verba.
1341 1493 2148 1542 Iterum est aduertendum, quod licet aqua, & ablutio
1306 1527 2150 1572 facta per aquam, determinantur per verba predicta ad
1302 1571 2145 1616 standum pro sacramento baptismi, quando recta intentio
1304 1610 2144 1656 ne dicuntur huiusmodi verba, & per consequens tam aqua
1310 1649 2146 1696 quam ablutio dicantur partes materiales respectu hu¬
1303 1690 2140 1740 iusmodi verborum: tamen aqua se habet vt materia re¬
1308 1727 2150 1772 mota, ablutio vero se habet vt materia propinqua: quia
1304 1764 2150 1818 ablutio immediate fundat respectum praedictum, qui est
1302 1806 2147 1846 sacramentum baptismi formaliter: aqua autem non fun¬
1307 1844 2148 1900 dat huiusmodi respectum, nisi mediante ablutione: quia
1299 1886 2144 1928 nec ante ablutionem, nec post ablutionem est in aqua
1318 1924 2153 1981 aptismus formaliter, sed solum per mensuram ipsius.
1299 1957 1459 2010 ablutionis
1347 1974 2148 2044 Hinc est, quod diffinitio data per Magistrum ordina¬
1306 2036 2142 2085 tior esse videtur, quam illa, quae est data per Hug. Quia
1312 2080 2150 2133 n rebus artificialibus; materia propinqua praedicatur essen
1305 2121 2148 2169 tialiter de eo, cuius est materia, sed materia remota da¬¬
1302 2159 2150 2216 to, quod praedicetur de huiusmodi rebus causaliter: ta¬
1305 2202 2153 2253 men non praedicatur essentialiter: lsta enim est essentia¬
1302 2236 2141 2293 lis praedicatio, statua est lignum: supposito, quod propin
1315 2283 2162 2331 qua materia immediate informata forma statuae, sit lignum
1308 2316 2149 2356 tamen ista non est essentialis praedicatio, sed solum cau¬
1311 2352 2145 2408 alis, quae dicitur, statua est hyle, seu materia prima. Et
1303 2395 2151 2437 quia illa, quae sunt signa voluntarie instituta, se habent
1318 2435 2144 2481 d modum artificialium: ideo ablutio, quae ponitur in dil
1305 2471 2153 2524 finitione Magistri, essentialiter praedicatur de baptismo:
1305 2515 2147 2561 qui, formaliter sumendo, est signum a Deo voluntarie
1306 2561 2151 2606 institutum: Sed aqua, quae ponitur in diffinitione Hugo¬
1305 2591 2150 2639 nis cum sit materia remota baptismi, non praedicatur es¬
1305 2629 1976 2679 sentialiter de baptismo: sed solum causaliter,
1335 2666 2155 2723 Ex quo vlterius sequitur, quod in diffinitione Magistri
1306 2707 2150 2748 melius exprimitur genus, & differentia: quam in diffini¬
1303 2746 2153 2792 tione Hugonis: quia genus essentialiter. praedicatur de
1299 2785 2147 2833 specie diffinita per ipsum: Sed, sicut iam declaratum est,
1305 2829 2148 2880 ablutio praedicatur essentialiter de baptismo, & non aqua¬
1314 2863 2154 2917 entiam differentia accipitur a parte formalis; sed verba per
1308 2899 2148 2960 sonas diuinas exprimentia sunt forma baptismi in ordi¬
1311 2942 2126 2988 ne ad ablutionem, quae determinatur per ipsa: ideo &c
1338 2978 1998 3038 Et per hoc patet ad instantiam de Hugone.
1348 3017 2135 3066 Ad secundum dicendum, quod in baptismo poterimus tria
1308 3066 2138 3112 considerare: nam aliquid est ibi, quod est sacramentum
1305 3104 2134 3168 tantum, puta, ablutio, & verba. Aliquid, quod est sacta¬
