2396 3530
253 248 1114 309 adhuc tenetur ratione praecepti ad baptismum ssuminis
267 307 1103 352 vt ibi recipiat characterem, qui est signum distinctiuum
254 342 928 390 populi Dei ab his, qui non sunt populus Dei¬
295 380 1097 429 Ad quintum dicendum, quod consequens non est fal¬
257 422 1097 461 sum, hoc posito, quod ipse posset baptixari baptismo flu¬
252 456 1106 509 minis, & non baptixaretur eo. Ad probationem dicendum
247 500 1096 547 que ratione contemptus, quo negligeret implere praeceptum
256 538 1100 582 Dei, ipse perderet gratiam, & per consequens non dece¬
261 576 477 631 deret in gratia¬
284 618 1106 670 Ex praedictis patet ad principale quaesitum. Quia vel
248 660 1085 706 quaeritur de paruulis, uel de adultis. Si de paruulis bapti
256 698 1100 746 atis, tunc omnibus conuenit effectus baptisimi aequaliter,
252 736 1091 790 quantum est de communi lege, quamuis de priuilegio
240 775 1102 816 fragulari vni Deus possit plus infundere de gratia, & vir¬
249 812 554 868 tutibus, quam alteri.
291 848 1087 899 Forte dices, quod bona, & ordinata natura est congrus
253 889 1090 941 disposito ad gratiam, sed vnus paruulus habet meliora
250 934 1092 983 naturalia, quam alter: ergo congruum esse videtur, quod
253 972 1089 1016 etiam de lege communi vni plus infundatur de gratia,
247 1007 638 1065 & virtutibus, quam alteri.
288 1048 1091 1092 Respondeo, quod bonitas humanae naturae potest du¬
242 1089 1092 1134 pliciter intelligi, scilicet quantum ad corpus, & quantum
247 1127 1085 1171 ad animam. Primo modo vnus paruulus est melioris na¬
243 1168 1078 1214 turae, quam alter, secundum quod vnus melioris comple
249 1207 1086 1251 xionis, quam alter. Sed non secundo modo: quia sicut
256 1248 1093 1297 ostendi lib. 2. dist. 31. artic. 2 omnes animae rationales sunt
240 1293 1088 1334 aequales in sui primordio quantum ad essentiam, & pro¬
255 1326 1086 1375 prietates ipsam essentiam naturaliter consequentes. Re¬
249 1361 1082 1416 spondi etiam ibidem duobus articulis Parisiensibus, qu
243 1409 875 1449 aliquo modo videntur oppositum sonare
285 1446 1079 1490 Ad formam igitur argumenti dico, quod bonitas ip
240 1479 1082 1525 fius habitus non sequitur dispositionem remotam, sec
243 1517 1087 1573 propinquam, sed nunc est ita, quod bona disposito volun
234 1559 1090 1613 tatis est dispofitio propinqua ad gratiam, corporalis vero
235 1597 1081 1649 complexio est disposito remota. Vnde saepe contingit, quod
230 1632 1082 1681 illi, qui habent meliorem complexionem corporalem,
239 1682 1091 1723 minus habent de gratia propter malam dispositionem vo¬
234 1717 1092 1766 luntatis, quam ex malo vsubonae complexionis acqui¬
245 1767 1088 1807 runt. Ergo non obstante varietate complexionis in par¬
241 1794 1080 1837 uulis, cum sit in eis aequalitas voluntatis, aequalem reci¬
246 1831 929 1890 piunt gratiam, quantum est ex communi lege¬
277 1871 1079 1924 Si vero quaeritur de adultis, tunc inter illos, qui reci¬
252 1910 1079 1960 iunt sacramentum, & rem sacramenti, vnusquisque de
234 1954 1079 2002 hoc effectu baptismi, qui est gratia Dei, recipit plus, vel
240 1992 1086 2038 minus secundum quod in sua voluntate est melius, vel
234 2035 574 2081 minus bene dispositus
280 2068 1082 2118 Ad principale argumentum dicendum, quod maior
243 2117 1074 2154 non est vera, nisi illa quae recipiunt influxum ipsius cau¬
235 2145 1077 2193 sae sint aequaliter disposita. Idem enim Sol eodem modo
233 2190 1085 2241 agens, quantum est ex parte sui, vnam rem denigrat, &
231 2228 1078 2272 aliam dealbat, vnam humectat, & aliam exciccat, secundum
241 2262 1077 2316 quod res sunt aliter & aliter dispositae. Modo ita est, quod
231 2302 1076 2348 licet paruuli sint aequaliter dispositi, tamen adulti sunt
247 2344 566 2398 inaequaliter dispositi.
393 2417 911 2477 DISTINCTIO V.
233 2495 1077 2584 Preuissima huius distinctionis duusio, in qua deter¬
320 2571 984 2627 minatur de haptismo per compar ationem
555 2604 767 2669 ad mimistros.
480 2687 1083 2744 OSTPACSCIENDVM. Postquam
480 2731 1082 2781 determinauit de baptismo in ordine ad
494 2773 1086 2829 psum suscipientes: hic determinat de
480 2812 1079 2863 baptismo in ordine ad ministros baptis¬
486 2852 1073 2903 mum conserentes. Et diuiditur in duas
237 2929 1067 2994 potestatem baption andi Christus ipsis ministris tribuit.
225 2980 1081 3021 Secundo ostendit, quod maiorem potestatem ipsis com¬
237 3006 1079 3060 mittere potuit, quam tamen non commisit, ibi. Hic quaeri¬
237 3053 1072 3101 tur, quae. Prima in duas: quia primo, ostendit, quomodi
231 3092 1081 3148 Christus aequalem bapticandi potestatem commisit bo¬
1152 255 2016 328 nis, & malis. Secundo assignat rationem huius commis¬
1145 309 2004 358 sionis, ibi. Quia ministerium tantum habent. Haec est sen
1155 354 1998 405 tentia istius distinctionis in generali, circa quam quaero.
1443 424 1703 509 Quaestio 1.
1176 537 1940 590 An ministri malitia baptismi effectus in susci¬
1321 586 1818 651 piente huiusmodi sacramen¬
1439 628 1701 701 tum frustretur.
1189 1008 1991 1068 TRVM ex malitia baptix antis impediatur baptismi
1159 1027 1979 1109 sacramentum. Videtur quod sic. Quia, qui in se macula¬
1149 1095 1992 1145 tus est, non potest conserre illud, quo alius emundetur:
1142 1130 1979 1178 sed per baptismum ipse baptixatus emundatur: ergo &c
1144 1168 1982 1225 Minor patet ex fide. Maior probatur per Cregorium, qui
1137 1213 1979 1266 ait. Manus, quae sordes abluit, debet esse munda: alias re¬
1146 1251 1767 1300 uera non mundaret, sed potius inquinaret
1179 1287 1983 1344 Contra, quando virtus principalis agentis est omnipo
1141 1324 1984 1386 tens, tunc malitia ministri non potest effectum impedire:
1140 1364 1982 1421 sed virtus Dei, quae est principale agens in baptixando,
1139 1402 1683 1453 est omnipotens, & infinita : ergo &c.
1179 1441 1971 1489 Hic quattuor sunt videnda. Primo de quaesito. Secun¬
1140 1479 1974 1538 do vtrum non habens ordinem possit baptixare. Tertio
1128 1525 1979 1565 a quo baptismus habeat efficaciam. Et quarto vtrum
1135 1559 1969 1611 Christus potuerit ministris tradere potestatem dimit¬
1134 1598 1354 1659 tendi peccata.
1357 1659 1748 1729 RES OLVTIO.
1130 1712 1982 1770 Malitia, quae nulluam necess ario vequisitum ad baptismum non ex¬
1161 1762 1974 1802 cludit, eiuss non toslit effecrum; quandoquidem per ministroi
1158 1801 1977 1854 malo: baptixati plerum que (nisi Dei gratiae obicem opponant)
1163 1833 1886 1898 & lacramentum, &x rem sacramenti int egre suscipiunt.
1271 1910 1837 1980 ARTICVLV S 1.
1131 1956 1969 2034 Vtrum mmistri malitia baptismi effectus in suscipien¬
1231 2016 1860 2090 te huusmodi sacramentum frustretur.
1196 2112 1983 2173 VANTVM ad primum sic procedam. Primo ponam
1242 2154 1973 2203 duas conclusiones. Secundo faciam duas inciden
1134 2191 1386 2241 tes inquisitiones.
1176 2232 1969 2276 Conclusio prima est. Supposito, quod minister in baptix am¬
1126 2272 1993 2321 do vtatur debita materia, & forma verborum superius
1131 2313 1974 2354 expressa, & intendat baptixare eo modo, quo intendit eo
1131 2352 1966 2392 clesia catholica, tunc non impeditur sacramentum, qua¬
1123 2392 1966 2437 cumque etiam malitia minister sit infectus: quia omissio
1122 2431 1963 2471 illius, quod non est de substantia sacramenti, & admissio
1126 2467 1964 2509 eius oppositi non impedit sacramentum, sed bonitas mi¬
1126 2510 1964 2556 nistri, dato, quod sit de congruentia: tamen non est de sub
1134 2545 1964 2591 stantia sacramenti. Maior patet. Minorem probo: quia ea,
1138 2592 1970 2638 quae sunt de substantia sacramenti, debent esse certa, sed
1129 2623 1628 2668 bonitas ministri est valde incerta
1159 2660 1968 2707 1 Forte contra istam probationem dicetur, quod maior
1122 2707 1968 2745 non sit vera: quia recta intentio ministri est de substantia
1121 2742 1957 2787 sacramenti, & tamen est incerta: quia de certa solus Deui
1131 2777 1610 2834 cognoscit intentionem hominis
1167 2820 1967 2877 2 Praeterea contra conclusionem potest argui sic. ll¬
1134 2856 1952 2904 tud, quod non est erroneum, hoc videtur esse verum, ma
1121 2898 1965 2948 xime loquendo de his, quae spectant ad sacramenta: sed
1135 2939 1973 2983 dicere, quod malitia haeresis, vel scismatis impediat sacra
1127 2978 1973 3026 mentum non est erroneum: ergo videtur esse verum. Ma
1125 3016 1962 3060 ior patet: quia pposito falsa circa ea, quae credenda sunt,
1126 3054 1962 3096 est erronea: ergo a destructione consequentis proposito ta
1128 3094 1967 3146 lis, si non est erronea, non est falsa: & si non est falsa, tuc est
