2381 3533
416 246 1259 304 magis cogrne supplicat: eo quod satis faccre aliquo modi
426 289 1272 341 teneatur. Vel dicendum, quod licet humanitas Christi
420 324 1275 379 descenderit de stirpe peccatorum, immunis tamen fuit
416 363 1275 419 ab omni peccato : propter quod & supplicando nos rede
424 411 1262 459 mit: quia in omnibus exauditus est pro sua reuerentia
420 456 1259 502 vt ait Apostolus ad Hebreos, & satisfaciendo nos rede
423 495 1256 540 mit: quia non solum sufficienter, verum etiam super
423 525 863 592 eminenter potuit satisfacere.
561 593 1120 666 ARTICVLVS Ir
405 680 1263 753 Vtrum possibile sit naturam rationalem assumptum¬
501 741 1185 816 non habere operationem supernatur alem
691 787 992 856 puta non frii Deo.
456 860 1270 938 VANTVM ad secundum articulum, primo pono con¬
421 891 1253 970 Aclusionem, quam reputo in hac materia veriorem
414 966 1263 1015 Secundo adducam motiua contrariae opinionis, & respon
416 1004 581 1058 debo ad ea
453 1007 1268 1088 CONCLVSIO est ista, quod de absoluta Dei poten¬
423 1076 1259 1128 tia, natura rationalis potest esse personaliter vnita Dec
412 1112 1268 1169 praeter hoc, quod beatifice fruatur: Quia Deus potest
408 1161 1269 1212 actum cuiuslibet creaturae suspendere, conseruata tamen
418 1200 1262 1242 natura creaturae: vt probaui in primo libro, distinction. 1.
416 1237 1220 1292 sed rationalis natura assumpta est creatura: ergo &c
405 1275 1266 1324 2 Praeterea, illa, quae sunt diuersarum rationum, & vnum
405 1321 1263 1366 est prius altero, quando concurrunt in eodem: si poste¬
405 1359 1265 1401 rius est reperibile sine priore: & prius poterit dari sine po
412 1389 1257 1438 steriore, sed assumi ad vnitatem diuinae personae, & fruiDec
409 1433 1250 1483 huiusmodi enim sunt diuersarum rationum, vt de se patet
400 1466 1250 1520 immo neutrum est de ratione alterius. Si enim frui esse
405 1520 1253 1557 de ratione assumi: tunc impossibile esset assumi creatur;
411 1549 1255 1596 irrationalem, cuius oppositum iam in primo articulo de¬
408 1592 1244 1639 claraui: & si assumi esset de ratione ipsius frui, tunc nullu
416 1627 1257 1679 posset frui nisi assumeretur. Etiam assumi naturaliter pra
412 1664 1256 1719 cedit frui, quando conueniunt in eodem, sicut actus pri¬
408 1704 1254 1752 mus praecedit secundum, Item ipsum frui separatur ab a
409 1744 1265 1800 sumi: beati enim fruuntur, & tamen ad vnitatem diuini
405 1792 944 1831 suppositi non assumuntur: ergo &c
421 1826 1247 1875 3 Praeterea, fruitio non habetur circa Deum, nisi in qui
412 1866 1259 1912 tum apprehenditur sub ratione perfectissimi boni, puta
415 1898 1248 1948 sub ratione vltimi finis: si Deus propter suam libertati
410 1946 1244 1991 omnimodam potest se ostendere tali naturae assumpt¬
413 1981 1249 2022 sub ratione entis, seu veri: & non ostendere sub rationi
405 2022 628 2072 boni : ergo &c
419 2053 1245 2104 4 Praeterea, nullus potest beatifice frui sine habitu ca
414 2097 1248 2141 ritatis affectum disponente: sed Deus ex hoc, quod assu¬
411 2140 1249 2193 mit huismodi naturam, non necessitatur ad influendun
406 2176 704 2233 caritatem : eroo &c
434 2214 1248 2261 3 Praeterea, Deus potest influere in naturam, seu esset
414 2254 1246 2305 tiam praeter hoc, quod infiuat in illius naturae potentiam
420 2291 1244 2341 vt patuit de igne in camino, qui in se ipso caluit: virtuti
418 2338 1117 2382 tamen sua actiua pueros non combussit: sic &c
434 2372 1251 2422 SED CONIRA illud est quidam doctor, qui ponit
411 2410 1249 2454 quod natura humana in Christo ex vi vnionis, necessario
410 2454 1253 2505 habet actum fruitionis. Quia omnis natura humana non
409 2489 1247 2534 fruens Deo per libertatem arbitrij, est flexibilis ab eo
408 2526 1251 2578 & per consequens potest peccare : sed Christus non po¬
403 2569 1251 2618 tuit peccare: quia si potuit peccare, potuit etiam damna¬
401 2609 986 2656 ri, quod est absurdum dicere: ergo &c
421 2652 1249 2701 2 Praeterea, obiectum potentiae vndique perfundens
400 2684 1251 2738 potentiam, non potest non percipi a potentia. Vnde si
402 2725 1241 2769 sensibile positum supra sensum faceret sensum: tunc im
408 2765 1238 2813 possibile esset oculum vndique clara luce perfundi, & ta
403 2800 1241 2848 men lucem non videre: sed ipsa assumptionis vnione Deu
405 2844 1246 2895 totam essentiam animae persundit, & per consequens prae¬
396 2878 1211 2924 sens est potentiae in ratione obiecti beatifici; ergo &c
426 2921 1243 2964 3 Praeterea, impossibile est Deum esse praesentem po¬
396 2957 1237 3010 tentiae, & non essentiae: ergo impossibile est, quod Deum
404 2998 1240 3048 per specialem illapsum sit praesens essentiae, & non poter
402 3036 1238 3079 tiae. Consequentia patet quia essentialior est ordo essen¬
401 3077 1139 3130 tiae ad potentiam: quam potentiae ad essentiam.
1320 224 2144 292 4 Praeterea, arguunt quidam alij sic. Maiore vnione vn
1305 282 2146 333 tur anima rationalis Deo, cum ad personam verbi assu¬
1308 326 2150 372 mitur, quam cum anima per lumen gloriae Deo vnitur;
1318 367 2156 416 igitur cum in ista secuda vnione non possit non frui Deo:
1311 404 1580 457 ergo nec in prima
1319 435 2156 496 3 Praeterea, actiuo sufficienter praesente passiuo dispo¬
1307 480 2161 534 sito, necessario sequitur actio: maxime si talis actio sit na
1313 522 2150 565 turalis, & necessaria sed ipsi animae assumptae obiectum
1302 562 2153 613 beatificum semper est presens, & actus circa obiectum est
1314 600 2158 646 naturalis, & necessarius: quia voluntas naturaliter, & ne
1305 641 2147 686 cessario vult finem vltimum: ergo necessario fruetur eo
1316 679 2153 728 e Praeterea, suppositum diuinum semper fruitur diuina
1305 725 2160 768 essentia, si ergo secundum naturam alsumptam non frue
1311 765 2156 814 retur: tunc idem suppositum esset fruens, & non fruens,
1305 797 1638 849 quod est contradictio.
1345 837 2150 880 SED ista non concludunt. Igitur ad primum dicendum
1305 880 2144 929 quod maior non est vera, nisi talis natura sibi ipsi, vel sui
1308 917 2150 968 naturalibus relinquatur: quia etiam in vita praesenti ani¬
1308 958 2156 1008 ma viatrix tanta gratiarum abundantia posset repleri,
1307 999 2154 1047 quod peccare non posset, vt in libro secundo declaraut
1304 1037 2152 1081 de Virgine gloriosa. Natura igitur humana, vt assumpta
1317 1077 2070 1117 est, impeccabilis est: quia sibi ipsi derelicta non est
1305 1120 2149 1167 Ad secundum dicendum ad maiorem, quod dato, quod
1308 1155 2152 1204 virtus diuina vndique perfundat potentiam quantum ad
1298 1185 2156 1243 suae entitatis conseruationem: tamen si virtus illa non
1302 1233 2166 1280 influit in potentiam, seu subtrahit suam infiuentiam, quo
1298 1274 2150 1317 ad actum eliciendum, nulla sequitur in potentia opera¬
1305 1312 2150 1352 tio : sed Deus potest suam influentiam subtrahere a po¬
1304 1351 1807 1402 tentia naturae assumptae: ideo &c
1344 1388 2147 1437 Ad tertium nego consequentiam: quia Deus potest
1308 1430 2155 1479 si vult, esse praesens essentiae, ac potentiae per suam virtu¬
1306 1470 2156 1514 tem, ipsas sustentando, praeter hoc, quod sit praesens po¬
1312 1514 2157 1551 tentiae per modum obiecti, de qua praesentia arguens in¬
1311 1549 2147 1593 tendit concludere. Etiam antecedens non est verum: qui¬
1303 1589 2154 1639 annihilata essentia, adhuc Deus posset, si vellet, esse
1313 1627 1983 1664 praesens potentiae, ipsam in esse conseruando.
1313 1663 2152 1712 Ad quartum dicendum, quod ex maiori, & minori
1307 1712 2155 1760 vnione non potest argui magis, & minus in operatione:
1305 1746 2151 1795 nisi illa maior, & minor vnio essent eiusdem rationis,
1299 1784 2153 1832 quod non est in proposito. Etiam minor non est vera: quia
1299 1832 2153 1876 anima existente disposita per lumen gloriae: adhuc ex
1309 1862 2153 1911 sua infinita libertate posset Deus se non ostendere, si
1305 1900 1706 1953 vellet, per modum oblecti
1339 1942 2142 1993 Ad quintum dicendum, quod minor non est vera: qui¬
1308 1976 2157 2031 Deus ex sua libertate potest esse non praesens per modum
1309 2019 2149 2062 obiecti beatifici. Etiam cum actus beatae fruitionis sit actus
1299 2060 2146 2102 simpliciter supernaturalis: ideo non videtur bene dictu
1308 2103 2154 2154 quod voluntas naturaliter fruatur: quamuis etiam neces¬
1303 2136 2144 2182 sario fruatur, quantum est ex parte sui, vt est perfecto
1308 2177 2156 2221 disposita, loquendo de necessitate immutabilitatis, &
1307 2214 1532 2265 non coactionis.
1325 2256 2144 2301 Ad sextum dicendum, quod idem suppositum fruatus
1309 2286 2148 2342 secundum vnam naturam: & non fruatur secundum aliam
1301 2334 1943 2393 naturam, nulla est contradictio: ergo &c
1433 2401 2009 2467 ARTICVLVS I
1424 2494 2010 2572 vtrum verbum carnem assumpseru
1581 2545 1850 2616 mediante anina
1380 2644 2130 2702 VANTVM ad tertium articulum pono duas con
1298 2656 2130 2732 lusiones. Prima est, quod filius Dei assumpsit cat
1295 2728 2142 2771 nem mediante anima. Quia illud, quod est simpliciter
1301 2773 2145 2818 grossum, decet coniungi illi, quod est simpliciter subtile,
1296 2809 2130 2859 in aliquo medio modo se habente: sed suppositum diui
1301 2848 2138 2889 num simpliciter est subtile, & corpus simpliciter est grol
1297 2885 2148 2942 sum: ergo decet haec fuisse coniuncta mediante anima,
1299 2920 1694 2972 quae se habet medio modo
1341 2960 2144 3015 FORTE DICETVR, quod dissoluto medio ab alte¬
1289 3004 2132 3046 ro extremorum, dissoluuntur extrema: sed in triduo dis
1289 3041 2137 3090 soluta anima a carne, adhuc caro remasit vnita filio Dei
1296 3084 1952 3140 ergo caro non vnietur sibi mediante anima
