2387 3524
231 218 1088 289 3 Praeterea, i nanimata ereatura potest assumi a persona
228 290 1086 330 diuina : ergo & irrationalis. Consequentia patet. Ante¬
228 317 1072 364 cedens probo: quia eorpus Christi in triduo fuit inani
228 360 1073 404 matum: quia vere fuit mortuum: & tamen remansit ver¬
234 396 1074 442 bo Dei suppositaliter vnitum: alias constituisset proprit
231 436 1079 478 suppositum, quod realiter fuisset destructum in eius re¬
226 475 420 522 surrectione.
273 504 1072 557 FORTEDICETVR, quo illud corpus remansit verbo
243 552 1073 604 vnitum propter habitudinem, quam habuit ad ipsam an
233 598 781 645 mam rationalem, cui debuit reuniri
277 628 1082 676 RESPONDEO, quod Deus potuit sua potentia abso¬
225 669 1078 717 luta animam illam penitus annihilare, & per consequens
231 711 1078 759 talis habitudofuisset annihilata: cum entis ad nihil nul¬
237 755 1084 802 la sit habitudo: & nihilominus potuit illud corpus assu¬
229 792 683 845 mere, & assumptum retinere.
248 831 1073 876 4 Praeterea, si Deus non posset naturam irrationalem
228 873 1075 919 assumere, aut talis impossibilitas esset ex parte Dei non
243 909 1075 957 potentis terminare dependentiam irrationalis creature
228 943 1071 996 aut ex parte creaturae non potentis carere propria subsi
230 992 1073 1042 stentia. Non, primum, cum Deus sit infinitae potentiae
242 1031 1078 1074 Vnde etiam ait Anselmus 2. libro. Cur Deus homo, Om
234 1066 1073 1119 nis quippe necessitas & impossibilitas Dei subiacet vo¬
228 1105 1081 1160 luntanti. Et ibidem ait, quod Dei voluntas nulli subiacet
222 1142 1072 1194 necessitati, & impossibilitati. Nec secundo modo: qui¬
233 1187 1075 1237 ea, quae sunt perfectionis, non minus possunt separari a
235 1219 1076 1268 treatura irrationali, quam a creatura rationali: sed per
228 1263 1085 1311 se, & in se subsistere dicit perfectionem, & potest separari
231 1306 1074 1359 a creatura rationali: vt patet in humanitate Christi: er-
228 1345 757 1402 go & ab irrationali poterit separari
275 1381 1076 1439 SED oppositum istius conclusionis tenent quidam ma
230 1424 718 1476 gni doctores, quod probant sic¬
254 1456 1066 1509 1 Illa natura, seu essentia non est assumptibilis in vni
237 1496 1065 1546 tatem diuinae personae, cuius nulla potentia est eleuabi
233 1536 1073 1583 lis ad visionem, seu fruitionem diuinae essentiae: sed na¬
230 1582 1083 1626 tura irrationalis est huiusmodi. Minor patet. Maiorem
233 1625 1063 1672 probant, quia sicut se habet esse naturale ad posse natu
226 1666 1073 1710 rale: sic posse supernaturale ad posse supernaturale: sec
234 1697 1082 1745 nulla virtute fieri potest, quod aliqua natura habeat esse
240 1735 1076 1781 naturale, quin habeat aliquod posse naturale: ergo &c.
234 1773 1076 1819 Et confirmatur sic eadem minor, Cui non potest commu
231 1816 1070 1859 nicari illud, quod est minus, ei non potest communican
226 1852 1076 1908 illud, quod est maius: sed minus est frui Deo, quam as¬
233 1892 745 1946 sumi in vnitatem diuinae personae.
245 1932 1076 1980 2 Praeterea, minima natura non est capax supremi, &
230 1972 1068 2016 maximi doni: sed natura irrationalis est minima natura
224 2013 1069 2058 & assumi ad vnitatem diuini suppositi est supremum, S
237 2047 1041 2102 maximum donum, quod dari potest creaturae: ergo &c.
242 2094 1069 2149 3 Praeterea, creatura, quae non est capax personalita.
225 2129 1074 2176 tis, non potest assumi in vnitatem personae: sed creatura
226 2166 1071 2217 arrationalis non est capax personalitatis: quia secundum Doc
237 2205 1073 2262 thium persona est rationalis creaturae indiuidua substantia
243 2248 1083 2292 4 Praeterea, creatura irrationalis non est perfectius vni
237 2289 1079 2335 bilis Deo, quam creatura rationalis: ergo non est assum¬
234 2332 1072 2379 ptibilis. Antecedens patet. Probatur consequentia ex
238 2368 1077 2417 hoc: quia ad oppositum consequentis non sequitur op-
233 2412 1075 2459 positum antecedentis. Nam si lapis esset assumptibilis;
237 2450 1078 2497 tuc sicut quaelibet pars lapidis est lapis: sic quaelibet pars
230 2490 1067 2537 lapidis esset Deus: quod de creatura rationali non po
231 2535 1082 2577 test dici: sed planum est, quod tunc aliquid perfectius
231 2560 1071 2612 vnitur alicui, cum illud, cui unitur, non solum praedica¬
237 2606 1072 2657 tur de ipso toto, sed etiam de qualibet parte eius: ergo &c
248 2646 1078 2691 3 Praeterea, illud, quod repugnat dignitati sapientis,
237 2682 1085 2733 non potest fieri a Deo, qui est ipsa sapientia: sed, si Deus
228 2716 1074 2768 assumeret asinum: tunc propter communicationem idic
241 2764 1089 2815 matum Deus dicerctur asinus: quod videtur repugnare
237 2802 502 2856 dignitati sapientis
273 2828 1074 2886 SED ISTA opinio est contra intentionem Deati Aug
243 2885 1076 2936 qui in de uera religione ait : Christus non assumpsit ho¬
238 2920 1077 2969 minem, vt ostenderet se visibilem: quia illud facere po¬
238 2957 736 3006 tuisset assumendo corpus acrcum
278 2986 1064 3045 AD PRIMVM ergo respondendo, nego maiorem.
239 3036 1082 3083 Ad probationem dico, quod sicut nulla natura potest ha
244 3081 1079 3144 bere esse natutale, quin habeat aliquod posse naturale
1122 231 1974 283 sic nulla natura potest habere esse supernaturale sibi in¬
1135 285 1967 331 trinsecum, nisi habeat aliquod posse supernaturale: sec
1126 323 1972 368 per assumptionem naturae creatae ad diuinum suppositum
1128 363 1979 404 non communicatur naturae assumptae de necessitate ali¬
1124 404 1967 447 quod esse sibi intrinsecum: nullum enim esse habet ex
1128 440 1972 488 vi assumptionis praecise, quod non haberet etiam, si sibi
1131 480 1975 520 esset derelicta, quamuis illud esse alio modo haberet, pu¬
1125 522 1970 566 ta alteri non innitendo. Etiam minor non est vera: quia esse
1133 560 1965 609 naturae posset separari virtute diuina a posse naturae, tan¬
1129 609 1973 652 quam prius a suo posteriore. Ad confirmationem dicen¬
1128 639 1964 685 dum, quod maior non est vera, quando magis & minus
1137 673 1975 717 unt diuersarum rationum, vel saltem quando minus non
1124 723 1967 767 comprehenditur sub maiori: quamuis enim posse volare
1135 753 1964 804 sit minus, quam posse intelligere: tamen non sequitur;
1120 795 1964 840 homo potest intelligere : ergo potest volare : nec econ¬
1128 832 1958 877 uerso necatiue. Sed frui Deo non est eiusdem rationis ci
1124 872 1963 918 assumi a Deo, nec includitur in eo necessario. Corpus
1131 909 1960 952 enim Christi mortuum mansit assumptum: & tamen non
1141 954 1973 1005 potuit frui Deo, nec videre Deum. Etiam minor posset
1125 1000 1964 1048 negari: quia sicut secundum Aug. si Deum concipere car¬
1119 1032 1964 1074 naliter, & mentaliter ab inuicem separantur, perfectius
1120 1067 1961 1119 esset concipere mentaliter, quam carnaliter: sic si viders
1122 1106 1967 1157 Deum, & suppositaliter sustentari a Deo ab inuicem se¬
1130 1156 1962 1205 parentur : perfectius esse fiuibiliter videre Deum, quam
1123 1183 1376 1242 sustentari a Deo.
1161 1222 1964 1281 Ad secundum dicendum, quod donum naturae com¬
1117 1267 1970 1309 municatum, dupliciter potest se habere ad naturam. Vno
1131 1307 1961 1355 modo secundum formalem inhaerentiam, ipsam forma
1125 1342 1962 1384 liter perficiendo, & sic maior est vera: quia, vt sic, non quod
1125 1382 1965 1425 libet donum conuenit cuilibet naturae: sed nobilius no¬
1120 1419 1967 1473 biliori. Alio modo secundum habitudinem relatiuam, &
1125 1459 1790 1512 sic maior est falsa: sic autem est in proposito.
1161 1503 1970 1550 Ad tertium dicendum, quod licet natura irrationalis
1124 1539 1967 1592 non sit capax personalitatis, est tamen capax suppositali¬
1125 1579 1964 1626 tatis: & ideo persona diuina potest terminare eius de¬
1141 1624 1962 1671 endentiam in ratione suppositi, quamuis non terminet
1125 1653 1484 1708 eam in ratione personae.
1155 1696 1958 1744 Ad quartum nego consequentiam. Ad probationem
1122 1732 1958 1783 dico, quod non quaelibet pars lapidis assumpti esset Deus
1120 1774 1967 1819 nam partes assumuntur solum potentialiter, & in ordine
1131 1812 1970 1861 id totum: & ideo totus lapis diceretur Deus: quia totus
1126 1853 1964 1896 lapis per se assumeretur, partes autem non dicerentur
1126 1892 1964 1938 Deus: sicut nec partes rationalis creaturae: quia tantum¬
1123 1930 1972 1979 modo assumerentur ex consequenti, & in ordine ad to¬
1119 1972 1965 2019 tum: Dato tamen, quod idiomatum communicatio ex¬
1116 2010 1963 2052 tendat se ad partes, hoc non contingeret propter perfe¬
1125 2048 1957 2101 ctiorem vnionem: sed propter homogenitatem totius
1128 2084 1601 2134 assumpti cum qualibet sua parte
1159 2135 1963 2179 Ad quintum dicendum, quod quamuis dignitati sa¬
1135 2162 1961 2210 ientis repugnet, quod dicatur asinus per naturam pro¬
1134 2207 1958 2250 priam, vel secundum mores stolidos, & asininos: tamer
1120 2243 1962 2289 hoc non repugnat sibi per naturam alienam ab extrinse¬
1126 2290 1968 2329 co assumptam. Vnde sicut non repugnat Deo secundum
1118 2332 1887 2378 naturam extrinsecam pati, mori, & sepeliri, sic &c.
1147 2360 1955 2414 SECVNDO dico, quod quamuis Deus potuerit assu¬
1132 2395 1974 2449 mere creaturam irrationalem: tamen congruentius fuit
1128 2442 1963 2494 ipsum assumere creaturam rationalem. Quia praedicta
1118 2481 1966 2535 assumptio fieri debuit, vt satisfactio haberetur pro pec¬
1126 2518 1964 2574 catis nostris: sed ceterae creaturae ab homine non pote¬
1125 2569 1963 2607 rant satisfacere, nec tenebantur : Deus potuit, sed non
1128 2606 1963 2643 tenebatur : homo tenebatur, sed non potuit: ideo con¬
1122 2641 1961 2689 gruissima fuit quo ad hoc vnio Dei, & hominis in vna pro
1124 2676 1961 2724 sona: vt idem saltem personaliter secundum vnam sui
1134 2720 1972 2762 naturam posset, & secundum aliam teneretur exoluere
1122 2755 1466 2805 debitum memoratum.
1168 2787 1990 2834 FORTE DICETVh, quod ad intercedendum pro re¬
1137 2833 1957 2881 axatione alicuius ostensae, minus videtur idoneus ille
1125 2873 1967 2917 qui est de stirpe & radice offendentis, quam alienus: sed
1125 2913 1970 2955 Christus suit secundum humanitatem assumptam de tri¬
1125 2954 1967 3007 bu Dauid, & per consequens de radice Adam, qui primi¬
1126 2988 1465 3041 tus offendit: ergo &c.
1161 3028 1966 3075 RESPONDEO, quod si supplicatio est cum satisfactio
1121 3064 1976 3129 ne poenosa, tunc ille, qui est de stirpe illius, qui offendit
