<?xml version="1.0" encoding="UTF-8" standalone="yes"?>
<PcGts xmlns="http://schema.primaresearch.org/PAGE/gts/pagecontent/2013-07-15" xmlns:xsi="http://www.w3.org/2001/XMLSchema-instance" xsi:schemaLocation="http://schema.primaresearch.org/PAGE/gts/pagecontent/2013-07-15 http://schema.primaresearch.org/PAGE/gts/pagecontent/2013-07-15/pagecontent.xsd">
    <Metadata>
        <Creator>prov=University of Rostock/Institute of Mathematics/CITlab|PLANET AI GmbH/Gundram Leifert/gundram.leifert@planet-ai.de:name=cod-P122zz-m2(htr_id=26330)::::v=2.6.7
prov=University of Rostock/Institute of Mathematics/CITlab|PLANET AI GmbH/Tobias Gruening/tobias.gruening@planet-ai.de:name=de.uros.citlab.module.baseline2polygon.B2PSeamMultiOriented:v=2.6.7
prov=University of Rostock/Institute of Mathematics/CITlab|PLANET AI GmbH/Tobias Gruening/tobias.gruening@planet-ai.de:name=/net_tf/LA73_249_0mod360.pb:de.uros.citlab.segmentation.CITlab_LA_ML:v=2.6.6
Transkribus</Creator>
        <Created>2020-10-05T23:24:52.304+02:00</Created>
        <LastChange>2020-10-25T03:09:15.680+01:00</LastChange>
        <TranskribusMetadata docId="505580" pageId="20955119" pageNr="637" tsid="46674140" status="IN_PROGRESS" userId="25065" imgUrl="https://files.transkribus.eu/Get?id=VRMVGLFSMAZAYXSXUNSMLEUP&amp;fileType=view" xmlUrl="https://files.transkribus.eu/Get?id=WDGEKHZAWRQKNZWZHJLETICR" imageId="16096316"/>
    </Metadata>
    <Page imageFilename="636.jpg" imageWidth="2377" imageHeight="3553">
        <ReadingOrder>
            <OrderedGroup id="ro_1603931075399" caption="Regions reading order">
                <RegionRefIndexed index="0" regionRef="TextRegion_1603046817197_6208"/>
                <RegionRefIndexed index="1" regionRef="TextRegion_1603046825263_6215"/>
            </OrderedGroup>
        </ReadingOrder>
        <TextRegion orientation="0.0" id="TextRegion_1603046817197_6208" custom="readingOrder {index:0;}">
            <Coords points="228,249 1099,249 1099,3229 228,3229"/>
            <TextLine id="r2l4" custom="readingOrder {index:0;}">
                <Coords points="264,344 1087,341 1068,287 264,284"/>
                <Baseline points="270,330 310,332 351,334 391,335 432,336 473,336 513,336 554,338 594,338 635,337 676,336 716,336 757,336 797,336 838,336 879,336 919,336 960,336 1000,338 1041,339 1082,339"/>
                <TextEquiv>
                    <Unicode>2 Praeterea, proprium est potentiae immediate funda¬</Unicode>
                </TextEquiv>
            </TextLine>
            <TextLine id="r2l7" custom="readingOrder {index:1;}">
                <Coords points="239,378 1089,384 1089,340 989,359 239,335"/>
                <Baseline points="245,372 286,374 328,374 370,375 412,375 454,375 496,375 538,375 580,375 622,375 664,375 705,375 747,376 789,377 831,377 873,377 915,377 957,377 999,378 1041,378 1083,380"/>
                <TextEquiv>
                    <Unicode>ri in essentia : ergo character confirmationis subiectiue</Unicode>
                </TextEquiv>
            </TextLine>
            <TextLine id="r2l9" custom="readingOrder {index:2;}">
                <Coords points="241,420 1085,424 1069,382 877,404 754,382 241,389"/>
                <Baseline points="246,413 287,413 329,414 371,414 412,414 454,414 496,414 537,414 579,414 621,414 663,414 704,414 746,414 788,414 829,414 871,414 913,414 954,416 996,416 1038,417 1080,419"/>
                <TextEquiv>
                    <Unicode>erit in essentia animae, &amp; non in voluntate. Consequentia</Unicode>
                </TextEquiv>
            </TextLine>
            <TextLine id="r2l13" custom="readingOrder {index:3;}">
                <Coords points="241,466 1085,463 1078,422 241,420"/>
                <Baseline points="246,452 287,452 329,452 371,453 412,453 454,453 496,453 537,453 579,453 621,453 663,453 704,453 746,453 788,453 829,453 871,453 913,453 954,455 996,455 1038,456 1080,458"/>
                <TextEquiv>
                    <Unicode>patet: quia character confirmationis est quaedam potentia</Unicode>
                </TextEquiv>
            </TextLine>
            <TextLine id="r2l16" custom="readingOrder {index:4;}">
                <Coords points="270,502 1078,513 1078,475 982,460 270,469"/>
                <Baseline points="276,491 315,491 355,492 395,492 435,492 475,492 515,492 554,492 594,492 634,492 674,492 714,492 754,492 794,494 833,494 873,494 913,494 953,494 993,494 1033,494 1073,495"/>
                <TextEquiv>
                    <Unicode>Ad primum dicendum, quod non est simile de habitu na¬</Unicode>
                </TextEquiv>
            </TextLine>
            <TextLine id="r2l18" custom="readingOrder {index:5;}">
                <Coords points="236,539 1079,538 1046,502 236,500"/>
                <Baseline points="242,530 283,530 325,530 366,531 408,531 449,531 491,531 532,531 574,531 615,533 657,533 699,533 740,533 782,533 823,533 865,533 906,533 948,534 989,534 1031,534 1073,534"/>
                <TextEquiv>
                    <Unicode>turali, &amp; de potentia naturali: quia habitus proprie lo¬</Unicode>
                </TextEquiv>
            </TextLine>
            <TextLine id="r2l20" custom="readingOrder {index:6;}">
                <Coords points="238,585 746,598 1068,580 1088,548 238,548"/>
                <Baseline points="243,567 287,569 331,569 375,570 419,570 463,572 507,572 552,572 596,572 640,572 684,572 728,572 772,572 817,572 861,572 905,572 949,572 993,572 1037,573 1082,573"/>
                <TextEquiv>
                    <Unicode>quendo nullius potest esse subiectum, sed potentiae natu¬</Unicode>
                </TextEquiv>
            </TextLine>
            <TextLine id="r2l22" custom="readingOrder {index:7;}">
                <Coords points="241,615 892,628 1079,617 1079,577 865,600 820,578 746,599 725,579 241,586"/>
                <Baseline points="246,608 287,609 328,609 370,611 411,611 453,611 494,612 535,612 577,611 618,611 660,611 701,611 742,611 784,611 825,611 867,611 908,611 949,611 991,611 1032,612 1074,614"/>
                <TextEquiv>
                    <Unicode>rali non repugnat esse subiectum, &amp; ideo quamuis habi</Unicode>
                </TextEquiv>
            </TextLine>
            <TextLine id="r2l24" custom="readingOrder {index:8;}">
                <Coords points="222,655 1052,660 1069,618 222,621"/>
                <Baseline points="228,647 269,647 311,648 353,648 395,650 437,650 478,650 520,650 562,650 604,650 646,650 687,650 729,650 771,650 813,650 855,650 896,650 938,650 980,650 1022,650 1064,651"/>
                <TextEquiv>
                    <Unicode>tus supernaturalis non possit subiectiue fundari in habi</Unicode>
                </TextEquiv>
            </TextLine>
            <TextLine id="r2l26" custom="readingOrder {index:9;}">
                <Coords points="232,698 979,711 1069,706 1070,657 232,659"/>
                <Baseline points="237,683 278,684 319,686 361,687 402,688 443,689 485,689 526,689 567,690 609,690 650,690 691,690 733,690 774,689 815,689 857,689 898,689 939,689 981,689 1022,690 1064,690"/>
                <TextEquiv>
                    <Unicode>tu naturali: tamen potentia supernaturalis potest subie¬</Unicode>
                </TextEquiv>
            </TextLine>
            <TextLine id="r2l28" custom="readingOrder {index:10;}">
                <Coords points="237,732 785,747 821,743 822,703 238,692"/>
                <Baseline points="243,725 271,726 300,726 328,726 357,726 386,728 414,728 443,728 472,728 500,728 529,729 558,729 586,729 615,729 644,729 672,729 701,729 730,731 758,731 787,731 816,731"/>
                <TextEquiv>
                    <Unicode>ctiue esse in potentia naturali. </Unicode>
                </TextEquiv>
            </TextLine>
            <TextLine id="r2l30" custom="readingOrder {index:11;}">
                <Coords points="228,772 1075,778 1075,735 228,746"/>
                <Baseline points="234,764 275,765 317,767 359,767 401,768 443,768 484,768 526,768 568,768 610,768 652,768 693,768 735,768 777,768 819,768 861,768 902,768 944,768 986,768 1028,769 1070,770"/>
                <TextEquiv>
                    <Unicode>Ad secundum dicendum, quod licet maior sit vera, lo¬ </Unicode>
                </TextEquiv>
            </TextLine>
            <TextLine id="r2l32" custom="readingOrder {index:12;}">
                <Coords points="226,821 1069,821 1069,785 974,774 226,774"/>
                <Baseline points="231,803 272,804 314,804 355,806 397,806 439,806 480,807 522,807 564,807 605,807 647,807 689,807 730,807 772,807 814,806 855,806 897,806 939,806 980,806 1022,806 1064,807"/>
                <TextEquiv>
                    <Unicode>quendo de potentia naturali tamen non est vera loquer</Unicode>
                </TextEquiv>
            </TextLine>
            <TextLine id="r2l34" custom="readingOrder {index:13;}">
                <Coords points="235,849 1074,855 1074,825 999,812 235,813"/>
                <Baseline points="240,842 281,843 322,845 364,845 405,845 447,845 488,846 529,846 571,846 612,846 654,845 695,845 736,845 778,845 819,845 861,845 902,846 943,846 985,846 1026,847 1068,848"/>
                <TextEquiv>
                    <Unicode>do de potentia supernaturali. Sicut autem hic probatum</Unicode>
                </TextEquiv>
            </TextLine>
            <TextLine id="r2l37" custom="readingOrder {index:14;}">
                <Coords points="234,891 1073,901 1073,858 962,850 234,853"/>
                <Baseline points="239,882 280,884 321,884 363,884 404,885 446,885 487,885 528,885 570,885 611,885 653,885 694,885 735,885 777,884 818,884 860,884 901,884 942,884 984,884 1025,885 1067,885"/>
                <TextEquiv>
                    <Unicode>est, characterem confirmationis esse subiectiue in poten¬</Unicode>
                </TextEquiv>
            </TextLine>
            <TextLine id="r2l39" custom="readingOrder {index:15;}">
                <Coords points="234,931 1079,934 1054,891 234,892"/>
                <Baseline points="239,921 280,923 322,923 364,923 405,923 447,924 489,924 530,924 572,924 614,924 656,924 697,924 739,924 781,924 822,924 864,924 906,924 947,923 989,923 1031,923 1073,924"/>
                <TextEquiv>
                    <Unicode>tia volitiua, sic simili ratione potest probari, characterem</Unicode>
                </TextEquiv>
            </TextLine>
            <TextLine id="r2l41" custom="readingOrder {index:16;}">
                <Coords points="241,971 1074,966 1051,930 241,932"/>
                <Baseline points="246,962 287,962 328,962 369,962 410,962 451,962 492,962 533,962 574,962 615,962 657,962 698,963 739,963 780,963 821,963 862,963 903,963 944,963 985,963 1026,962 1068,962"/>
                <TextEquiv>
                    <Unicode>ordinis esse subiectiue in potentia intellectiua: quia cha¬</Unicode>
                </TextEquiv>
            </TextLine>
            <TextLine id="r2l44" custom="readingOrder {index:17;}">
                <Coords points="241,1008 960,1021 1080,1006 1080,970 241,971"/>
                <Baseline points="246,999 287,1001 328,1001 370,1001 411,1002 453,1002 494,1002 535,1002 577,1002 618,1002 660,1002 701,1002 742,1002 784,1002 825,1002 867,1002 908,1002 949,1002 991,1001 1032,1001 1074,1001"/>
                <TextEquiv>
                    <Unicode>racter ordinis datur homini pro fidelium multiplicatio¬</Unicode>
                </TextEquiv>
            </TextLine>
            <TextLine id="r2l48" custom="readingOrder {index:18;}">
                <Coords points="240,1053 1056,1057 1076,1017 240,1018"/>
                <Baseline points="246,1040 287,1040 328,1041 369,1041 411,1041 452,1041 493,1041 534,1041 576,1041 617,1041 658,1041 699,1041 741,1041 782,1041 823,1041 864,1041 906,1041 947,1041 988,1041 1029,1041 1071,1043"/>
                <TextEquiv>
                    <Unicode>ne per doctrinam sanam, sed actus doctrinae competit ho</Unicode>
                </TextEquiv>
            </TextLine>
            <TextLine id="r2l50" custom="readingOrder {index:19;}">
                <Coords points="244,1090 1047,1098 1085,1090 1085,1048 244,1053"/>
                <Baseline points="249,1079 290,1079 332,1080 373,1080 415,1080 456,1080 498,1080 539,1080 581,1080 622,1080 664,1080 705,1079 747,1079 788,1079 830,1080 871,1080 913,1080 954,1080 996,1081 1037,1082 1079,1083"/>
                <TextEquiv>
                    <Unicode>mini secundum intellectum : ergo character ordinis, qui</Unicode>
                </TextEquiv>
            </TextLine>
            <TextLine id="r2l51" custom="readingOrder {index:20;}">
                <Coords points="234,1128 1049,1132 1073,1090 234,1096"/>
                <Baseline points="239,1116 280,1118 321,1118 363,1118 404,1119 446,1119 487,1119 529,1119 570,1119 612,1121 653,1121 694,1121 736,1121 777,1121 819,1120 860,1119 902,1119 943,1119 985,1119 1026,1119 1068,1119"/>
                <TextEquiv>
                    <Unicode>est quaedam potestas homini collata pro huiusmodi do¬</Unicode>
                </TextEquiv>
            </TextLine>
            <TextLine id="r2l53" custom="readingOrder {index:21;}">
                <Coords points="237,1166 354,1180 842,1166 842,1139 794,1128 727,1143 237,1128"/>
                <Baseline points="242,1155 271,1155 301,1155 331,1157 361,1157 390,1157 420,1157 450,1158 480,1158 509,1158 539,1160 569,1160 599,1160 628,1160 658,1160 688,1160 718,1160 747,1158 777,1158 807,1157 837,1157"/>
                <TextEquiv>
                    <Unicode>ctrinae exercitio, debet esse in intellectu.</Unicode>
                </TextEquiv>
            </TextLine>
            <TextLine id="r2l55" custom="readingOrder {index:22;}">
                <Coords points="274,1209 882,1219 1079,1205 1079,1167 274,1168"/>
                <Baseline points="279,1193 318,1194 358,1196 398,1197 437,1197 477,1199 517,1199 556,1199 596,1199 636,1199 676,1199 715,1199 755,1199 795,1197 834,1197 874,1197 914,1197 953,1197 993,1199 1033,1199 1073,1200"/>
                <TextEquiv>
                    <Unicode>Tertia conclusio est, quod quilibet istorum characte¬</Unicode>
                </TextEquiv>
            </TextLine>
            <TextLine id="r2l58" custom="readingOrder {index:23;}">
                <Coords points="234,1250 1085,1256 1086,1203 234,1214"/>
                <Baseline points="239,1235 281,1235 323,1236 365,1236 407,1236 449,1236 491,1236 533,1236 575,1236 617,1236 659,1235 701,1235 743,1235 785,1235 827,1236 869,1236 911,1236 953,1236 995,1236 1037,1237 1080,1238"/>
                <TextEquiv>
                    <Unicode>rum suo subiecto indelebiliter inest, puta character baptis¬</Unicode>
                </TextEquiv>
            </TextLine>
            <TextLine id="r2l61" custom="readingOrder {index:24;}">
                <Coords points="229,1285 1070,1294 1060,1243 229,1249"/>
                <Baseline points="234,1274 275,1275 317,1275 358,1275 400,1275 441,1275 483,1275 524,1275 566,1275 607,1275 649,1275 691,1275 732,1277 774,1277 815,1277 857,1277 898,1277 940,1277 981,1278 1023,1278 1065,1280"/>
                <TextEquiv>
                    <Unicode>mi essentiae animae, character confirmationis voluntati, qu</Unicode>
                </TextEquiv>
            </TextLine>
            <TextLine id="r2l63" custom="readingOrder {index:25;}">
                <Coords points="239,1331 853,1324 853,1297 826,1285 774,1299 240,1287"/>
                <Baseline points="245,1316 275,1314 305,1314 335,1314 365,1314 395,1314 425,1314 456,1314 486,1315 516,1316 546,1316 576,1317 606,1317 636,1318 667,1319 697,1319 727,1319 757,1319 787,1319 817,1317 848,1316"/>
                <TextEquiv>
                    <Unicode>character ordinis intellectui.</Unicode>
                </TextEquiv>
            </TextLine>
            <TextLine id="r2l65" custom="readingOrder {index:26;}">
                <Coords points="252,1372 1080,1363 1080,1321 252,1340"/>
                <Baseline points="258,1355 298,1355 339,1355 380,1355 421,1355 462,1355 502,1355 543,1355 584,1355 625,1355 666,1355 706,1355 747,1355 788,1355 829,1355 870,1355 910,1355 951,1355 992,1355 1033,1356 1074,1356"/>
                <TextEquiv>
                    <Unicode>1 Quia si character deleretur, vel hoc fieret destructio</Unicode>
                </TextEquiv>
            </TextLine>
            <TextLine id="r2l67" custom="readingOrder {index:27;}">
                <Coords points="234,1413 1079,1401 1079,1362 234,1370"/>
                <Baseline points="239,1392 280,1392 322,1392 364,1394 406,1394 447,1394 489,1394 531,1394 573,1394 614,1395 656,1395 698,1395 740,1395 781,1395 823,1395 865,1395 907,1394 948,1394 990,1394 1032,1394 1074,1395"/>
                <TextEquiv>
                    <Unicode>ne subiecti, vel approximatione contrarij, vel subtractio¬ </Unicode>
                </TextEquiv>
            </TextLine>
            <TextLine id="r2l69" custom="readingOrder {index:28;}">
                <Coords points="228,1448 1069,1446 1085,1399 228,1411"/>
                <Baseline points="233,1431 275,1433 317,1433 359,1433 402,1434 444,1434 486,1434 529,1434 571,1434 613,1434 656,1434 698,1434 740,1434 782,1434 825,1434 867,1434 909,1434 952,1434 994,1433 1036,1433 1079,1433"/>
                <TextEquiv>
                    <Unicode>ne sui effectiui principij. Non primo modo: quia tam es¬</Unicode>
                </TextEquiv>
            </TextLine>
            <TextLine id="r2l71" custom="readingOrder {index:29;}">
                <Coords points="229,1482 1073,1491 1063,1442 229,1445"/>
                <Baseline points="234,1472 275,1472 317,1472 359,1473 400,1473 442,1473 484,1473 525,1475 567,1475 609,1475 651,1475 692,1473 734,1473 776,1473 817,1473 859,1473 901,1473 942,1473 984,1472 1026,1472 1068,1472"/>
                <TextEquiv>
                    <Unicode>sentia animae, quam potentia, scilicet voluntas, &amp; intel¬</Unicode>
                </TextEquiv>
            </TextLine>
            <TextLine id="r2l73" custom="readingOrder {index:30;}">
                <Coords points="232,1521 1073,1519 1073,1491 1027,1478 232,1482"/>
                <Baseline points="237,1511 278,1511 320,1512 361,1512 403,1512 444,1513 486,1514 527,1514 569,1514 610,1514 652,1514 694,1514 735,1514 777,1514 818,1514 860,1512 901,1512 943,1512 984,1512 1026,1511 1068,1511"/>
                <TextEquiv>
                    <Unicode>lectus, quae sunt subiecta characterum, sunt simpliciter in¬</Unicode>
                </TextEquiv>
            </TextLine>
            <TextLine id="r2l75" custom="readingOrder {index:31;}">
                <Coords points="237,1567 1060,1559 1076,1519 237,1526"/>
                <Baseline points="242,1550 283,1551 324,1551 366,1551 407,1551 449,1551 490,1551 531,1551 573,1551 614,1553 656,1553 697,1551 738,1551 780,1551 821,1551 863,1551 904,1551 945,1551 987,1551 1028,1550 1070,1550"/>
                <TextEquiv>
                    <Unicode>corruptibilia. Nec secundo modo: quia tale contrarium</Unicode>
                </TextEquiv>
            </TextLine>
            <TextLine id="r2l77" custom="readingOrder {index:32;}">
                <Coords points="241,1598 1018,1612 1079,1596 1079,1557 241,1567"/>
                <Baseline points="246,1589 287,1589 328,1590 370,1590 411,1590 453,1592 494,1592 535,1592 577,1592 618,1592 660,1592 701,1592 742,1591 784,1590 825,1590 867,1590 908,1590 949,1590 991,1589 1032,1589 1074,1589"/>
                <TextEquiv>
                    <Unicode>vel esset culpa, &amp; hoc non: quia tunc malus sacerdos per¬</Unicode>
                </TextEquiv>
            </TextLine>
            <TextLine id="r2l79" custom="readingOrder {index:33;}">
                <Coords points="229,1634 1073,1636 1050,1596 229,1601"/>
                <Baseline points="234,1626 275,1628 317,1629 359,1629 400,1631 442,1631 484,1631 525,1631 567,1632 609,1632 651,1631 692,1631 734,1631 776,1631 817,1631 859,1629 901,1629 942,1629 984,1628 1026,1628 1068,1628"/>
                <TextEquiv>
                    <Unicode>deret characterem ordinis, &amp; per consequens esset reor¬</Unicode>
                </TextEquiv>
            </TextLine>
            <TextLine id="r2l81" custom="readingOrder {index:34;}">
                <Coords points="229,1675 1080,1684 1080,1638 229,1634"/>
                <Baseline points="234,1670 276,1670 318,1671 360,1671 402,1671 444,1671 486,1671 528,1671 570,1671 612,1670 654,1670 696,1670 738,1670 780,1669 822,1668 864,1668 906,1668 948,1668 990,1668 1032,1668 1074,1670"/>
                <TextEquiv>
                    <Unicode>dinandus, &amp; malus Christianus esset rebaptixandus, vel</Unicode>
                </TextEquiv>
            </TextLine>
            <TextLine id="r2l84" custom="readingOrder {index:35;}">
                <Coords points="230,1722 1077,1721 1077,1691 956,1671 230,1675"/>
                <Baseline points="236,1709 277,1709 319,1710 361,1710 403,1710 444,1710 486,1710 528,1710 570,1709 611,1709 653,1709 695,1709 737,1709 778,1707 820,1707 862,1707 904,1707 945,1707 987,1707 1029,1707 1071,1709"/>
                <TextEquiv>
                    <Unicode>ignorantia, &amp; hoc non: quia tunc paruuli cum sint igno¬</Unicode>
                </TextEquiv>
            </TextLine>
            <TextLine id="r2l86" custom="readingOrder {index:36;}">
                <Coords points="228,1756 1050,1759 1072,1724 227,1725"/>
                <Baseline points="233,1748 274,1748 316,1748 358,1749 399,1749 441,1749 483,1749 524,1749 566,1748 608,1748 650,1748 691,1748 733,1747 775,1746 816,1746 858,1746 900,1746 941,1746 983,1746 1025,1746 1067,1746"/>
                <TextEquiv>
                    <Unicode>rantes non reciperent characterem. Nec tertio modo</Unicode>
                </TextEquiv>
            </TextLine>
            <TextLine id="r2l88" custom="readingOrder {index:37;}">
                <Coords points="240,1806 1031,1800 1076,1797 1076,1754 240,1765"/>
                <Baseline points="246,1787 287,1787 328,1788 369,1788 411,1788 452,1788 493,1788 534,1788 576,1788 617,1787 658,1787 699,1787 741,1787 782,1785 823,1785 864,1785 906,1785 947,1785 988,1785 1029,1785 1071,1787"/>
                <TextEquiv>
                    <Unicode>quia Deus nullum bonum spirituale destruit in nobis.</Unicode>
                </TextEquiv>
            </TextLine>
            <TextLine id="r2l90" custom="readingOrder {index:38;}">
                <Coords points="240,1835 999,1841 1074,1831 1074,1793 240,1804"/>
                <Baseline points="245,1824 286,1826 327,1826 368,1827 409,1827 450,1827 491,1827 533,1827 574,1827 615,1826 656,1826 697,1826 738,1826 779,1826 821,1824 862,1824 903,1824 944,1824 985,1824 1026,1826 1068,1826"/>
                <TextEquiv>
                    <Unicode>nisi in quantum tale bonum est incompossibile cum cul</Unicode>
                </TextEquiv>
            </TextLine>
            <TextLine id="r2l92" custom="readingOrder {index:39;}">
                <Coords points="244,1880 1073,1873 1073,1832 244,1844"/>
                <Baseline points="249,1865 292,1866 335,1866 378,1868 421,1868 464,1868 507,1868 550,1868 593,1868 636,1868 680,1866 723,1866 766,1866 809,1865 852,1865 895,1865 938,1865 981,1863 1024,1863 1068,1865"/>
                <TextEquiv>
                    <Unicode>pa, vel ignorantia, sed vt iam patuit; ipse character non</Unicode>
                </TextEquiv>
            </TextLine>
            <TextLine id="r2l94" custom="readingOrder {index:40;}">
                <Coords points="240,1916 1020,1916 1046,1912 1046,1874 240,1886"/>
                <Baseline points="245,1904 284,1905 324,1905 364,1905 404,1905 443,1905 483,1905 523,1905 563,1905 602,1905 642,1905 682,1904 722,1904 761,1904 801,1904 841,1904 881,1902 920,1902 960,1904 1000,1904 1040,1904"/>
                <TextEquiv>
                    <Unicode>nabet repugnantiam ad culpam, nec ad ignorantiam.</Unicode>
                </TextEquiv>
            </TextLine>
            <TextLine id="r2l96" custom="readingOrder {index:41;}">
                <Coords points="276,1959 1074,1959 1073,1906 276,1919"/>
                <Baseline points="282,1944 321,1946 360,1946 399,1946 439,1946 478,1946 517,1946 557,1946 596,1944 635,1944 675,1943 714,1943 753,1942 792,1941 832,1941 871,1941 910,1941 950,1942 989,1943 1028,1944 1068,1946"/>
                <TextEquiv>
                    <Unicode>2 Praeterea, sicut in perfectione matrimonij contrahi</Unicode>
                </TextEquiv>
            </TextLine>
            <TextLine id="r2l98" custom="readingOrder {index:42;}">
                <Coords points="225,1996 1079,1987 1060,1957 834,1945 225,1960"/>
                <Baseline points="230,1980 272,1982 314,1982 356,1983 398,1983 441,1983 483,1983 525,1983 567,1983 609,1983 652,1983 694,1982 736,1982 778,1982 820,1982 863,1981 905,1980 947,1981 989,1982 1031,1982 1074,1982"/>
                <TextEquiv>
                    <Unicode>tur vinculum indissolubile, sic in praedictis tribus sacra¬</Unicode>
                </TextEquiv>
            </TextLine>
            <TextLine id="r2l100" custom="readingOrder {index:43;}">
                <Coords points="232,2030 408,2046 702,2021 782,2049 1028,2049 1073,2027 1073,1990 232,1999"/>
                <Baseline points="237,2022 278,2022 320,2022 361,2022 403,2022 444,2022 486,2022 527,2022 569,2022 610,2021 652,2021 694,2021 735,2021 777,2021 818,2021 860,2021 901,2021 943,2021 984,2021 1026,2021 1068,2021"/>
                <TextEquiv>
                    <Unicode>mentis, in quibus Christianus singulariter Deo sponsa¬</Unicode>
                </TextEquiv>
            </TextLine>
            <TextLine id="r2l103" custom="readingOrder {index:44;}">
                <Coords points="234,2067 294,2080 463,2064 495,2079 758,2070 758,2037 702,2020 530,2044 465,2027 413,2044 378,2028 328,2041 234,2031"/>
                <Baseline points="240,2060 265,2061 291,2061 316,2063 342,2063 368,2063 393,2063 419,2063 445,2063 470,2063 496,2063 522,2063 547,2062 573,2061 599,2061 624,2061 650,2061 676,2061 701,2061 727,2061 753,2061"/>
                <TextEquiv>
                    <Unicode>tur, imprimitur signum indelebile¬</Unicode>
                </TextEquiv>
            </TextLine>
            <TextLine id="r2l106" custom="readingOrder {index:45;}">
                <Coords points="259,2106 1022,2119 1069,2110 1069,2062 811,2050 728,2091 640,2066 259,2071"/>
                <Baseline points="264,2099 304,2100 344,2100 384,2102 424,2102 464,2102 504,2102 544,2102 584,2102 624,2100 664,2100 704,2100 744,2100 784,2099 824,2099 864,2099 904,2099 944,2099 984,2099 1024,2099 1064,2100"/>
                <TextEquiv>
                    <Unicode>1 Forte contra istud dicetur, quod character bestiae non</Unicode>
                </TextEquiv>
            </TextLine>
            <TextLine id="r2l108" custom="readingOrder {index:46;}">
                <Coords points="247,2148 827,2143 944,2165 1085,2147 1085,2108 247,2115"/>
                <Baseline points="252,2142 293,2142 334,2141 376,2141 417,2141 459,2141 500,2141 541,2141 583,2139 624,2139 666,2139 707,2139 748,2138 790,2138 831,2138 873,2138 914,2138 955,2138 997,2138 1038,2139 1080,2139"/>
                <TextEquiv>
                    <Unicode>potest simul stare cum charactere sacramenti, sed multi</Unicode>
                </TextEquiv>
            </TextLine>
            <TextLine id="r2l110" custom="readingOrder {index:47;}">
                <Coords points="235,2194 1086,2181 1086,2156 1035,2150 235,2155"/>
                <Baseline points="240,2181 282,2180 324,2180 366,2180 408,2180 450,2180 492,2179 534,2178 576,2178 618,2178 660,2178 702,2178 744,2177 786,2177 828,2177 870,2177 912,2177 954,2177 996,2177 1038,2178 1080,2178"/>
                <TextEquiv>
                    <Unicode>sunt signati charactere bestiae, vt patet Apoc. 15. ergo &amp;c.</Unicode>
                </TextEquiv>
            </TextLine>
            <TextLine id="r2l112" custom="readingOrder {index:48;}">
                <Coords points="269,2227 1013,2239 1086,2225 1086,2182 269,2187"/>
                <Baseline points="275,2220 315,2220 355,2220 395,2220 436,2220 476,2220 516,2219 556,2219 597,2219 637,2217 677,2217 717,2217 758,2217 798,2216 838,2216 878,2216 919,2216 959,2216 999,2216 1039,2217 1080,2217"/>
                <TextEquiv>
                    <Unicode>2 Praeterea, quicquid subest humanae voluntati, hoc</Unicode>
                </TextEquiv>
            </TextLine>
            <TextLine id="r2l114" custom="readingOrder {index:49;}">
                <Coords points="237,2272 1019,2288 1082,2275 1082,2230 236,2227"/>
                <Baseline points="242,2261 283,2261 325,2261 367,2259 409,2259 450,2259 492,2259 534,2258 576,2258 617,2258 659,2258 701,2256 743,2256 784,2256 826,2256 868,2256 910,2256 951,2256 993,2258 1035,2258 1077,2259"/>
                <TextEquiv>
                    <Unicode>est variabile, sed character subest humanae voluntati: quia</Unicode>
                </TextEquiv>
            </TextLine>
            <TextLine id="r2l116" custom="readingOrder {index:50;}">
                <Coords points="237,2316 269,2321 282,2311 301,2319 321,2303 352,2311 374,2302 426,2314 484,2304 545,2311 544,2280 514,2267 440,2278 399,2264 382,2278 367,2266 338,2280 325,2267 308,2273 281,2264 237,2278"/>
                <Baseline points="242,2303 269,2300 296,2300 323,2298 350,2298 377,2297 404,2297 431,2297 458,2298 485,2298 512,2298 539,2297"/>
                <TextEquiv>
                    <Unicode>recipitur voluntarie.</Unicode>
                </TextEquiv>
            </TextLine>
            <TextLine id="r2l118" custom="readingOrder {index:51;}">
                <Coords points="274,2360 1077,2344 1076,2300 1053,2298 274,2313"/>
                <Baseline points="279,2339 318,2339 358,2338 397,2337 437,2337 477,2337 516,2336 556,2336 595,2336 635,2334 675,2334 714,2334 754,2334 793,2334 833,2334 873,2334 912,2334 952,2334 991,2334 1031,2334 1071,2336"/>
                <TextEquiv>
                    <Unicode>3 Praeterea, si character esset indelebilis, vel hoc esset</Unicode>
                </TextEquiv>
            </TextLine>
            <TextLine id="r2l120" custom="readingOrder {index:52;}">
                <Coords points="234,2387 1085,2387 1084,2345 968,2337 234,2358"/>
                <Baseline points="239,2379 281,2379 323,2378 365,2378 407,2378 449,2378 491,2376 533,2376 575,2376 617,2375 659,2375 701,2375 743,2373 785,2373 827,2373 869,2373 911,2373 953,2373 995,2373 1037,2373 1079,2373"/>
                <TextEquiv>
                    <Unicode>ratione efficientis, a quo producitur, vel ratione subiecti,</Unicode>
                </TextEquiv>
            </TextLine>
            <TextLine id="r2l122" custom="readingOrder {index:53;}">
                <Coords points="241,2428 1066,2430 1079,2386 241,2389"/>
                <Baseline points="246,2418 287,2417 328,2417 370,2417 411,2417 453,2415 494,2415 535,2415 577,2415 618,2414 660,2414 701,2414 742,2414 784,2412 825,2412 867,2412 908,2412 949,2412 991,2412 1032,2412 1074,2412"/>
                <TextEquiv>
                    <Unicode>in quo recipitur. Non primum: quia Deus producit cari¬</Unicode>
                </TextEquiv>
            </TextLine>
            <TextLine id="r2l124" custom="readingOrder {index:54;}">
                <Coords points="237,2469 1012,2471 1085,2458 1085,2427 236,2430"/>
                <Baseline points="242,2459 283,2459 325,2459 367,2457 409,2457 451,2457 493,2456 535,2456 577,2455 619,2454 661,2454 702,2453 744,2453 786,2451 828,2451 870,2451 912,2451 954,2450 996,2450 1038,2450 1080,2451"/>
                <TextEquiv>
                    <Unicode>tatem, &amp; gratiam, quae tamen desentur ab ipso peccato¬</Unicode>
                </TextEquiv>
            </TextLine>
            <TextLine id="r2l126" custom="readingOrder {index:55;}">
                <Coords points="240,2517 1089,2496 1088,2457 240,2470"/>
                <Baseline points="245,2498 286,2497 328,2496 370,2496 412,2496 454,2495 496,2495 538,2494 580,2493 622,2493 664,2493 705,2493 747,2492 789,2492 831,2492 873,2492 915,2492 957,2492 999,2492 1041,2492 1083,2493"/>
                <TextEquiv>
                    <Unicode>re. Nec ratione secundi: quia tunc omnia, quae recipiun¬</Unicode>
                </TextEquiv>
            </TextLine>
            <TextLine id="r2l128" custom="readingOrder {index:56;}">
                <Coords points="240,2555 1085,2542 1090,2509 240,2517"/>
                <Baseline points="245,2537 287,2537 329,2535 371,2535 413,2535 455,2534 497,2534 539,2532 581,2532 623,2532 665,2532 707,2531 749,2531 791,2531 833,2531 875,2531 917,2531 959,2531 1001,2531 1043,2531 1085,2531"/>
                <TextEquiv>
                    <Unicode>tur in anima rationali essent inuariabilia. </Unicode>
                </TextEquiv>
            </TextLine>
            <TextLine id="r2l130" custom="readingOrder {index:57;}">
                <Coords points="275,2594 1015,2590 1085,2582 1085,2541 275,2550"/>
                <Baseline points="281,2579 323,2577 365,2576 407,2574 449,2573 491,2573 533,2571 575,2571 617,2571 659,2570 701,2570 743,2570 785,2570 827,2570 869,2570 911,2570 953,2570 995,2570 1037,2568 1080,2568"/>
                <TextEquiv>
                    <Unicode>4 Praeterea, character aliquo modo habilitat ad gra¬</Unicode>
                </TextEquiv>
            </TextLine>
            <TextLine id="r2l134" custom="readingOrder {index:58;}">
                <Coords points="233,2631 901,2610 960,2629 1090,2618 1090,2584 233,2586"/>
                <Baseline points="239,2618 281,2616 323,2616 365,2615 408,2613 450,2613 492,2612 535,2612 577,2610 619,2610 662,2610 704,2610 746,2610 788,2609 831,2609 873,2609 915,2609 958,2609 1000,2609 1042,2609 1085,2609"/>
                <TextEquiv>
                    <Unicode>tiam: sed in damnato nulla manet habilitas ad gratiam:</Unicode>
                </TextEquiv>
            </TextLine>
            <TextLine id="r2l136" custom="readingOrder {index:59;}">
                <Coords points="246,2672 1067,2654 1046,2616 246,2633"/>
                <Baseline points="251,2655 291,2655 332,2654 372,2654 413,2652 453,2652 494,2651 534,2651 575,2651 615,2649 656,2649 696,2649 737,2649 777,2649 818,2648 858,2648 899,2648 939,2648 980,2648 1020,2648 1061,2648"/>
                <TextEquiv>
                    <Unicode>ergo saltem a damnatis delebitur ipse character.</Unicode>
                </TextEquiv>
            </TextLine>
            <TextLine id="r2l138" custom="readingOrder {index:60;}">
                <Coords points="258,2707 1033,2704 1086,2699 1087,2661 258,2672"/>
                <Baseline points="263,2696 306,2695 349,2693 392,2693 435,2691 478,2691 521,2690 564,2690 607,2690 650,2688 694,2688 737,2688 780,2688 823,2688 866,2687 909,2687 952,2687 995,2687 1038,2687 1082,2687"/>
                <TextEquiv>
                    <Unicode>Ad primum dicendum, quod maior non est vera: quia</Unicode>
                </TextEquiv>
            </TextLine>
            <TextLine id="r2l140" custom="readingOrder {index:61;}">
                <Coords points="243,2747 1061,2743 1081,2700 243,2708"/>
                <Baseline points="248,2735 289,2733 330,2733 372,2732 413,2731 455,2730 496,2730 537,2730 579,2729 620,2729 662,2729 703,2729 744,2728 786,2727 827,2727 869,2727 910,2726 951,2726 993,2724 1034,2723 1076,2723"/>
                <TextEquiv>
                    <Unicode>character bestiae est mortale peccatum cum aliqua obsti¬</Unicode>
                </TextEquiv>
            </TextLine>
            <TextLine id="r2l142" custom="readingOrder {index:62;}">
                <Coords points="242,2781 1007,2782 1078,2771 1078,2740 242,2748"/>
                <Baseline points="248,2774 289,2773 330,2772 371,2771 413,2771 454,2769 495,2769 536,2768 578,2768 619,2768 660,2768 701,2768 743,2766 784,2766 825,2766 866,2766 908,2766 949,2766 990,2765 1031,2765 1073,2765"/>
                <TextEquiv>
                    <Unicode>natione, qua anima quodammodo disponitur ad quan¬</Unicode>
                </TextEquiv>
            </TextLine>
            <TextLine id="r2l145" custom="readingOrder {index:63;}">
                <Coords points="241,2829 1056,2816 1084,2811 1084,2777 240,2781"/>
                <Baseline points="246,2814 287,2813 329,2813 370,2811 412,2810 454,2810 495,2810 537,2808 579,2808 620,2808 662,2807 704,2807 745,2807 787,2805 829,2805 870,2805 912,2805 954,2805 995,2805 1037,2804 1079,2804"/>
                <TextEquiv>
                    <Unicode>dam perpetuitatem, sed vt iam dictum est, per nullum</Unicode>
                </TextEquiv>
            </TextLine>
            <TextLine id="r2l148" custom="readingOrder {index:64;}">
                <Coords points="234,2864 979,2863 1088,2851 1088,2816 234,2831"/>
                <Baseline points="239,2852 281,2851 323,2850 365,2849 407,2849 449,2849 491,2847 534,2847 576,2847 618,2846 660,2846 702,2846 744,2846 786,2846 829,2846 871,2846 913,2846 955,2846 997,2846 1039,2846 1082,2846"/>
                <TextEquiv>
                    <Unicode>mortale peccatum deletur sacramentalis character.</Unicode>
                </TextEquiv>
            </TextLine>
            <TextLine id="r2l151" custom="readingOrder {index:65;}">
                <Coords points="261,2905 1080,2896 1090,2851 260,2872"/>
                <Baseline points="266,2892 309,2891 352,2889 395,2888 438,2888 481,2886 524,2886 567,2886 610,2885 653,2885 697,2885 740,2885 783,2885 826,2885 869,2885 912,2885 955,2883 998,2883 1041,2882 1085,2882"/>
                <TextEquiv>
                    <Unicode>Ad secundum dicendum, quod licet passiue chara¬</Unicode>
                </TextEquiv>
            </TextLine>
            <TextLine id="r2l153" custom="readingOrder {index:66;}">
                <Coords points="237,2943 987,2943 1082,2930 1082,2894 236,2904"/>
                <Baseline points="242,2931 283,2930 325,2930 367,2928 408,2928 450,2928 492,2927 533,2927 575,2927 617,2925 659,2925 700,2925 742,2924 784,2924 825,2924 867,2924 909,2922 950,2922 992,2922 1034,2921 1076,2921"/>
                <TextEquiv>
                    <Unicode>cter voluntarie recipiatur: tamen actiue non dependet</Unicode>
                </TextEquiv>
            </TextLine>
            <TextLine id="r2l155" custom="readingOrder {index:67;}">
                <Coords points="244,2983 1055,2977 1078,2932 243,2941"/>
                <Baseline points="249,2970 290,2969 331,2969 372,2967 413,2967 455,2967 496,2966 537,2966 578,2966 619,2965 661,2964 702,2964 743,2964 784,2963 825,2963 867,2963 908,2963 949,2961 990,2961 1031,2961 1073,2960"/>
                <TextEquiv>
                    <Unicode>character ab humana voluntate: nec etiam aliquis actus</Unicode>
                </TextEquiv>
            </TextLine>
            <TextLine id="r2l157" custom="readingOrder {index:68;}">
                <Coords points="242,3029 1081,3011 1091,2967 242,2980"/>
                <Baseline points="248,3009 289,3008 331,3008 373,3006 415,3006 457,3006 499,3005 541,3005 583,3005 625,3003 667,3003 708,3003 750,3003 792,3003 834,3002 876,3002 918,3002 960,3002 1002,3002 1044,3000 1086,3000"/>
                <TextEquiv>
                    <Unicode>humanae voluntatis habet formalem repugnantiam ad</Unicode>
                </TextEquiv>
            </TextLine>
            <TextLine id="r2l159" custom="readingOrder {index:69;}">
                <Coords points="234,3065 1009,3057 1090,3046 1090,3011 234,3026"/>
                <Baseline points="239,3050 281,3048 323,3048 365,3047 408,3047 450,3046 492,3045 535,3045 577,3044 619,3044 662,3044 704,3044 746,3042 788,3042 831,3042 873,3042 915,3041 958,3041 1000,3041 1042,3041 1085,3041"/>
                <TextEquiv>
                    <Unicode>characterem: ideo deletio characteris non subest huma¬</Unicode>
                </TextEquiv>
            </TextLine>
            <TextLine id="r2l162" custom="readingOrder {index:70;}">
                <Coords points="232,3099 247,3106 257,3100 282,3104 293,3096 307,3109 320,3097 350,3101 364,3091 388,3100 447,3099 446,3058 422,3067 400,3055 376,3065 328,3058 287,3068 270,3060 253,3068 231,3066"/>
                <Baseline points="237,3090 262,3089 288,3087 313,3086 339,3084 364,3084 390,3084 415,3085 441,3087"/>
                <TextEquiv>
                    <Unicode>nae voluntati.</Unicode>
                </TextEquiv>
            </TextLine>
            <TextLine id="r2l164" custom="readingOrder {index:71;}">
                <Coords points="258,3141 1069,3129 1083,3085 257,3104"/>
                <Baseline points="263,3126 303,3126 344,3125 385,3125 425,3125 466,3123 507,3123 547,3123 588,3122 629,3122 670,3122 710,3122 751,3120 792,3120 832,3120 873,3120 914,3119 954,3119 995,3119 1036,3118 1077,3117"/>
                <TextEquiv>
                    <Unicode>Ad tertium dicendum, quod diuisio est insufficiens:</Unicode>
                </TextEquiv>
            </TextLine>
            <TextLine id="r2l166" custom="readingOrder {index:72;}">
                <Coords points="234,3185 1094,3172 1093,3131 1057,3124 234,3143"/>
                <Baseline points="239,3170 281,3168 323,3168 366,3167 408,3166 451,3165 493,3165 536,3164 578,3164 621,3162 663,3162 705,3162 748,3161 790,3161 833,3161 875,3160 918,3159 960,3159 1003,3159 1045,3159 1088,3158"/>
                <TextEquiv>
                    <Unicode>quia pro tanto character est indelebilis: quia nullam </Unicode>
                </TextEquiv>
            </TextLine>
            <TextEquiv>
                <Unicode>2 Praeterea, proprium est potentiae immediate funda¬
ri in essentia : ergo character confirmationis subiectiue
erit in essentia animae, &amp; non in voluntate. Consequentia
patet: quia character confirmationis est quaedam potentia
Ad primum dicendum, quod non est simile de habitu na¬
turali, &amp; de potentia naturali: quia habitus proprie lo¬
quendo nullius potest esse subiectum, sed potentiae natu¬
rali non repugnat esse subiectum, &amp; ideo quamuis habi
tus supernaturalis non possit subiectiue fundari in habi
tu naturali: tamen potentia supernaturalis potest subie¬
ctiue esse in potentia naturali. 
Ad secundum dicendum, quod licet maior sit vera, lo¬ 
quendo de potentia naturali tamen non est vera loquer
do de potentia supernaturali. Sicut autem hic probatum
est, characterem confirmationis esse subiectiue in poten¬
tia volitiua, sic simili ratione potest probari, characterem
ordinis esse subiectiue in potentia intellectiua: quia cha¬
racter ordinis datur homini pro fidelium multiplicatio¬
ne per doctrinam sanam, sed actus doctrinae competit ho
mini secundum intellectum : ergo character ordinis, qui
est quaedam potestas homini collata pro huiusmodi do¬
ctrinae exercitio, debet esse in intellectu.
Tertia conclusio est, quod quilibet istorum characte¬
rum suo subiecto indelebiliter inest, puta character baptis¬
mi essentiae animae, character confirmationis voluntati, qu
character ordinis intellectui.
1 Quia si character deleretur, vel hoc fieret destructio
ne subiecti, vel approximatione contrarij, vel subtractio¬ 
ne sui effectiui principij. Non primo modo: quia tam es¬
sentia animae, quam potentia, scilicet voluntas, &amp; intel¬
lectus, quae sunt subiecta characterum, sunt simpliciter in¬
corruptibilia. Nec secundo modo: quia tale contrarium
vel esset culpa, &amp; hoc non: quia tunc malus sacerdos per¬
deret characterem ordinis, &amp; per consequens esset reor¬
dinandus, &amp; malus Christianus esset rebaptixandus, vel
ignorantia, &amp; hoc non: quia tunc paruuli cum sint igno¬
rantes non reciperent characterem. Nec tertio modo
quia Deus nullum bonum spirituale destruit in nobis.
nisi in quantum tale bonum est incompossibile cum cul
pa, vel ignorantia, sed vt iam patuit; ipse character non
nabet repugnantiam ad culpam, nec ad ignorantiam.
2 Praeterea, sicut in perfectione matrimonij contrahi
tur vinculum indissolubile, sic in praedictis tribus sacra¬
mentis, in quibus Christianus singulariter Deo sponsa¬
tur, imprimitur signum indelebile¬
1 Forte contra istud dicetur, quod character bestiae non
potest simul stare cum charactere sacramenti, sed multi
sunt signati charactere bestiae, vt patet Apoc. 15. ergo &amp;c.
2 Praeterea, quicquid subest humanae voluntati, hoc
est variabile, sed character subest humanae voluntati: quia
recipitur voluntarie.
3 Praeterea, si character esset indelebilis, vel hoc esset
ratione efficientis, a quo producitur, vel ratione subiecti,
in quo recipitur. Non primum: quia Deus producit cari¬
tatem, &amp; gratiam, quae tamen desentur ab ipso peccato¬
re. Nec ratione secundi: quia tunc omnia, quae recipiun¬
tur in anima rationali essent inuariabilia. 
4 Praeterea, character aliquo modo habilitat ad gra¬
tiam: sed in damnato nulla manet habilitas ad gratiam:
ergo saltem a damnatis delebitur ipse character.
Ad primum dicendum, quod maior non est vera: quia
character bestiae est mortale peccatum cum aliqua obsti¬
natione, qua anima quodammodo disponitur ad quan¬
dam perpetuitatem, sed vt iam dictum est, per nullum
mortale peccatum deletur sacramentalis character.
Ad secundum dicendum, quod licet passiue chara¬
cter voluntarie recipiatur: tamen actiue non dependet
character ab humana voluntate: nec etiam aliquis actus
humanae voluntatis habet formalem repugnantiam ad
characterem: ideo deletio characteris non subest huma¬
nae voluntati.
Ad tertium dicendum, quod diuisio est insufficiens:
quia pro tanto character est indelebilis: quia nullam </Unicode>
            </TextEquiv>
        </TextRegion>
        <TextRegion orientation="0.0" id="TextRegion_1603046825263_6215" custom="readingOrder {index:1;}">
            <Coords points="1099,249 1983,249 1983,3229 1099,3229"/>
            <TextLine id="r2l3" custom="readingOrder {index:0;}">
                <Coords points="1129,343 1982,349 1982,287 1129,288"/>
                <Baseline points="1134,335 1176,335 1218,335 1260,335 1302,335 1344,335 1386,335 1429,335 1471,335 1513,335 1555,335 1597,335 1639,335 1681,335 1724,335 1766,335 1808,335 1850,336 1892,336 1934,336 1977,338"/>
                <TextEquiv>
                    <Unicode>repugnantiam patitur in suo subiecto, non obstantibus</Unicode>
                </TextEquiv>
            </TextLine>
            <TextLine id="r2l6" custom="readingOrder {index:1;}">
                <Coords points="1138,390 1932,397 1985,388 1986,347 1138,355"/>
                <Baseline points="1143,375 1184,375 1226,375 1268,375 1310,374 1352,374 1394,374 1435,374 1477,374 1519,374 1561,374 1603,375 1645,375 1687,375 1728,375 1770,375 1812,376 1854,377 1896,377 1938,377 1980,377"/>
                <TextEquiv>
                    <Unicode>quibuscumque actibus humanis variantibus humanam </Unicode>
                </TextEquiv>
            </TextLine>
            <TextLine id="r2l8" custom="readingOrder {index:2;}">
                <Coords points="1137,422 1156,430 1172,420 1216,419 1278,422 1289,431 1326,422 1368,429 1368,394 1321,395 1296,381 1281,389 1273,384 1190,393 1173,381 1158,396 1137,391"/>
                <Baseline points="1143,414 1170,413 1197,413 1225,414 1252,414 1279,414 1307,414 1334,413 1362,411"/>
                <TextEquiv>
                    <Unicode>voluntatem. </Unicode>
                </TextEquiv>
            </TextLine>
            <TextLine id="r2l12" custom="readingOrder {index:3;}">
                <Coords points="1164,462 1976,468 1967,421 1164,423"/>
                <Baseline points="1169,453 1209,453 1249,453 1289,453 1329,452 1369,452 1409,452 1449,452 1489,452 1529,452 1570,452 1610,452 1650,452 1690,452 1730,453 1770,453 1810,453 1850,453 1890,455 1930,455 1971,456"/>
                <TextEquiv>
                    <Unicode>Ad quartum dicendum, quod licet character habili¬</Unicode>
                </TextEquiv>
            </TextLine>
            <TextLine id="r2l15" custom="readingOrder {index:4;}">
                <Coords points="1130,499 1981,501 1981,467 1951,464 1161,472 1130,451"/>
                <Baseline points="1136,491 1178,491 1220,491 1262,491 1304,491 1346,491 1388,491 1430,492 1472,492 1514,492 1556,492 1598,492 1640,492 1682,492 1724,492 1766,494 1808,494 1850,494 1892,494 1934,495 1976,495"/>
                <TextEquiv>
                    <Unicode>tet ad gratiam hominem existentem in via: tamen non</Unicode>
                </TextEquiv>
            </TextLine>
            <TextLine id="r2l17" custom="readingOrder {index:5;}">
                <Coords points="1137,540 1236,551 1285,536 1298,547 1610,542 1610,505 1553,500 1445,513 1320,496 1253,511 1217,497 1137,501"/>
                <Baseline points="1143,530 1168,530 1194,530 1220,531 1245,531 1271,531 1297,531 1322,531 1348,531 1374,531 1399,530 1425,530 1451,530 1476,530 1502,530 1528,530 1553,528 1579,528 1605,528"/>
                <TextEquiv>
                    <Unicode>habilitat existentem extra viam </Unicode>
                </TextEquiv>
            </TextLine>
            <TextLine id="r2l19" custom="readingOrder {index:6;}">
                <Coords points="1125,579 1969,582 1963,540 1125,541"/>
                <Baseline points="1130,570 1171,570 1213,569 1255,569 1296,569 1338,569 1380,569 1421,569 1463,569 1505,569 1547,569 1588,570 1630,570 1672,570 1713,570 1755,570 1797,572 1838,572 1880,572 1922,573 1964,573"/>
                <TextEquiv>
                    <Unicode>Forte dices, ad quid ergo manet character in ipso dam</Unicode>
                </TextEquiv>
            </TextLine>
            <TextLine id="line_1603046825467_6218" custom="readingOrder {index:7;}">
                <Coords points="1129,622 1988,624 1988,588 1932,579 1129,587"/>
                <Baseline points="1134,609 1182,609 1231,608 1280,608 1329,608 1378,608 1427,608 1475,608 1524,609 1573,609 1622,609 1671,609 1720,611 1769,611 1817,611 1866,611 1915,609 1964,609 1983,608"/>
                <TextEquiv>
                    <Unicode>nato: Dico, quod manet ad maiorem confusionem dam </Unicode>
                </TextEquiv>
            </TextLine>
            <TextLine id="line_1603046825468_6220" custom="readingOrder {index:8;}">
                <Coords points="1129,655 1988,655 1988,630 1939,618 1129,622"/>
                <Baseline points="1134,648 1181,648 1228,647 1275,647 1322,647 1370,648 1417,648 1464,648 1511,648 1558,648 1606,648 1653,648 1700,648 1747,648 1794,648 1842,648 1889,647 1936,647 1983,645"/>
                <TextEquiv>
                    <Unicode>nati, vt in perpetuum appareat, quod quamuis Deus in¬</Unicode>
                </TextEquiv>
            </TextLine>
            <TextLine id="line_1603046825468_6222" custom="readingOrder {index:9;}">
                <Coords points="1139,697 1988,701 1988,668 1909,657 1139,658"/>
                <Baseline points="1145,684 1193,684 1242,686 1291,686 1340,686 1389,686 1437,686 1486,687 1535,687 1584,687 1633,687 1681,687 1730,687 1779,687 1828,687 1877,687 1925,687 1974,686 1983,686"/>
                <TextEquiv>
                    <Unicode>ter oues suas ipsum signauerit: ipse tamen propter suam</Unicode>
                </TextEquiv>
            </TextLine>
            <TextLine id="r2l27" custom="readingOrder {index:10;}">
                <Coords points="1125,740 1973,729 1973,704 1890,695 1125,696"/>
                <Baseline points="1131,726 1172,726 1214,725 1256,725 1298,725 1340,725 1382,725 1423,726 1465,726 1507,726 1549,728 1591,728 1633,728 1675,728 1716,729 1758,729 1800,729 1842,729 1884,729 1926,728 1968,728"/>
                <TextEquiv>
                    <Unicode>malitiam a dominico ouili recessit, &amp; huiusmodi signa¬</Unicode>
                </TextEquiv>
            </TextLine>
            <TextLine id="r2l29" custom="readingOrder {index:11;}">
                <Coords points="1122,776 1345,773 1378,785 1431,773 1481,787 1501,773 1587,775 1587,748 1558,751 1533,733 1491,747 1403,730 1234,744 1147,733 1122,745"/>
                <Baseline points="1127,765 1152,765 1177,765 1202,765 1227,765 1253,764 1278,764 1303,764 1328,764 1354,764 1379,764 1404,764 1429,765 1454,765 1480,765 1505,766 1530,767 1555,768 1581,768"/>
                <TextEquiv>
                    <Unicode>tionem inutilem sibi fecit. </Unicode>
                </TextEquiv>
            </TextLine>
            <TextLine id="r2l38" custom="readingOrder {index:12;}">
                <Coords points="1271,928 1835,932 1835,869 1732,847 1550,869 1272,852"/>
                <Baseline points="1277,902 1304,902 1332,900 1359,900 1387,900 1415,900 1442,900 1470,900 1498,900 1525,900 1553,900 1581,902 1608,902 1636,902 1664,902 1691,903 1719,903 1747,903 1774,903 1802,903 1830,903"/>
                <TextEquiv>
                    <Unicode>ARTICVLVS IIL</Unicode>
                </TextEquiv>
            </TextLine>
            <TextLine id="r2l46" custom="readingOrder {index:13;}">
                <Coords points="1260,1045 1502,1032 1847,1047 1848,969 1771,986 1647,972 1540,1003 1260,978"/>
                <Baseline points="1265,1029 1293,1028 1322,1028 1351,1026 1380,1026 1409,1026 1438,1026 1466,1026 1495,1026 1524,1026 1553,1028 1582,1028 1611,1028 1640,1028 1668,1028 1697,1029 1726,1029 1755,1029 1784,1029 1813,1029 1842,1029"/>
                <TextEquiv>
                    <Unicode>Quis sit idoneus minister sacramenti</Unicode>
                </TextEquiv>
            </TextLine>
            <TextLine id="r2l49" custom="readingOrder {index:14;}">
                <Coords points="1416,1083 1451,1082 1473,1094 1523,1082 1604,1088 1638,1079 1650,1088 1673,1085 1674,1051 1608,1039 1564,1042 1545,1052 1521,1042 1509,1049 1495,1038 1438,1054 1416,1047"/>
                <Baseline points="1422,1076 1449,1076 1476,1077 1504,1077 1531,1077 1558,1077 1586,1077 1613,1077 1640,1077 1668,1077"/>
                <TextEquiv>
                    <Unicode>confirmationis.</Unicode>
                </TextEquiv>
            </TextLine>
            <TextLine id="r2l54" custom="readingOrder {index:15;}">
                <Coords points="1195,1191 1934,1216 1966,1205 1967,1167 1195,1154"/>
                <Baseline points="1200,1193 1238,1193 1276,1194 1314,1194 1352,1194 1390,1196 1428,1196 1466,1196 1504,1196 1542,1196 1580,1197 1618,1197 1656,1197 1694,1197 1732,1197 1770,1199 1808,1199 1846,1199 1884,1199 1922,1200 1961,1200"/>
                <TextEquiv>
                    <Unicode>VANTVM ad tertium articulum pono duas con¬</Unicode>
                </TextEquiv>
            </TextLine>
            <TextLine id="r2l57" custom="readingOrder {index:16;}">
                <Coords points="1151,1246 1916,1253 1964,1240 1964,1215 1348,1196 1151,1218"/>
                <Baseline points="1157,1232 1197,1232 1237,1232 1277,1233 1317,1233 1357,1233 1397,1233 1437,1235 1477,1235 1517,1235 1557,1235 1597,1236 1637,1236 1677,1236 1717,1237 1757,1238 1797,1238 1837,1238 1877,1238 1917,1238 1958,1238"/>
                <TextEquiv>
                    <Unicode>e clusiones. Prima est, quod secundum cursum con¬</Unicode>
                </TextEquiv>
            </TextLine>
            <TextLine id="r2l60" custom="readingOrder {index:17;}">
                <Coords points="1129,1281 1969,1289 1969,1253 1931,1244 1129,1250"/>
                <Baseline points="1134,1272 1175,1272 1217,1274 1258,1274 1300,1274 1341,1274 1383,1274 1424,1274 1466,1275 1507,1275 1549,1275 1590,1275 1632,1275 1673,1275 1715,1275 1756,1275 1798,1275 1839,1277 1881,1277 1922,1278 1964,1278"/>
                <TextEquiv>
                    <Unicode>munem non quilibet sacerdos, sed solus episcopus debet</Unicode>
                </TextEquiv>
            </TextLine>
            <TextLine id="r2l62" custom="readingOrder {index:18;}">
                <Coords points="1136,1320 1709,1325 1709,1286 1692,1282 1361,1295 1136,1280"/>
                <Baseline points="1142,1311 1170,1311 1198,1311 1226,1311 1254,1311 1282,1311 1310,1311 1338,1313 1366,1313 1394,1313 1423,1313 1451,1313 1479,1313 1507,1313 1535,1313 1563,1313 1591,1313 1619,1313 1647,1313 1675,1313 1704,1313"/>
                <TextEquiv>
                    <Unicode>conferre sacramentum confirmationis,</Unicode>
                </TextEquiv>
            </TextLine>
            <TextLine id="line_1603046825470_6224" custom="readingOrder {index:19;}">
                <Coords points="1125,1359 1877,1375 1988,1358 1989,1333 1755,1312 1125,1327"/>
                <Baseline points="1130,1350 1177,1352 1225,1352 1272,1353 1320,1353 1368,1353 1415,1353 1463,1353 1510,1352 1558,1352 1606,1352 1653,1352 1701,1352 1748,1352 1796,1353 1844,1354 1891,1356 1939,1358 1983,1360"/>
                <TextEquiv>
                    <Unicode>Quia quod in primitiua ecclesia solum licuit Aposto¬</Unicode>
                </TextEquiv>
            </TextLine>
            <TextLine id="r2l66" custom="readingOrder {index:20;}">
                <Coords points="1123,1399 1966,1404 1966,1367 1937,1362 1123,1360"/>
                <Baseline points="1128,1391 1169,1392 1211,1392 1252,1392 1294,1392 1336,1391 1377,1391 1419,1391 1461,1391 1502,1391 1544,1391 1586,1391 1627,1392 1669,1392 1711,1392 1752,1392 1794,1392 1836,1392 1877,1394 1919,1394 1961,1395"/>
                <TextEquiv>
                    <Unicode>lis, hoc modo solum licet episcopis: quia sicut simplices</Unicode>
                </TextEquiv>
            </TextLine>
            <TextLine id="r2l68" custom="readingOrder {index:21;}">
                <Coords points="1140,1437 1964,1446 1951,1406 1140,1401"/>
                <Baseline points="1145,1428 1185,1430 1226,1430 1266,1430 1307,1430 1348,1430 1388,1430 1429,1430 1470,1430 1510,1431 1551,1431 1592,1431 1632,1431 1673,1431 1714,1431 1754,1431 1795,1431 1836,1433 1876,1433 1917,1434 1958,1434"/>
                <TextEquiv>
                    <Unicode>resbyteri sunt suceessores 72. discipulorum, sic episcopi</Unicode>
                </TextEquiv>
            </TextLine>
            <TextLine id="r2l70" custom="readingOrder {index:22;}">
                <Coords points="1128,1473 1971,1483 1971,1449 1897,1440 1128,1441"/>
                <Baseline points="1134,1467 1175,1467 1217,1469 1258,1469 1300,1469 1341,1469 1383,1469 1424,1469 1466,1469 1507,1469 1549,1469 1591,1469 1632,1469 1674,1469 1715,1469 1757,1469 1798,1470 1840,1470 1881,1472 1923,1473 1965,1473"/>
                <TextEquiv>
                    <Unicode>sunt suceessores ipsorum Apostolorum, vt patet in decre</Unicode>
                </TextEquiv>
            </TextLine>
            <TextLine id="r2l72" custom="readingOrder {index:23;}">
                <Coords points="1129,1516 1963,1521 1963,1482 1884,1476 1129,1473"/>
                <Baseline points="1134,1508 1175,1508 1216,1509 1257,1509 1298,1509 1340,1509 1381,1508 1422,1508 1463,1508 1504,1508 1546,1508 1587,1508 1628,1508 1669,1509 1710,1509 1752,1509 1793,1509 1834,1511 1875,1511 1916,1512 1958,1512"/>
                <TextEquiv>
                    <Unicode>tis distinct. 2. 1. cap. in nouo, sed in primitiua ecclesia soli</Unicode>
                </TextEquiv>
            </TextLine>
            <TextLine id="r2l74" custom="readingOrder {index:24;}">
                <Coords points="1132,1559 1965,1561 1957,1521 1132,1517"/>
                <Baseline points="1137,1547 1178,1547 1219,1548 1260,1548 1301,1548 1342,1548 1383,1548 1424,1547 1465,1547 1506,1547 1548,1547 1589,1547 1630,1547 1671,1548 1712,1548 1753,1548 1794,1549 1835,1550 1876,1550 1917,1551 1959,1553"/>
                <TextEquiv>
                    <Unicode>Apostoli dabant sacramentum confirmationis: quia, vt pa</Unicode>
                </TextEquiv>
            </TextLine>
            <TextLine id="r2l76" custom="readingOrder {index:25;}">
                <Coords points="1137,1595 1968,1601 1968,1566 1911,1560 1137,1557"/>
                <Baseline points="1142,1587 1183,1587 1224,1586 1265,1586 1306,1586 1347,1586 1388,1586 1429,1586 1470,1587 1511,1587 1552,1587 1593,1587 1634,1587 1675,1587 1716,1589 1757,1589 1798,1589 1839,1589 1880,1590 1921,1590 1962,1590"/>
                <TextEquiv>
                    <Unicode>et in actibus Apostolorum, Philippus diaconus non con</Unicode>
                </TextEquiv>
            </TextLine>
            <TextLine id="r2l78" custom="readingOrder {index:26;}">
                <Coords points="1122,1632 1973,1648 1960,1599 1122,1598"/>
                <Baseline points="1127,1626 1169,1626 1211,1625 1253,1625 1295,1625 1337,1625 1379,1625 1421,1626 1463,1626 1505,1626 1547,1626 1589,1626 1631,1626 1673,1627 1715,1628 1757,1628 1799,1628 1841,1629 1883,1629 1925,1629 1967,1629"/>
                <TextEquiv>
                    <Unicode>firmabat eos, quos baptix abat: sed reliquit eos Apostolis</Unicode>
                </TextEquiv>
            </TextLine>
            <TextLine id="r2l80" custom="readingOrder {index:27;}">
                <Coords points="1128,1678 1202,1672 1215,1680 1240,1679 1267,1671 1282,1678 1334,1678 1346,1672 1347,1643 1321,1642 1297,1630 1255,1630 1243,1640 1220,1642 1202,1631 1182,1642 1128,1640"/>
                <Baseline points="1133,1667 1159,1665 1185,1664 1211,1664 1237,1664 1263,1664 1289,1665 1315,1666 1341,1668"/>
                <TextEquiv>
                    <Unicode>confirmandos.</Unicode>
                </TextEquiv>
            </TextLine>
            <TextLine id="r2l83" custom="readingOrder {index:28;}">
                <Coords points="1141,1713 1967,1717 1967,1675 1945,1671 1141,1676"/>
                <Baseline points="1146,1703 1186,1703 1227,1703 1268,1704 1309,1704 1350,1704 1390,1704 1431,1704 1472,1704 1513,1706 1554,1706 1594,1706 1635,1706 1676,1706 1717,1706 1758,1707 1798,1707 1839,1707 1880,1707 1921,1707 1962,1707"/>
                <TextEquiv>
                    <Unicode>Secunda conclusio est, quod de priuilegio, &amp; dispensa¬</Unicode>
                </TextEquiv>
            </TextLine>
            <TextLine id="r2l85" custom="readingOrder {index:29;}">
                <Coords points="1128,1750 1967,1758 1960,1716 1128,1712"/>
                <Baseline points="1133,1743 1174,1743 1215,1742 1257,1742 1298,1742 1340,1742 1381,1742 1423,1743 1464,1743 1506,1743 1547,1743 1588,1743 1630,1745 1671,1745 1713,1745 1754,1745 1796,1746 1837,1746 1879,1746 1920,1746 1962,1748"/>
                <TextEquiv>
                    <Unicode>tione singulari summus Pontisex potest simplici sacerdo</Unicode>
                </TextEquiv>
            </TextLine>
            <TextLine id="r2l87" custom="readingOrder {index:30;}">
                <Coords points="1128,1794 1967,1798 1944,1754 1128,1755"/>
                <Baseline points="1133,1782 1174,1781 1215,1781 1257,1781 1298,1781 1340,1781 1381,1781 1423,1781 1464,1782 1506,1782 1547,1782 1588,1782 1630,1782 1671,1782 1713,1784 1754,1784 1796,1784 1837,1784 1879,1785 1920,1785 1962,1785"/>
                <TextEquiv>
                    <Unicode>ti dare auctoritate conferendi sacramentum confirmatio</Unicode>
                </TextEquiv>
            </TextLine>
            <TextLine id="r2l89" custom="readingOrder {index:31;}">
                <Coords points="1131,1830 1967,1837 1967,1798 1934,1793 1132,1792"/>
                <Baseline points="1137,1820 1178,1820 1219,1820 1260,1821 1302,1821 1343,1821 1384,1821 1425,1821 1467,1821 1508,1821 1549,1821 1590,1821 1632,1821 1673,1823 1714,1823 1755,1823 1797,1823 1838,1824 1879,1824 1920,1825 1962,1826"/>
                <TextEquiv>
                    <Unicode>nis: quia auctoritate Papae sacerdoti potest committi au</Unicode>
                </TextEquiv>
            </TextLine>
            <TextLine id="r2l91" custom="readingOrder {index:32;}">
                <Coords points="1127,1873 1961,1875 1961,1835 1936,1833 1128,1829"/>
                <Baseline points="1133,1860 1174,1860 1215,1860 1256,1860 1297,1860 1338,1860 1379,1860 1421,1860 1462,1859 1503,1860 1544,1860 1585,1860 1626,1860 1667,1860 1709,1860 1750,1862 1791,1862 1832,1862 1873,1863 1914,1864 1956,1865"/>
                <TextEquiv>
                    <Unicode>ctoritas conferendi ordines: ergo &amp; confirmandi. Ante¬</Unicode>
                </TextEquiv>
            </TextLine>
            <TextLine id="r2l93" custom="readingOrder {index:33;}">
                <Coords points="1128,1905 1898,1919 1961,1914 1962,1874 1128,1878"/>
                <Baseline points="1133,1899 1174,1899 1215,1899 1256,1899 1297,1899 1338,1899 1379,1899 1421,1899 1462,1899 1503,1899 1544,1899 1585,1899 1626,1899 1667,1899 1709,1899 1750,1899 1791,1901 1832,1901 1873,1902 1914,1902 1956,1904"/>
                <TextEquiv>
                    <Unicode>cedens patet: quia sacerdos Cardinalis potest conferre</Unicode>
                </TextEquiv>
            </TextLine>
            <TextLine id="r2l95" custom="readingOrder {index:34;}">
                <Coords points="1122,1951 1973,1953 1973,1913 1914,1910 1122,1912"/>
                <Baseline points="1128,1938 1170,1938 1212,1938 1254,1938 1296,1938 1338,1938 1380,1938 1422,1938 1464,1938 1506,1938 1548,1938 1590,1938 1632,1938 1674,1938 1716,1938 1758,1938 1800,1939 1842,1940 1884,1940 1926,1941 1968,1943"/>
                <TextEquiv>
                    <Unicode>minores ordines. Patet etiam consequentia: quia cui po</Unicode>
                </TextEquiv>
            </TextLine>
            <TextLine id="r2l97" custom="readingOrder {index:35;}">
                <Coords points="1135,1985 1961,1993 1946,1949 1135,1951"/>
                <Baseline points="1140,1976 1180,1976 1221,1977 1262,1977 1303,1977 1344,1977 1384,1977 1425,1977 1466,1978 1507,1979 1548,1979 1588,1979 1629,1979 1670,1979 1711,1979 1752,1980 1792,1980 1833,1980 1874,1980 1915,1980 1956,1980"/>
                <TextEquiv>
                    <Unicode>test committi maius, eidem potest committi etiam mi</Unicode>
                </TextEquiv>
            </TextLine>
            <TextLine id="r2l99" custom="readingOrder {index:36;}">
                <Coords points="1122,2029 1971,2027 1971,1995 1854,1987 1122,1991"/>
                <Baseline points="1127,2018 1168,2018 1210,2018 1252,2018 1294,2018 1336,2018 1378,2018 1420,2018 1462,2018 1504,2018 1546,2018 1587,2018 1629,2018 1671,2018 1713,2019 1755,2019 1797,2019 1839,2019 1881,2019 1923,2019 1965,2019"/>
                <TextEquiv>
                    <Unicode>nus, sed maius, &amp; excellentius esse videtur conferre or-</Unicode>
                </TextEquiv>
            </TextLine>
            <TextLine id="r2l102" custom="readingOrder {index:37;}">
                <Coords points="1121,2068 1690,2076 1678,2028 1122,2030"/>
                <Baseline points="1127,2058 1154,2058 1182,2057 1210,2057 1238,2055 1266,2055 1294,2055 1322,2055 1350,2055 1378,2055 1406,2055 1433,2055 1461,2055 1489,2056 1517,2057 1545,2058 1573,2059 1601,2060 1629,2061 1657,2063 1685,2064"/>
                <TextEquiv>
                    <Unicode>dinom, quam confirmare.</Unicode>
                </TextEquiv>
            </TextLine>
            <TextLine id="r2l105" custom="readingOrder {index:38;}">
                <Coords points="1134,2103 1979,2112 1979,2076 1950,2067 1134,2066"/>
                <Baseline points="1139,2097 1180,2096 1222,2096 1264,2094 1306,2094 1347,2094 1389,2094 1431,2094 1473,2094 1514,2094 1556,2094 1598,2094 1640,2096 1681,2096 1723,2096 1765,2097 1807,2097 1848,2097 1890,2098 1932,2099 1974,2099"/>
                <TextEquiv>
                    <Unicode>2 Praeterea, de facto Papa Crego. auctoritatem confir</Unicode>
                </TextEquiv>
            </TextLine>
            <TextLine id="r2l107" custom="readingOrder {index:39;}">
                <Coords points="1131,2146 1963,2145 1950,2108 1132,2103"/>
                <Baseline points="1137,2135 1178,2135 1219,2135 1260,2135 1301,2135 1342,2135 1383,2135 1424,2135 1465,2135 1506,2135 1547,2136 1588,2136 1629,2136 1670,2136 1711,2136 1752,2136 1793,2138 1834,2138 1875,2138 1916,2138 1958,2139"/>
                <TextEquiv>
                    <Unicode>mandi simplicibus sacerdotibus contulit, sicut patet do</Unicode>
                </TextEquiv>
            </TextLine>
            <TextLine id="r2l109" custom="readingOrder {index:40;}">
                <Coords points="1132,2183 1979,2188 1969,2147 1132,2146"/>
                <Baseline points="1137,2174 1178,2174 1220,2174 1262,2174 1304,2174 1346,2174 1388,2174 1429,2174 1471,2174 1513,2174 1555,2174 1597,2174 1639,2174 1681,2174 1722,2174 1764,2175 1806,2175 1848,2175 1890,2175 1932,2177 1974,2177"/>
                <TextEquiv>
                    <Unicode>conse distis. c. peruenit, vbi Oregorius Papa lanuario Epi</Unicode>
                </TextEquiv>
            </TextLine>
            <TextLine id="r2l111" custom="readingOrder {index:41;}">
                <Coords points="1135,2231 1969,2224 1969,2196 1873,2181 1135,2183"/>
                <Baseline points="1140,2213 1181,2213 1222,2213 1263,2213 1304,2213 1346,2213 1387,2213 1428,2213 1469,2213 1510,2213 1552,2213 1593,2213 1634,2214 1675,2214 1716,2214 1758,2214 1799,2214 1840,2214 1881,2214 1922,2214 1964,2214"/>
                <TextEquiv>
                    <Unicode>copo sic scribit. Peruenit ad nos, quosdam scandalixa¬</Unicode>
                </TextEquiv>
            </TextLine>
            <TextLine id="r2l113" custom="readingOrder {index:42;}">
                <Coords points="1128,2263 1942,2273 1969,2267 1969,2224 1128,2230"/>
                <Baseline points="1134,2252 1175,2252 1217,2252 1258,2253 1300,2253 1341,2253 1383,2253 1424,2252 1466,2252 1507,2252 1549,2252 1590,2252 1632,2252 1673,2252 1715,2252 1756,2253 1798,2253 1839,2253 1881,2255 1922,2255 1964,2256"/>
                <TextEquiv>
                    <Unicode>tos fuisse, quod presbyteros tangere eos chrismate, qui</Unicode>
                </TextEquiv>
            </TextLine>
            <TextLine id="r2l115" custom="readingOrder {index:43;}">
                <Coords points="1128,2305 1963,2307 1963,2269 1885,2261 1128,2262"/>
                <Baseline points="1133,2292 1174,2292 1215,2292 1256,2292 1298,2292 1339,2292 1380,2291 1421,2291 1463,2291 1504,2291 1545,2291 1586,2291 1628,2291 1669,2291 1710,2292 1751,2292 1793,2292 1834,2292 1875,2294 1916,2294 1958,2295"/>
                <TextEquiv>
                    <Unicode>baptixati sunt, prohibuimus. Et sequitur ibidem. Si om-</Unicode>
                </TextEquiv>
            </TextLine>
            <TextLine id="r2l117" custom="readingOrder {index:44;}">
                <Coords points="1122,2346 1967,2345 1967,2304 1122,2310"/>
                <Baseline points="1127,2331 1168,2331 1210,2331 1252,2331 1294,2331 1335,2331 1377,2331 1419,2330 1461,2330 1502,2330 1544,2331 1586,2331 1628,2331 1669,2331 1711,2331 1753,2331 1795,2333 1836,2333 1878,2333 1920,2334 1962,2334"/>
                <TextEquiv>
                    <Unicode>nino de hac re aliqui contristantur, vbi Episcopi desunt,</Unicode>
                </TextEquiv>
            </TextLine>
            <TextLine id="r2l119" custom="readingOrder {index:45;}">
                <Coords points="1127,2386 1982,2389 1956,2341 1127,2344"/>
                <Baseline points="1133,2370 1175,2370 1217,2370 1259,2370 1301,2370 1344,2370 1386,2370 1428,2370 1470,2370 1512,2370 1555,2370 1597,2372 1639,2372 1681,2372 1723,2372 1766,2372 1808,2372 1850,2373 1892,2373 1934,2373 1977,2373"/>
                <TextEquiv>
                    <Unicode>vt presbvteri baptixatos etiam tangere chrismate in fron</Unicode>
                </TextEquiv>
            </TextLine>
            <TextLine id="r2l121" custom="readingOrder {index:46;}">
                <Coords points="1126,2420 1606,2421 1626,2419 1626,2385 1126,2386"/>
                <Baseline points="1131,2411 1156,2410 1182,2409 1208,2409 1233,2409 1259,2408 1285,2408 1311,2408 1336,2408 1362,2408 1388,2408 1414,2408 1439,2409 1465,2409 1491,2409 1517,2410 1542,2411 1568,2411 1594,2412 1620,2412"/>
                <TextEquiv>
                    <Unicode>tibus debeant, concedimus. </Unicode>
                </TextEquiv>
            </TextLine>
            <TextLine id="line_1603046825472_6226" custom="readingOrder {index:47;}">
                <Coords points="1147,2458 1988,2460 1988,2422 1949,2418 1147,2420"/>
                <Baseline points="1152,2448 1200,2449 1249,2450 1297,2448 1346,2448 1394,2448 1443,2448 1491,2448 1540,2447 1588,2447 1637,2447 1686,2448 1734,2448 1783,2450 1831,2451 1880,2453 1928,2456 1977,2458 1983,2458"/>
                <TextEquiv>
                    <Unicode>Sed ad istam auctoritatem dicunt quidam, quod isti sa</Unicode>
                </TextEquiv>
            </TextLine>
            <TextLine id="r2l125" custom="readingOrder {index:48;}">
                <Coords points="1125,2500 1971,2504 1971,2473 1855,2458 1125,2464"/>
                <Baseline points="1131,2489 1172,2489 1214,2488 1256,2487 1297,2487 1339,2487 1381,2486 1422,2486 1464,2486 1506,2486 1548,2486 1589,2486 1631,2487 1673,2487 1714,2487 1756,2487 1798,2489 1839,2489 1881,2489 1923,2490 1965,2490"/>
                <TextEquiv>
                    <Unicode>cerdotes auctoritate Papae non conferebant sacramen¬</Unicode>
                </TextEquiv>
            </TextLine>
            <TextLine id="r2l127" custom="readingOrder {index:49;}">
                <Coords points="1130,2538 1966,2540 1957,2499 1131,2499"/>
                <Baseline points="1136,2526 1177,2526 1218,2525 1259,2525 1301,2525 1342,2525 1383,2525 1424,2526 1466,2526 1507,2526 1548,2526 1589,2526 1631,2526 1672,2528 1713,2528 1754,2528 1796,2528 1837,2528 1878,2528 1919,2528 1961,2529"/>
                <TextEquiv>
                    <Unicode>tum confirmationis, sed solum dabant aliquid sacramen¬</Unicode>
                </TextEquiv>
            </TextLine>
            <TextLine id="r2l129" custom="readingOrder {index:50;}">
                <Coords points="1128,2576 1967,2576 1967,2547 1856,2535 1128,2543"/>
                <Baseline points="1133,2567 1174,2567 1215,2565 1257,2565 1298,2565 1340,2565 1381,2565 1423,2565 1464,2565 1506,2566 1547,2567 1588,2567 1630,2567 1671,2567 1713,2568 1754,2568 1796,2568 1837,2568 1879,2568 1920,2570 1962,2570"/>
                <TextEquiv>
                    <Unicode>tale, sicut quandoque alicui datur panis benedictus pro</Unicode>
                </TextEquiv>
            </TextLine>
            <TextLine id="r2l131" custom="readingOrder {index:51;}">
                <Coords points="1140,2615 1168,2611 1205,2618 1213,2613 1261,2613 1275,2620 1281,2614 1313,2615 1313,2587 1300,2590 1276,2576 1243,2574 1233,2583 1209,2589 1196,2575 1175,2584 1140,2575"/>
                <Baseline points="1145,2604 1172,2604 1199,2604 1226,2604 1253,2604 1280,2604 1308,2604"/>
                <TextEquiv>
                    <Unicode>cucharistia.</Unicode>
                </TextEquiv>
            </TextLine>
            <TextLine id="line_1603046825473_6228" custom="readingOrder {index:52;}">
                <Coords points="1165,2652 1928,2664 1988,2651 1988,2612 1165,2613"/>
                <Baseline points="1170,2645 1217,2645 1264,2645 1312,2645 1359,2645 1407,2645 1454,2645 1501,2645 1549,2646 1596,2646 1644,2646 1691,2646 1738,2646 1786,2646 1833,2646 1881,2646 1928,2646 1975,2646 1983,2646"/>
                <TextEquiv>
                    <Unicode>Sed istud non valet: quia Papa Srego grauiter peccas</Unicode>
                </TextEquiv>
            </TextLine>
            <TextLine id="r2l137" custom="readingOrder {index:53;}">
                <Coords points="1137,2701 1982,2703 1969,2652 1138,2654"/>
                <Baseline points="1143,2684 1184,2684 1226,2684 1268,2684 1309,2684 1351,2684 1393,2684 1434,2684 1476,2684 1518,2684 1560,2684 1601,2684 1643,2685 1685,2685 1726,2685 1768,2685 1810,2685 1851,2685 1893,2685 1935,2685 1977,2685"/>
                <TextEquiv>
                    <Unicode>et, si huiusmodi simulationem, &amp; deceptionem populi</Unicode>
                </TextEquiv>
            </TextLine>
            <TextLine id="r2l139" custom="readingOrder {index:54;}">
                <Coords points="1125,2734 1979,2734 1979,2701 1939,2692 1125,2696"/>
                <Baseline points="1131,2723 1173,2723 1215,2723 1257,2724 1299,2724 1341,2724 1383,2724 1426,2724 1468,2724 1510,2724 1552,2724 1594,2724 1636,2724 1678,2724 1721,2724 1763,2724 1805,2724 1847,2724 1889,2724 1931,2724 1974,2726"/>
                <TextEquiv>
                    <Unicode>admisisset. Valde enim damnabilis fuisset illa deceptio:</Unicode>
                </TextEquiv>
            </TextLine>
            <TextLine id="r2l141" custom="readingOrder {index:55;}">
                <Coords points="1125,2769 1972,2774 1972,2747 1925,2733 1125,2734"/>
                <Baseline points="1130,2762 1171,2762 1213,2762 1255,2762 1297,2762 1339,2762 1381,2762 1422,2763 1464,2763 1506,2763 1548,2763 1590,2763 1632,2765 1674,2765 1715,2765 1757,2765 1799,2765 1841,2765 1883,2765 1925,2763 1967,2763"/>
                <TextEquiv>
                    <Unicode>nam homines credidissent se recipere sacramentum con¬</Unicode>
                </TextEquiv>
            </TextLine>
            <TextLine id="r2l143" custom="readingOrder {index:56;}">
                <Coords points="1135,2810 1583,2811 1577,2774 1135,2771"/>
                <Baseline points="1140,2802 1165,2802 1191,2802 1217,2802 1243,2802 1268,2802 1294,2802 1320,2802 1346,2802 1371,2802 1397,2802 1423,2802 1449,2802 1474,2802 1500,2802 1526,2802 1552,2802 1578,2802"/>
                <TextEquiv>
                    <Unicode>firmationis, &amp; non recepissent</Unicode>
                </TextEquiv>
            </TextLine>
            <TextLine id="r2l147" custom="readingOrder {index:57;}">
                <Coords points="1165,2847 1971,2848 1971,2818 1937,2806 1165,2809"/>
                <Baseline points="1170,2841 1209,2840 1249,2840 1289,2840 1329,2840 1368,2841 1408,2841 1448,2841 1488,2841 1527,2841 1567,2841 1607,2841 1647,2843 1686,2843 1726,2843 1766,2843 1806,2842 1845,2841 1885,2841 1925,2841 1965,2840"/>
                <TextEquiv>
                    <Unicode>Et ideo alij dixerunt, quod tanta est auctoritas Pa¬</Unicode>
                </TextEquiv>
            </TextLine>
            <TextLine id="r2l150" custom="readingOrder {index:58;}">
                <Coords points="1139,2887 1985,2889 1969,2847 1139,2847"/>
                <Baseline points="1145,2882 1186,2882 1228,2880 1270,2880 1312,2879 1353,2879 1395,2879 1437,2879 1479,2880 1520,2880 1562,2880 1604,2880 1646,2882 1687,2882 1729,2882 1771,2882 1813,2882 1854,2882 1896,2882 1938,2881 1980,2880"/>
                <TextEquiv>
                    <Unicode>pae, quod vnicuique homini Papa potest dare potestatem</Unicode>
                </TextEquiv>
            </TextLine>
            <TextLine id="r2l152" custom="readingOrder {index:59;}">
                <Coords points="1127,2930 1907,2939 1981,2926 1981,2888 1127,2902"/>
                <Baseline points="1133,2921 1175,2920 1217,2919 1259,2919 1301,2918 1343,2918 1385,2918 1428,2919 1470,2919 1512,2919 1554,2919 1596,2919 1638,2919 1680,2921 1723,2921 1765,2921 1807,2921 1849,2921 1891,2919 1933,2919 1976,2918"/>
                <TextEquiv>
                    <Unicode>conferendi illud, quod habet, puta, si homo est confir¬</Unicode>
                </TextEquiv>
            </TextLine>
            <TextLine id="r2l154" custom="readingOrder {index:60;}">
                <Coords points="1127,2970 1956,2971 1976,2928 1127,2930"/>
                <Baseline points="1133,2958 1174,2958 1216,2958 1258,2958 1300,2958 1342,2958 1384,2958 1426,2958 1468,2958 1510,2958 1552,2958 1593,2958 1635,2958 1677,2958 1719,2958 1761,2958 1803,2958 1845,2959 1887,2960 1929,2960 1971,2960"/>
                <TextEquiv>
                    <Unicode>matus, tunc auctoritate Papae potest alium confirmare:</Unicode>
                </TextEquiv>
            </TextLine>
            <TextLine id="r2l156" custom="readingOrder {index:61;}">
                <Coords points="1127,3006 1972,3004 1972,2974 1940,2965 1128,2969"/>
                <Baseline points="1133,2999 1174,2997 1216,2997 1258,2997 1299,2997 1341,2997 1383,2997 1424,2997 1466,2997 1508,2999 1550,2999 1591,2999 1633,2999 1675,2999 1716,2999 1758,2999 1800,2999 1841,2999 1883,2999 1925,2999 1967,2997"/>
                <TextEquiv>
                    <Unicode>si est sacerdos, potest auctoritate Papae ordinem sacerdo¬</Unicode>
                </TextEquiv>
            </TextLine>
            <TextLine id="r2l158" custom="readingOrder {index:62;}">
                <Coords points="1128,3054 1963,3054 1972,3004 1128,3016"/>
                <Baseline points="1133,3038 1174,3038 1216,3038 1258,3038 1299,3036 1341,3036 1383,3036 1424,3036 1466,3036 1508,3036 1550,3036 1591,3036 1633,3038 1675,3038 1716,3038 1758,3038 1800,3038 1841,3038 1883,3038 1925,3039 1967,3039"/>
                <TextEquiv>
                    <Unicode>tij alteri dare, si diaconus, potest ordinem diaconit</Unicode>
                </TextEquiv>
            </TextLine>
            <TextLine id="r2l160" custom="readingOrder {index:63;}">
                <Coords points="1132,3085 1969,3086 1969,3053 1887,3043 1132,3054"/>
                <Baseline points="1137,3078 1178,3077 1219,3075 1261,3075 1302,3075 1343,3075 1385,3075 1426,3075 1467,3075 1509,3075 1550,3075 1591,3075 1633,3077 1674,3077 1715,3077 1757,3077 1798,3077 1839,3077 1881,3078 1922,3077 1964,3077"/>
                <TextEquiv>
                    <Unicode>conferre: sed non ordinem sacerdotij: quia eo ipso, quod</Unicode>
                </TextEquiv>
            </TextLine>
            <TextLine id="r2l163" custom="readingOrder {index:64;}">
                <Coords points="1128,3128 1966,3123 1966,3094 1865,3082 1128,3083"/>
                <Baseline points="1133,3116 1174,3116 1215,3116 1257,3116 1298,3116 1340,3117 1381,3117 1422,3117 1464,3117 1505,3117 1547,3117 1588,3117 1629,3117 1671,3116 1712,3116 1754,3116 1795,3116 1836,3116 1878,3116 1919,3117 1961,3117"/>
                <TextEquiv>
                    <Unicode>illum non habet, non potest eum alteri dare etiam au¬</Unicode>
                </TextEquiv>
            </TextLine>
            <TextLine id="r2l165" custom="readingOrder {index:65;}">
                <Coords points="1147,3173 1174,3165 1194,3170 1202,3162 1236,3174 1264,3174 1280,3163 1319,3182 1339,3172 1370,3175 1370,3128 1357,3132 1339,3121 1320,3133 1289,3119 1259,3134 1222,3133 1204,3123 1176,3134 1147,3126"/>
                <Baseline points="1152,3155 1178,3156 1205,3156 1231,3156 1258,3156 1284,3155 1311,3155 1337,3157 1364,3159"/>
                <TextEquiv>
                    <Unicode>ctoritate Papae¬</Unicode>
                </TextEquiv>
            </TextLine>
            <TextEquiv>
                <Unicode>repugnantiam patitur in suo subiecto, non obstantibus
quibuscumque actibus humanis variantibus humanam 
voluntatem. 
Ad quartum dicendum, quod licet character habili¬
tet ad gratiam hominem existentem in via: tamen non
habilitat existentem extra viam 
Forte dices, ad quid ergo manet character in ipso dam
nato: Dico, quod manet ad maiorem confusionem dam 
nati, vt in perpetuum appareat, quod quamuis Deus in¬
ter oues suas ipsum signauerit: ipse tamen propter suam
malitiam a dominico ouili recessit, &amp; huiusmodi signa¬
tionem inutilem sibi fecit. 
ARTICVLVS IIL
Quis sit idoneus minister sacramenti
confirmationis.
VANTVM ad tertium articulum pono duas con¬
e clusiones. Prima est, quod secundum cursum con¬
munem non quilibet sacerdos, sed solus episcopus debet
conferre sacramentum confirmationis,
Quia quod in primitiua ecclesia solum licuit Aposto¬
lis, hoc modo solum licet episcopis: quia sicut simplices
resbyteri sunt suceessores 72. discipulorum, sic episcopi
sunt suceessores ipsorum Apostolorum, vt patet in decre
tis distinct. 2. 1. cap. in nouo, sed in primitiua ecclesia soli
Apostoli dabant sacramentum confirmationis: quia, vt pa
et in actibus Apostolorum, Philippus diaconus non con
firmabat eos, quos baptix abat: sed reliquit eos Apostolis
confirmandos.
Secunda conclusio est, quod de priuilegio, &amp; dispensa¬
tione singulari summus Pontisex potest simplici sacerdo
ti dare auctoritate conferendi sacramentum confirmatio
nis: quia auctoritate Papae sacerdoti potest committi au
ctoritas conferendi ordines: ergo &amp; confirmandi. Ante¬
cedens patet: quia sacerdos Cardinalis potest conferre
minores ordines. Patet etiam consequentia: quia cui po
test committi maius, eidem potest committi etiam mi
nus, sed maius, &amp; excellentius esse videtur conferre or-
dinom, quam confirmare.
2 Praeterea, de facto Papa Crego. auctoritatem confir
mandi simplicibus sacerdotibus contulit, sicut patet do
conse distis. c. peruenit, vbi Oregorius Papa lanuario Epi
copo sic scribit. Peruenit ad nos, quosdam scandalixa¬
tos fuisse, quod presbyteros tangere eos chrismate, qui
baptixati sunt, prohibuimus. Et sequitur ibidem. Si om-
nino de hac re aliqui contristantur, vbi Episcopi desunt,
vt presbvteri baptixatos etiam tangere chrismate in fron
tibus debeant, concedimus. 
Sed ad istam auctoritatem dicunt quidam, quod isti sa
cerdotes auctoritate Papae non conferebant sacramen¬
tum confirmationis, sed solum dabant aliquid sacramen¬
tale, sicut quandoque alicui datur panis benedictus pro
cucharistia.
Sed istud non valet: quia Papa Srego grauiter peccas
et, si huiusmodi simulationem, &amp; deceptionem populi
admisisset. Valde enim damnabilis fuisset illa deceptio:
nam homines credidissent se recipere sacramentum con¬
firmationis, &amp; non recepissent
Et ideo alij dixerunt, quod tanta est auctoritas Pa¬
pae, quod vnicuique homini Papa potest dare potestatem
conferendi illud, quod habet, puta, si homo est confir¬
matus, tunc auctoritate Papae potest alium confirmare:
si est sacerdos, potest auctoritate Papae ordinem sacerdo¬
tij alteri dare, si diaconus, potest ordinem diaconit
conferre: sed non ordinem sacerdotij: quia eo ipso, quod
illum non habet, non potest eum alteri dare etiam au¬
ctoritate Papae¬</Unicode>
            </TextEquiv>
        </TextRegion>
    </Page>
</PcGts>
