2361 3557
250 253 1106 330 terminum a quo determinate: quia eius demonstratio
250 311 1089 369 impediret veritatem significationis totius locutionis:
255 361 1103 406 cum terminus a quo non remaneat in vltimo instanti
255 391 1083 445 locutionis: Relinquitur ergo, quod demonstret illud
235 438 1067 488 quod est commune vtrique termino indeterminate
249 468 1084 527 Sicut autem in formalibus mutationibus commund
249 514 1078 565 vtrique mutationi est subiectum, vel materia: distin
257 551 1082 602 guuntur autem termini per formas accidentales, ve
245 591 1094 648 substantiales; ita in transubstantiatione commune est
253 629 1085 688 accidentia sensibilia, quae remanent: diuersitas autem
250 671 1085 723 est substantiarum. Vnde sensus est, hoc contentum sub his
244 704 1077 759 speciebus est corpus meum. Haec est responsio istius do¬
236 747 654 796 ctoris de verbo ad verbum
254 789 1073 846 Sed salua istins sanctissimi doctoris reuerentia & san
234 820 1086 893 ctitate, videtur, quod ex his dictis difficultas argumenti
242 860 509 915 non tollatur.
237 915 1085 955 1 Quia concessis his duabus propositonibus, quas
238 942 1084 1001 ipse hic ponit, scilicet, quod pronomen hoc demonstret il¬
240 981 1088 1041 lud, quod commune est vtrique termino transubstantia¬
237 1030 1082 1075 tionis, & quod commune in transubstantiatione est acci¬
243 1060 1078 1115 dentia sensibilia, quae remanent, tunc sequitur, quod pro¬
240 1108 1085 1156 nomen hoc demonstret accidentia, & per consequens
236 1141 1081 1191 tota locutio verborum consecrationis erit falsa: quia ac¬
244 1180 1079 1234 cidentia non sunt corpus Christi. Si dicitur, quod per il¬
237 1218 1073 1277 lud commune intelligit illud, quod vltimo concludit
241 1257 1078 1305 scilicet contentum sub illis speciebus, tunc duplex appa¬
240 1295 678 1346 ret in ista solutione defectus.
252 1326 1078 1385 2 Primo: quia tunc frustra, & inutiliter, & nullatenus
230 1382 1082 1427 ad propositum conclusionis, quam infert, posuit illam se
230 1420 1082 1462 cundam propositionem, qua qicit: quod commune vtri¬
229 1458 1070 1512 que terminorum transubstantiationis est accidentia sen¬
227 1484 563 1542 sibilia, quae remanent
249 1535 1076 1580 3 Secundo: quia adhuc non euaditur difficultas: nam
230 1571 1067 1621 quamuiscumque aliquis terminus sit communis, & inde¬
227 1613 1080 1669 terminatus: tamen quando adiungitur ei pronomen de¬
224 1656 1082 1703 monstratiuum, tunc determinatur, & singularixatur in¬
234 1693 1076 1740 tantum, quod proposito, in qua subiicitur, nec est vni¬
224 1735 1070 1783 uersalis, nec indefinita, sed mere singularis. Vnde sicui
241 1767 1066 1815 patet in regulis logicalibus, proposito singularis est illa
231 1814 1072 1861 in qua subiicitur terminus discretus, vt sortes currit, vel
235 1851 1070 1900 terminus communis cum pronomine demonstratiuo, si¬
228 1895 1059 1945 cut hic homo currit. Dicere ergo, quod commune, & in
238 1925 1070 1982 determinatum maneat in suae communitatis indetermi-
222 1970 1058 2012 natione, addito sibi pronomine demonstratio, est dicer
225 2009 1067 2059 oppositum in adiecto: quia, vt sic, terminus communis
220 2051 1070 2096 aequipollet termino discreto, & singulari, qui omnem
215 2088 1052 2136 indeterminationem excludit. lstud ergo demonstratum
223 2125 1070 2177 quod subiicitur in hac propositone, qua dicitur, hoc est
221 2164 1074 2216 corpus meum, vel est determinatum ad standum pro con
222 2202 1070 2262 pore Christi, vel pro aliquo alio, & tunc procedetur in
219 2236 811 2293 ratione sicut a principio.
228 2271 1053 2334 4 Praeterea. in propositone ordinate prolata sine de
223 2323 1068 2377 terminatione subiecti per pronomen demonstratiuum,
223 2361 1051 2407 subiectum non est communius, & indeterminatius prae
222 2403 1061 2448 dicato: ergo multo minus hoc poterit esse in proposito¬
219 2434 1059 2492 ne supradicta, in qua subiectum est dcterminatum per pro¬
227 2483 1062 2531 nomen demonstratiuum: Consequentia de se patet. An¬
223 2513 1058 2561 tecedens habetur in libro Porphyrij, vbi dicitur, quod
217 2563 1053 2610 omnis praedicatio, vel est superioris de inferiori, vel es
219 2600 1058 2649 aequalis de aequali: Primo modo praedicatum est commu¬
220 2633 1068 2681 nius subiecto. Secundo modo tunc est aequalis commu¬
216 2671 731 2722 nicatis cum communitate subiecti
249 2716 1052 2766 Alij dicunt, quod quando sacerdos dicit verba praedi
224 2751 1058 2806 cta, tunc illud pronomen hoc nullam demonstrationem
216 2792 1054 2842 facit: quia non profertur a sacerdote significatiue, sed re-
215 2826 1068 2882 citatiue. Et hanc responsionem, ponit innocentius tertius
222 2865 577 2927 in libro de officio missae
251 2910 1045 2963 Sed nec istud valet. 1 Quia tunc verba, vt dicuntu
224 2949 1060 2998 i sacerdote, non magis respicerent praesentem substantiam
213 2995 1051 3042 panis, quam aliam materiam quamcumque praesentem
219 3031 1060 3086 vel absentem, & tunc non conficeretur: quia non accede¬
213 3073 1049 3122 ret verbum ad elementum, nec per consequens fieret sa
219 3104 1054 3162 cramentum: quia secundum Augustinum ex eo, quod
1149 274 1874 340 verbum accedit ad elementum fit sactamentum.
1143 308 1979 390 2 Praeterea, nec per istam fugam euadunt isti difficul
1145 374 1984 429 tatem: quia saltem Christus dixit praedicta verba signifi¬
1138 412 2000 471 catiue: ergo, Christo dicente huiusmodi verba, illud pro¬
1139 446 1994 503 nomen hoctaliquid demonstrabat, vel ergo illud demom¬
1137 485 1994 548 stratum fuit corpus Christi, vel aliud a corpore Christi:
1137 530 1994 589 ergo manet tota difficultas argumenti, nisi aliud dicatur.
1143 573 1985 627 Alij dicunt, quod ibi sit demonstratio non ad sensum,
1139 602 1991 667 sed solum ad intellectum. Vnde cum dicitur, hoc est cor
1146 648 1981 696 pus meum, iste est sensus, significatum per hoc est corpus
1139 687 2002 746 meum. Sed nec istud valet: quia sicut non conficitur
1143 727 2000 784 lacramentum cum dicitur, haec imago est Christus, & ta¬
1140 765 1984 813 men vere hoc, quod demonstratur, significat Christum:
1128 796 1985 865 sic nec in proposito prolatione praedictorum verborum
1137 835 1538 889 conficeretur sacramentum
1134 860 1987 940 Alij dicunt, quod ibi est demonstratio ad sensum: quia
1130 912 1974 987 Iy hoc demonstrat panem, non tamen simpliciter: sed se¬
1131 963 1899 1018 cundum quode est transubstantiatus in corpus Christi.
1141 1000 1985 1064 Sed nec hoc valet: quia panis transubstantiatus non est
1139 1031 1848 1078 panis : ergo non demonstratur panis ad sensum¬
1134 1079 1985 1132 2 Ptaeterea, dum profertur Iy hoc, non est facta tran¬
1128 1113 1979 1181 substantiatio: ergo nisi aliud dicatur, ex dictis adhuc non
1143 1159 1946 1203 ostenditur, quod demonstretur panis trai substantiatus.
1128 1192 1979 1255 Alij dicunt, quod est demonstratio mixta: quia parrim
1127 1233 1982 1280 est ad intellectum, & partim ad sensum, vt sit sensus, hoc
1137 1271 1994 1332 est corpus meum, id est, illud, in quod istud est trans¬
1125 1314 1976 1371 mutandum, est corpus meum. Et ista est responsio si¬
1118 1348 1969 1406 chardi de sancto victore in suo lib de tri. Et hanc respo¬
1134 1396 1976 1449 sionem ad praesens sustinendo dico ad maiorem praedictae
1133 1423 1979 1487 rationis, quod pro nomen hoc demonstrat corpus Christi:
1128 1471 1982 1530 non tamen ita, quod quando prosertur demonstratio prae¬
1124 1499 1986 1568 sentialiter, ibi sit, sed que ibi erit, cum substantia panis in
1131 1551 1736 1597 ipsum transubstantiata fuerit.
1163 1580 1976 1647 Ad quintum dicendum, quod esse praesens pro nunc du¬
1128 1621 1969 1679 pliciter potest intelligi. Vno modo, tempore, quo pro¬
1133 1656 1981 1712 ertur demonstratio. Alio modo tempore, pro quo pro¬
1137 1698 1970 1749 sertur demonstratio. Primo modo non demonstratur
1114 1732 1969 1793 ibi corpus Christi, vt praesens: quia quando profertur de¬
1121 1786 1973 1840 monstratio, tunc nondum est ibi. Sed secundo modo de¬
1119 1827 1969 1872 monstratur: vt praesens quia tempus, pro quo profertur
1119 1863 1969 1917 demonstratio, est tempus, quod immediate sequitur vl¬
1113 1903 1960 1952 timum instans, ad quod terminatur tepus mensurans pro
1119 1933 1967 2001 lationem huius orationis, qua dicitur, hoc est corpus
1122 1981 1963 2025 meum: in illo enim instanti fit transubstantiatio panis
1113 2022 1970 2079 in corpus Christi: ergo corpus Christi praesens est sub spe
1115 2056 1960 2121 ciebus remanentibus tempore consequenter copulato
1119 2090 1448 2140 ad illud instans
1164 2108 1957 2194 Forte dicetur, quod non est nullam efficaciam habet
1119 2160 1958 2233 sed verba pro illo instanti non sunt: quia iam in praeteri¬
1113 2215 1961 2271 tum transierunt; ergo nullam virtutem, vel efficaciam
1116 2244 1960 2317 habebunt verba consecrationis respectu ipsius transub¬
1113 2285 1326 2336 stantiationis.
1116 2305 1963 2388 Respondeo, quod quamuis in illo instanti verba non sint
1107 2372 1954 2430 quantum ad praecedentem prolationem: tamen sunt in
1116 2406 1951 2465 illo instanti quantum ad finalem clausionem, seu termi-
1117 2449 1964 2499 nationem, & per consequens in illo instanti merito dicun¬
1122 2489 1964 2546 tur habere virtutem, & efficaciam: quia veritas oratio¬
1123 2530 1967 2586 nis a primo habetur, & significatum eius a primo conci¬
1120 2568 1961 2624 bitur, cum ipsa oratio finaliter clauditur. Et forte hoc no¬
1113 2608 1952 2667 tat Aristoteles primo perihermenias, cum ait, quod hoc ver
1114 2640 1951 2691 bum idest significat compositionem, quam Sine compo
1106 2682 1954 2737 sitis, idest, Sine extremis, quae sunt subiectum, & praedi¬
1110 2720 1952 2767 catum, non est, id est, non contingit intelligere. Etiam
1106 2757 1962 2819 in probatione supradictae rationis allumitur falsum, cum
1112 2798 1960 2847 dicitur, quod futurum non demonstratur mediante verbo
1120 2839 1954 2884 praesentis teporis. Vsus enim loquendi ostendit hoc esse
1106 2880 1948 2936 falsum, Sicut patet, cum quis dicit, ecce nunc taceo, vel
1111 2912 1946 2967 ecce nuncbibo, & in ceteris consimilibus. Si enim actus
1107 2953 1946 3003 bibendi, vel tacendi refertur ad tempus, in quo profer¬
1104 2995 1949 3053 tur hoc aduerbium demonstrandi, ecce, tunc vtique est
1109 3037 1939 3093 futurus, quamuis proferatur verbo praesentis temporis
1100 3073 1947 3134 Si autem huiusmodi actus refertur ad tempus, non in quo.
1100 3106 1945 3179 sed pro quo profertur huiusmodi demonstratio, tunc ta¬
