2432 3579
226 295 1068 372 sposito ad habitum de prima specie qualitatis est in pri
226 369 1077 410 ma specie qualitatis: sed gratia gratum faciens est habitus
219 399 1078 451 de prima specie qualitatis. Minor patet ex praecedentibus.
265 442 1080 488 Ad instantiam, qua dicunt doctores praedicti, quod di¬
219 477 1076 530 sposito est de facili mobilis, &c. dico, quod de disposi¬
220 516 1061 570 tione possumus dupliciter loqui. Vno modo, vt disposi
216 554 1062 601 tio est realitas ipsius habitus imperfecta tendens ad per
217 593 1058 645 fectionem, sicut imperfecta grammatica praecedit via ge
229 633 1076 683 nerationis grammaticam perfectam. Alio modo accipi¬
225 671 1064 717 tur disposito, prout aliquis habitus stabilis, & perfectu
220 716 1061 768 in sua specie disponit, & preparat animam ad alium habi
222 752 1061 797 tum perfectioris speciei, sicut videmus in moralibus, u
222 794 1073 846 liberalitas disponit ad magnificentiam. Et isto secundo
224 842 1063 888 modo character dicitur disposito. Instantia autem pro
229 872 1066 921 cedit de primo modo, ideo non est ad propositum. Ad il¬
223 911 1076 964 lud de habitu dico, quod aliqui habitus sunt illius con¬
223 956 1079 1002 dicionis, quod quamuis sint stabiles, & permanentes, ac
223 995 1076 1041 in sua specie perfecti: tamen non sufficiunt ad operati
229 1036 1071 1080 per se nisi requisito quodam alio: Quamuis enim lumen
222 1070 1079 1123 connatum, seu connaturale oculo ipsius aquilae sit quidam
223 1104 1076 1158 habitus naturalis perfectus in sua specie: tamen illud lu¬
226 1153 1070 1198 men non sufficit aquilae ad hoc, vt videat sine exteriori
219 1186 1082 1227 luminc. Sic in proposito, quamuis character baptismi sit
223 1237 1079 1276 quidam habitus indelebilis: tamen non sufficit homini
221 1263 1073 1326 ad bene, & meritorie operari sine gratia Dei, ad quam
222 1301 358 1357 disponit.
277 1313 1077 1393 pecundam partem conclusionis probo sic. lllud, quod
234 1387 1073 1433 est potestas a Deo tradita ad principiandum spirituales ope
235 1426 1074 1464 rationes, hoc videtur pertincre ad secundam speciem qua¬
232 1461 1067 1514 litatis: sed character traditus in sacramento confirmatio
228 1505 1081 1555 nis, & ordinis est huiusmodi: ergo &c. Maior patet: quia
229 1534 1070 1590 sicut virtutes supernaturaliter infusae sunt eiusdem spe¬
229 1587 1079 1630 ciei sub alternae cum habitibus naturalibus, & acquisitis,
228 1629 1066 1672 puta sunt de prima specie qualitatis, sic potestas superna
222 1670 1083 1712 turaliter infusa, est eiusdem speciei cum potestate, seu po
221 1699 470 1746 tentia naturali,
271 1724 1082 1791 Forte dicetur, quod naturale, & supernaturale neces¬
234 1775 553 1831 sario differunt specie¬
267 1802 1072 1865 Respondeo, posito, quod differant specie specialissima
228 1857 1082 1905 conuenire tamen poterunt in specie subalterna: lsti auten
243 1897 1073 1948 quattuor modi ipsius, qualitatis assignati per Aristoteli
238 1934 1082 1986 non sunt species specialissimae, sed potius subalternae. Mi
227 1979 1079 2025 norem probo: quia, vt communiter concedunt doctores,
231 2015 1072 2059 character confirmationis traditur homini tamquam quam
226 2056 1085 2101 dam potestas ad fidei defensionem: sed caracter ordinis
233 2094 1079 2139 traditur tamquam potestas ad fidelium multiplicationem,
231 2135 1081 2178 Ad instantiam superius factam contra hanc partem con¬
236 2176 1090 2223 clusionis patet per ea, quae iam dicta sunt in probatione
232 2212 351 2270 maioris.
275 2220 1077 2292 Sed contra istam tertiam conclusionem sunt multa
243 2293 1083 2336 opiniones: Quidam enim dicunt, quod quamuis chara¬
239 2330 1076 2380 cter sit de genere qualitatis: tamen in nulla istarum sue¬
247 2364 1082 2418 cierum est: sed quintam ponunt speciem, in qua collo¬
240 2408 1079 2453 cant characterem. Nec istud, vt dicunt, est contra inten¬
234 2453 1085 2492 tionem Aristo. quia ipsemet in lib paedicamentorum ca¬
241 2484 1089 2533 de qualitate, postquam enumerauit istas quattuor spe¬
240 2530 1094 2580 cies qualitatis subdit dicens, Fortassis & alij apparebunt
247 2562 869 2610 praeter hos, qui dicti sunt qualitatis modi
276 2602 1090 2650 Sed istud non valet: quia dato, quod alij modi possint
234 2650 1090 2688 apparere: tamen nondum apparuerunt. Etiam frustra
251 2687 1082 2734 propter charactere fingeretur quinta species qualitatis
240 2729 1089 2778 cum character sufficienter possit reduci ad istas species,
245 2763 586 2825 quas posuit Aristoteles
279 2811 1097 2852 Alij dicunt, quod pertinet ad tertiam speciem quali¬
240 2841 1082 2896 tatis: quia, vt ipsi dicunt, character est quaedam passibi¬
237 2886 407 2938 lis qualitas
276 2899 1092 2967 Et si dicitur istis, quo passibilis qualitas est apta nata
240 2956 1091 3019 passionem inferre sensui : character aute non est sensibilis.
286 2996 1089 3044 Respondent, quod sicut character est passibilis quali¬
248 3038 1088 3090 tas spiritualis, sic etiam inter passionem spiritualem, & s
247 3074 1095 3126 non sensui humano: tamen sensui angelico: insert enim
239 3115 1088 3166 Intellectui angelico cognitionem, seu intellectionem
246 3158 911 3219 quae est quaedam pati, vt patet. 3. de anima.
1153 308 1982 378 Sed nec istud valet. quia si propter causare obiectiue
1118 360 1963 416 cognitionem in angelico intellectu aliquid esset passibi
1119 395 1969 454 lis qualitas, tunc omne illud, quod intellectus angelicus
1128 447 1965 488 cognosceret, esset passibilis qualitas, & per consequeni
1116 481 1973 526 tam Deus, quam crcatura, siue sit substantia, siue accidens,
1125 523 1971 583 essent de tertia specie qualitatis, eo quod, vt cognitae sunt
1128 555 1884 614 ab intellectu angelico, essent passibiles qualitates.
1149 594 1974 645 Alij dicunt, quod character sit de quarta specie quali¬
1115 638 1964 688 tatis, quia character, vt dicunt, est quaedam spiritua¬
1119 674 1262 730 lis figura
1168 687 1962 769 bed nec istud est bene dictum. Quia character non
1122 755 1949 808 dicitur figura proprie, sed solum metaphorice: impossi
1122 795 1955 845 bile enim est figuram proprie dictam esse, vel intelligi si
1122 844 1964 887 ne quantitate corporali: character autem non fundatur
1116 884 1969 927 in aliqua corporali quantitate: sed nulla res reponitur
1125 910 1964 963 in genere, vel in specie per illud, quod metaphorice di¬
1131 953 1960 1004 citur de ea: alias Christus esset in specie leonis, agni, ve
1120 988 1962 1034 lapidis, cum metaph. dicatur leo, agnus, & lapis angularis
1158 1028 1968 1080 Tertio, vt dixi in isto primo articulo, videndum est de
1123 1073 1965 1120 charactere propter quid sit. vbi ceteris praetermissis, tres
1122 1109 1966 1161 possumus assignare causas, seu vtilitates baptismalis cha¬
1118 1148 1965 1202 racteris. Primo enim datur nobis character propter dis¬
1134 1190 1968 1239 positionem. Secundo propter assimilationem. Et tertio
1131 1230 1964 1275 propter distinctionem: Nam character disponit ad gra¬
1128 1274 1970 1312 tiam, assimilat fidelem fideli, seu baptixatum baptixato,
1119 1311 1967 1358 & distinguit fidelem ab infideli, seu baptixatum a non
1128 1344 1272 1394 baptix ato
1158 1381 1976 1429 Sed contra assimilationem predictam dicunt quidam,
1125 1427 1963 1472 quod character non sit actus assimilatiuus, quia si chara¬
1129 1464 1968 1514 cteri competeret assimilare, tunc maxime deberet homi
1132 1501 1996 1553 nem Deo assimilare, a quo imprimitur ipsi homini: sed
1123 1543 1961 1596 hoc non facit. Quia illud non facit ad similitudinem, quai
1131 1580 1970 1636 compatitur secum maximam dissimilitudinem: sed chara
1122 1620 1973 1676 cter compatitur secum mortale peccatum, per quod ho¬
1122 1665 1722 1712 mo maxime efficitur dissimilis ipsi Deo
1168 1703 1974 1749 Respondeo, quod praeter similitudinem creationis,
1130 1745 1970 1796 iuxta quam dixit Deus faciamus hominem ad imaginem,
1129 1781 1970 1822 & similitudinem nostram, possumus adhuc triplicem simi¬
1125 1818 1964 1868 litudinem hominis ad Deum attendere quantum ad an
1128 1859 1967 1904 mae recreationem. Quarum prima potest dici similitu¬
1129 1898 1970 1943 do perfecta, alia sufficiens, & tertia ad sufficientiam di¬
1131 1931 1979 1989 ponens. Prima habet esse in patria per oloriam. Secunda
1128 1976 1982 2024 in via per gratiam. Et tertia per ipsum chraractere. Prima
1137 2022 1969 2064 pro tanto dicitur perfecta: quia excludit dissimilitudinem
1123 2056 1975 2111 non solum culpae, sed etiam miseriae, Secunda non est per
1126 2096 1970 2148 fecta quamuis sit ad salutem sufficiens: quia quamuis ex¬
1129 2136 1977 2176 cludat dissimilitudinem culpae: tamen admittit dissimi¬
1138 2171 1973 2217 itudinem miseriae. Tertia net est perfecta, nec sufficiens,
1123 2210 1973 2255 licet quantum de se est ad sufficientiam sit disponens
1133 2252 1981 2303 quia pro necessitate sui esse nec excludit dissimilitudinem
1128 2291 1977 2338 culpae, nec miseriae. Habens igitur characterem est simi¬
1137 2330 1979 2371 lis Deo, habens gratiam similior sed habens gloriam Deo
1129 2370 1979 2421 simillimus dici debet. Tanta est enim in gloria beatorum
1133 2408 1973 2459 similitudo cum ipso Deo, quod quilibet beatus quasi in
1130 2450 1982 2501 ipsum Deum videtur transformari, iuxta quod ait Apo¬
1128 2486 1985 2531 stolus. Nos autem reuelata facie gloriam domini specu¬
1138 2530 1966 2571 lantes in eadem imaginem trans formamur a claritate in
1129 2568 1977 2618 claritatem. Et beatus loannes prima sua canonica ait, filij
1130 2605 1980 2654 Dei sumus, sed nondum apparuit quid erimus: scimus au
1131 2649 1986 2692 tem, quod cum apparuerit gloria eius, similes ei erimus:
1128 2680 1652 2744 quoniam videbimus eum, sicuti est
1285 2765 1845 2833 ARTICVLV S II.
1308 2854 1799 2928 lu quo sit character subiectiue
1208 2957 1981 3008 VANTVM ad secundum articulum sic procedam,
1251 2999 1991 3052 Primo ponam vnam conclusionem. Secuudo ad
1130 3038 1989 3087 ducam aliquas instantias, recitabo oppositas opiniones.
1185 3074 1985 3128 onclusio est, quod character baptismalis subiectiue
1139 3120 1983 3168 est in ipsa essentia animae. Quia quando duae qualitates
1140 3155 1978 3221 sic se habent, quod vna immediate disponit ad alteram,
