2373 3563
222 287 1068 351 tis ex precedenti quaestione ad istam materiam spectan¬
225 342 1073 391 tibus, ad praesens quatuor sunt videnda. Primo vtrum cor¬
233 382 1067 425 pus Christi realiter contineatur sub praedictis speciebus
232 411 1076 462 Secundo vtrum sub propria sua quantitate ibi continea¬
228 462 1071 510 tur. Tertio vtrum sub qualibet particula hostiae vere ha
228 492 1074 556 beat esse totum corpus Christi. Quarto vtrum ad mo¬
229 536 869 591 tum hostiae vere moueatur corpus Christi.
406 617 909 667 RESOLVTI O.
222 701 1079 755 Et si christi corpus peracta consecratione sub speclebus panis ac
271 752 1075 803 vini locali continentia haud realiter esse veperiatur: sub usdi
267 792 1085 840 tamen sp eciebut praesentiali cotinentia vealiter contineri fi¬
258 819 490 878 de comprabatur.
374 898 911 977 ARTICVLVSI
213 976 1072 1065 Vtrum corpus christi vealiter contineatur sub spe¬
483 1044 830 1108 ciebus panis, & vini¬
264 1128 1070 1180 VANTVM ad primum est aduertendum, quod duplex es
266 1173 975 1217 continentia, scilicet localis: & praesentialis.
267 1209 921 1253 Et secundum hoc pono duas conclusiones.
263 1248 1076 1301 Prima est, quod corpus Christi sub speciebus panis non
228 1291 808 1343 continetur realiter continentia locali
260 1327 1087 1379 1 Quia omne, quod sic continetur, hoc habet esse lo¬
231 1368 1083 1410 caliter in suo continente: sed corpus Christi non est lo¬
229 1409 1075 1457 caliter sub illis speciebus: ergo &c. Maior patet. Minorem
239 1446 1079 1489 probo: quia illud, quod non commensuratur aequaliter
225 1489 1082 1536 ei, a quo continetur, hoc non est localiter in eo: sed cor¬
243 1531 1081 1577 us Christi non commensuratur aequaliter speciebus pa
232 1567 1082 1610 nis: quia maius, & minus non sunt aequaliter ad inuicem
234 1603 1079 1654 commensurata: sed corpus Christi est maius illis specie¬
235 1644 418 1694 bus: ergo &c
244 1681 1068 1729 2 Praeterea, quod locali continentia ab aliquo conti¬
233 1719 1075 1766 netur, hoc suo continenti configuratur, vel saltem confi
243 1759 1067 1814 gurat sibi continens: sed corpus Christi nec configuratu
235 1804 1070 1855 speciebus sacramenti, nec configurat sibi huiusmodi spe¬
238 1838 1080 1890 cies: ergo &c. Maior patet: quia si corpus contentum est mol¬
238 1879 1076 1925 lius continente, tunc configuratur suo continenti: sicut
236 1918 1071 1965 apparet liquore infuso alicui vasi: si autem est durius, tun¬
234 1955 1087 2007 configurat sibi continens: sicut apparet de homine, qui
237 1998 910 2046 continetur in aere. Minor etiam patet de se
267 2034 1072 2077 Secunda conclusio est, quod corpus Christi sub specis
240 2076 1066 2128 bus panis continetur realiter continentia praesentiali
232 2117 1070 2159 quia quicquid infra ambitum alicuius est realiter prae¬
241 2148 1077 2199 ens, hoc continetur ab eo continentia praesentiali: sed
240 2191 1069 2241 verbis consecrationis dictis, tunc infra ambitum quanti
237 2230 1077 2284 tatis ipsius panis conuersi in corpus Christi ipsum cor¬
239 2275 1084 2324 pus Christi est realiter praesens: ergo &c. Maior patet. Mi¬
239 2308 1088 2359 norem tenemus catholica fide, cui nefas est contradicere.
237 2352 1076 2399 Ad istam conclusionem probandam non attingit ratio
231 2390 1008 2439 nisi supposita fide: ideo non adduco plures rationes.
285 2426 1080 2474 OED Forte dicetur, quod ista secunda conclusio con¬
242 2470 1079 2522 tradicit primae: quia cuicumque corporali quantitati con
249 2505 1091 2552 us aliquod est realiter praesens, in illa videtur esse locali
237 2554 1075 2594 ter: sed speciebus panis, quae sunt realis quantitas corpo.
240 2585 1079 2631 ris Christi, est realiter praesens, vt dicit secunda conclu¬
237 2622 1083 2671 sio: ergo continetur in eis localiter, cuius oppositum di¬
243 2664 1086 2712 cit, prima contlusio. Maior patet: quia vbicumque est ali
242 2713 1082 2755 quod corpus realiter praesens, ibi est sua realis quantitas
237 2742 1091 2793 qua huiusmodi corpus commensuratur ei, cui praesens est
241 2782 1088 2834 & per consequens erit localiter in eo. Minor etiam patet
244 2823 609 2874 ex secunda conclusione.
284 2855 1095 2908 2 Praeterea, si corpus Christi praesentiali continentia
244 2899 1088 2953 sub illis speciebus continetur, tunc maius continetur a
243 2942 1083 2996 minori: nam corpus Christi est maius talibus speciebus.
243 2984 377 3035 ergo &c.
279 3010 1082 3072 3 Praeterea, idem distaret a seipso realiter, Consequens
253 3058 1085 3105 est falsum: quia idem non refertur oppositis relationi¬
243 3095 1097 3142 bus: sed distans dicitur a distante distans: sicut simile simi
241 3134 1095 3192 li fimile: si ergo idem distat a seipso: sequitur, quod idem re-
1123 301 1973 362 fertur simul oppositis relationibus Consequentia etia
1135 353 1977 399 atet: quia si corpus Christi est realiter praesens speciebus
1123 391 1980 440 sacramenti, tunc realiter distabit a seipso, vt habet esse in
1130 428 1981 486 coelo, & vt est in vno altari, distabit a seipso, vt est in alio.
1126 460 1214 513 altari.
1171 497 1985 555 Praeterea, in sacramento pietatis nihil crudelitatis
1125 536 1979 600 debet apparere: sed sacramentum sacrae communionis
1125 587 1971 629 est sacramentum pietatis: ergo sumptione illius sacramen
1119 623 1982 675 ti non debet masticari, & realiter laniari corpus Christi:
1122 667 1967 712 quia carnes viui hominis laniare valde videtur esse cru¬
1131 701 1989 754 dele: hoc autem fieret, si contineretur sub illo sacramen¬
1123 740 1522 787 to continentia praesentiali
1151 782 1982 827 s Praeterea, hoc, quod non prodest nostrae saluti, hoc
1125 821 1981 864 non est ponendum circa sacramentum: sed corpus Chri¬
1126 855 1976 915 sti, seu carnis praesentia in isto sacramento non prodest
1124 901 1973 941 nostrae saluti, teste saluatore, qui loquens de isto sactamen
1125 941 1980 992 to, ait. Spiritus est, qui viuificat: caro autem non prodest
1124 974 1295 1021 quicquam.
1167 1012 1988 1064 S Praeterea, iam dicta verba Saluatoris tractans Augu¬
1129 1042 1988 1110 stinus de consec. distin. 2, prima haeresis, sic ait. Non hoc
1122 1096 1988 1133 corpus videtis, manducaturi estis. sacramentum, quod vo
1126 1129 1967 1183 bis commendaui, spiritualiter intellectum viuificabit vos
1130 1173 1787 1220 caro autem non prodest quicquam: ergo &c.
1163 1208 1970 1269 lstis motiuis poterant forte moueri quidam ponen¬
1130 1252 1977 1303 tes, quod corpus Christi non est realiter praesens speciebus
1125 1289 1973 1336 eucharistiae: sed solum significatiuc. Vnde secundum istos
1122 1326 1971 1382 haec proposito, qua Christus dixit, hoc est corpus meum,
1125 1367 1982 1428 solum fuit vera figuratiue: sicut haec, qua dixit, ego sum
1128 1408 1982 1458 vitis vera, vel significatiue: sicut haec, qua dixit, petra au¬
1125 1442 1406 1494 tem erat Christus.
1154 1481 1988 1536 Sed istud est erroneum, & haereticum dicere, quod pa¬
1123 1523 1989 1580 tet ex determinatione sanctae matris ecclesiae, extra de
1127 1562 1971 1621 sum tri. & fide catholi. c. Firmiter credimus: vbi expresse
1128 1603 1968 1659 dicitur, quod corpus Christi verum realiter praesens ess
1131 1649 1983 1699 n ipsa eucharistia. Patet etiam de conse. dist. 2. ego Dere
1131 1685 1970 1734 garius, vbi berengarius de ista opinone errorem suum
1129 1727 1971 1774 publice confitetur coram Papa Nicolao, & alijs. 115. Epi
1124 1761 1970 1813 scopis. Etiam contra istius etroris palliationem, qua dici¬
1135 1803 1975 1849 ur, Christum locutum fuisse figuraliter, cum dixit, hoc
1122 1841 1968 1887 est corpus meum, & beatus Augustinus. 83. q4. vbi ait,
1132 1877 1968 1932 Vniuersaliter intellectus verborum Christi, an loquatur
1119 1911 1970 1966 figuratiue, an non, colligi potest ex praecedentibus, & con
1129 1965 1971 2009 sequentibus ibidem, vel ex alijs locis scripturae. Vnde cum
1134 1992 1966 2044 Christus ait: ego sum vitis vera, subiunxit, & vos palmi¬
1132 2038 1967 2088 tes, Constat autem, quod discipuli non erant palmites
1123 2079 1970 2132 naturales, sed tantum figuraliter. Sed cum dicit, hoc est
1119 2117 1965 2166 corpus meum, subdit, quod pro vobis tradetur, cum etiam
1132 2150 1971 2206 dixisset hic est calix sanguinis mei, subdit, qui pro vobis,
1123 2187 1981 2240 & pro multis effundetur, sed planum est, quod Christus
1131 2237 1967 2279 uum verum, & naturale corpus tradidit pro nobis, & suu
1126 2272 1980 2320 naturalem sanguinem effudit pro nobis: ergo licet figura
1123 2306 1976 2362 liter loqueretur cum dixit, ego sum vitis vera: tamen non
1132 2346 1964 2407 loquebatur figuraliter, sed realiter, cum dixit: hoc est conn
1139 2387 1294 2434 pus meum
1169 2421 1973 2480 Ad primum ergo dicendum, quod maior non est vera¬
1129 2464 1967 2511 Ad probationem dicendum, quod licet corpus per suam
1145 2508 1968 2562 uantitatem quantitatiue, seu modo quantitatiuo exi¬
1129 2549 1971 2597 stens praesens alicui, commensuretur ei, cui est presens: ta
1127 2590 1967 2641 men hoc non contingit, si quantitas est ibi non modo
1137 2622 1730 2672 quantitatiuo: Sic autem est in proposito.
1156 2664 1983 2712 Quia sicut dicit frater Aegidius in primo suo quoli¬
1135 2700 1980 2753 be t quaestione quarta, quantitas corporis Christi in sa¬
1136 2745 1979 2799 cramento isto non est modo quantitatiuo: quia est ibi
1135 2781 1973 2834 mediante substantia: & ideo sicut cum substantia est ali
1132 2820 1983 2872 cubi mediante quantitate, tunc substantia est ibi modo
1135 2854 1978 2906 diuisibili, non obstante, quod ipsa de se sit indiuisibilis:
1135 2906 1982 2952 sic quantitas corporis Christi in sacramento est modo in
1131 2933 1791 2988 diuisibili, quamuis ipsa de se sit Fadiuisibilis.
1170 2973 1968 3027 Sed contra istud dictum doctoris arguunt quidam sic
1174 3019 1977 3066 1 Impossibile est quantitati conuenire oppositum il¬
1134 3053 1979 3105 lius, quod est de sua formali ratione: ergo impossibile est
1157 3096 1975 3144 uantitatem continuam esse alicubi modo indiuisibili¬
1137 3134 1971 3200 Antecedens patet, Probatur consequentia: quia de for¬
