2402 3523
427 239 1268 316 creaturae: tamen sub illis accidentibus Christus adoratur
423 305 1253 356 adoratione latriae, & non committitur ex hoc aliqua ido
415 345 1262 395 latria: sic si remaneret substantia panis non obstante, quod
418 383 1252 431 esset creatura, Christus sub illa substantia existens, sicut
418 425 1259 472 nunc sub accidentibus adorari posset adoratione latriae
408 461 736 524 absque vitio idolatria
453 503 1259 549 Nec secundum: quia tota deductione concessa incon¬
413 542 1262 593 ueniens, ad quod deducit non est omnino impossibile, vt
409 584 1250 635 apparet ex dictis in distinctione proxima praecedenti qua
411 619 622 679 stione. 1 art. 1
451 656 1255 707 Nec tertium: quia sicut non obstante, quod remanet
426 701 1247 748 uantitas corporalis, quae est corpus de praedicamento
417 747 1261 788 quantitatis; tamen seruatur veritas scripturae, qua dicitur
408 785 1249 824 in persona Christi, hoc est corpus meum, sic nihil minus
408 818 1250 866 si ex ordinatione diuina maneret substantia panis, quae est
410 859 1246 905 corpus de praedicamento substantiae, eadem veritas sal¬
417 897 536 946 uaretur.
459 927 1243 977 Vnde semper saluo meliori iudicio, non videtur mih
428 975 1250 1022 quod ante determinationem sanctae matris ecclesiae, quam
411 1013 1259 1058 superius recitaui ista opinio fuerit haeretica reputanda
465 1049 1246 1095 ec scio aliquen, qui post illam determinationem istam
420 1090 1252 1134 opinionem asseruerit, nifi loannes Parisiesis ordinis Prae
417 1128 1253 1171 dicatorum, qui posuit paneitatem remanere, ne acciden¬
421 1167 1248 1221 tia in isto sacramento essent sine subiecto: Propter quod,
414 1208 1252 1248 vt dicitur, excommunicatus fuit per episcopum Pari¬
406 1243 531 1294 siensem
445 1288 1254 1333 Ad primum ergo motiuum istius opinionis dicendum
430 1325 1248 1369 uod minor non est vera. Ad probationem dicendum
410 1367 1248 1412 quod per se terminus istius couersionis est corpus Chri
410 1403 1246 1446 sti, prout corpus est altera pars composit distincta con¬
414 1443 1253 1492 tra formam substantialem humanitatis Christi. Sed quid
408 1485 1245 1528 intelligatur per istud corpus, videbitur, domino conce¬
411 1517 710 1571 dente, infra dist. 15.
448 1558 1242 1611 Ad secundum dicendum, quod accipere aliquod esse
405 1599 1241 1643 potest dupliciter intelligi, Vno modo, intrinsece, & per-
406 1642 1251 1688 fectiue. Alio modo, extrinsece, & aliquo modo denomi-
403 1679 1248 1719 natiue. Primo modo, tunc maior non est vera. Secundo
395 1716 1241 1764 modo, tunc maior potest concedi: quia corpus Christi ex
411 1754 1247 1798 lla conuersione accipit, hic esse: est enim aliquo modo
402 1793 1241 1843 ibi, vbi primo non fuit: sub isto autem sensu, concessis prae
401 1836 1243 1882 missis, non sequitur cenclusio, quae infertur: quia tam esse
404 1873 1235 1920 augmentationis, quam esse alterationis, sunt esse in¬
408 1917 1239 1960 trin sece suum perfectibile respicientia aliquid reale in
412 1949 620 1999 pso ponentia
426 1990 1251 2039 Forte dices me incidere in illud, quod volo vitare: quia
412 2031 1247 2072 torpus non capit hic esse nisi capiat nouum vbi: sed vbi
414 2070 1239 2116 st accidens reale subiectiue existens in re locata: ergo si
403 2114 1247 2154 corpus Christi accipiat hic esse propter conuersionem
402 2148 1242 2195 panis in ipsum, tunc accipiet esse, tale, quod per informa
403 2193 1242 2235 tionem se habebit ad ipsum, tamquam aliquid sibi in¬
403 2218 560 2271 trinsecum.
439 2260 1235 2305 Respondeo, quod licet corpus capiens hic esse circum
406 2309 1240 2357 criptiue, vere capiat nouum vbi: tamen si ita capiat hic es¬
396 2345 1234 2387 se determinatiue, quod propter hoc non est hic circum¬
396 2379 1231 2426 scriptiue, tunc ex hoc non recipit aliquod vbi, quod pa¬
396 2424 1232 2470 tet: quia vbi derelinquitur in re locata ex locantis circsi¬
397 2462 1232 2507 scriptione, vt patet in lib. 8. principiorum: sed, vt patet ex
404 2499 1242 2545 dictis in distinctione 10. corpus Christi non est in sactamen
397 2541 1236 2590 to quantitatiue, nec per consequens circumscriptiue: quia
390 2577 1233 2629 quod a loco circumicribitur, hoc loco commensuratur
412 2616 1238 2663 uod fieri non potest, nisi ipsum sit in huiusmodi loco
412 2657 1223 2698 uantitatiue, solummodo igitur determinatiue est cor¬
396 2697 1227 2749 bus Christi in tali loco, in quo sunt accidentia panis, quae
390 2742 1223 2787 remanent post factam consecrationem: hoc enim deter¬
391 2775 1213 2818 mnatum est per diuinam voluntatem, quod in omni lo
392 2815 1232 2860 co sit corpus Christi, in quo sunt huiusmodi accide ntia:
385 2853 1216 2896 & ideo corpus Christi non recipit aliquod vbi a loco, in
390 2891 1227 2939 quo est sacramentaliter, licet realiter fundet vnum vbi
399 2932 1223 2981 proueniens ex circumscriptione corporis coelestis, in quo
390 2973 1155 3021 est quantitatiue: & per consequens circumscriptiue.
432 3007 1230 3061 Ad tertium potest dici, quod maior est insufficiens: quia
381 3040 1224 3097 dato, quod aliquis modus circa credenda non pateat cla¬
1314 252 2155 314 re ex striptura sacra, vel ex articulis fidei: tamen si Conci
1304 305 2160 352 lium Homanae ecclesiae hoc determinauit esse tenendum
1315 344 2153 390 tunc quilibet catholicus tenetur credere illum modum
1300 382 2153 426 esse verum, & immutabiliter obseruandum. Vnde etiam
1305 422 2160 465 beatus Augustinus dixit, quod euangelio Dei non crede
1296 463 2146 504 ret, nisi ab ecclesia Dei esset approbatum. Cum igitur mo
1302 499 2147 545 dus conuersionis substantiae panis in corpus Christi, & vi
1305 539 2140 588 ni in sanguinem sit expresse determinatus per ecclesiam
1304 577 2145 622 Romanam in vniuersali concilio, vt patuit superius: ideo
1312 624 2153 668 uilibet catholicus tenetur credere illum modum esse
1308 660 1400 707 perum.
1336 696 2141 740 Ad quartum dicendum, quod maior non est vera, lo¬
1318 740 2138 780 uendo de his, quae mere dependent a diuina voluntate
1315 775 2142 823 uia, si Deus voluisset, ipse aeque bene saluasset nos ex so
1290 814 2138 863 lo placito voluntatis suae absque passione vnigeniti filij
1302 856 2146 899 ui, & sine sacramentorum institutione, sicut pro nune
1306 897 2138 940 os saluat mediante vnigeniti sui passione, & sacramen¬
1302 932 2149 975 torum collatione: & tamen non est dicendum, quod
1292 972 2147 1015 ista sint frustra, licet Deus nos saluare potuerit per
1301 1011 1425 1056 paticiora
1332 1048 2139 1090 Ad quintum dicendum, quod in assertione eorum, quae
1302 1090 2135 1138 pectant ad fidem, non est aspiciendum ad illud, quod mi
1302 1136 2122 1180 us repugnat naturali rationi: sed debemus respicere ac
1294 1167 2132 1216 illud, quod minus repugnat scripturae, & determinationi
1292 1206 2141 1251 sanctae matris ecclesiae, ac dictis sanctorum, qui reuelatio
1296 1249 2147 1294 ne spiritus sancti multas veritates, quae super naturam sunt,
1288 1283 2138 1334 in suis libris conscripserunt, inter quas veritates vna est
1311 1326 2133 1371 uod substantia panis conuertitur in corpus Christi, vt
1293 1369 2138 1411 patet ex superius allegatis : Vnde licet minus repugnet
1296 1399 2132 1449 naturali rationi, quod Deus saluet mudum per vnum ho
1292 1442 2133 1484 minem natum secundum naturalem cursum humanae ge
1299 1482 2137 1526 erationis, sicut ludaei loquutur de Messia nascituro, quam
1304 1522 2132 1566 er vnum hominem natum ex intacta virgine, sicut po¬
1288 1563 2128 1603 nunt Christiani: & tamen ex hoc non sequitur, quod me
1300 1608 2141 1652 sor sit fides ludaeorum, quam fides Christianorum: Sic
1284 1637 1535 1690 in proposito &c.
1326 1679 2131 1718 Cur autem Deus illud, quod per pauciora miracula
1296 1717 2144 1763 posset facere, facit per plura miracula. Ad hanc quaestiun
1293 1755 2135 1800 culam potest dici, quod hoc Deus facit dupli ci de causa¬
1331 1795 2135 1841 Prima est, vt hi, qui se ad fidem suscipiendam humi¬¬
1290 1829 2141 1883 liant, magis mereantur, intellectum suum captiuando in
1290 1873 1574 1927 in obsequium fidei.
1318 1914 2136 1958 Secunda est, vt superbi huius saeculi de suo sensu glo¬
1286 1948 2132 2001 riantes, videntes non videant, & intelligentes non intel¬
1285 1990 2133 2038 ligant, vt sic stultam faciat Deus sapientiam huius mun¬
1288 2030 1626 2081 di, sicut ait Apostolus.
1322 2073 2139 2121 Ad sextum nego consequentiam. Ad probationem
1278 2107 2123 2156 dicendum, quod licet huiusmodiaccidentia derelicta suo
1284 2151 2123 2200 cursui naturali informent substantiam, & per consequens
1284 2185 2129 2241 significent eam: tamen illo cursu mutato per causam su¬
1296 2227 2123 2277 ernaturalem separantem huiusmodi accidentia a sub¬
1286 2265 2132 2316 stantia, tunc huiusmodi accidentia non significant sub¬
1284 2306 2132 2358 stantiam actu: sed aptitudine: lllud autem significant actu
1287 2348 2130 2396 id quod significandum instituuntur per illam causam,
1304 2384 2129 2434 uae huiusmodi accidentia a sua substantia separant. Et
1281 2435 2123 2475 ideo accidentia in sacramento altaris remanentia sub¬
1279 2463 2127 2516 stantiam panis non significant naturali sua significatione
1284 2507 2126 2555 ictu: sed aptitudine: Sicut nec actu informant eam, licet
1272 2543 2124 2594 sint apta nata eam informare, actu vero significant cor¬
1285 2582 2120 2635 us Christi, quod ex diuinae institutionis determinatio¬
1279 2624 2021 2664 ne actualiter praesens est huiusmodi accidentibus,
1312 2663 2122 2713 Ad septimum dicendum, quod non est simile de prae¬
1272 2692 2121 2749 stigijs Magorum: quia in huiusmodi praestigijs oculi exte
1269 2741 2128 2785 riores falluntur: quia illud, quod indicant, non est: llla
1282 2779 2112 2831 nim accidentia, quae apparent, non sunt realiter talia,
1281 2819 2114 2871 qualia apparent: sed oculi non decipiuntur in isto sacra¬
1269 2858 2111 2894 mento, immo sensus immunes a deceptione redduntur.
1279 2896 2121 2950 t dicitur in sermone, qui legitur in festo corporis Christi
1272 2935 2111 2979 sensus enim realiter reperiunt in istis accidentibus sua
1266 2976 2123 3025 obiecta abique deceptione, quod non contingit in Magi¬
1266 3011 1530 3065 cis operationibus;
1296 3054 2115 3102 Forte dicetur, quod licet oculi exteriores non deci¬
