2389 3566
233 308 1085 367 labstantiam panis conuertibilem esse in corpus Christi
236 355 1088 410 per diuinam potentiam: quia, vt dictum est, quamlibet
247 393 1091 441 treaturam Deus sua potentia potest in quamlibet aliam
247 436 1082 477 treaturam conuertere: sed tam substantia panis est creatu
246 473 1085 515 ta, quam etiam corpus Christi: ergo &c. Tamen, quod de
244 511 1094 555 facto in sacramento altaris facta sit huiusmodi conuersio,
236 551 1083 596 hoc nulla ratione euidenti probari potest, eo quod sen¬
243 590 1090 638 sus humanus nullam percipiat mutationem factam circa
245 631 1091 676 accidentia panis, per quam ratio iudicare possit substan¬
250 667 1088 714 tiam panis non manere coniunctam talibus accidenti¬
247 708 1084 752 bus. lam dictam igitur conuersionem teneo, non propter
245 745 1083 792 aliquam rationem cogentem, sed propter sancto¬
245 785 1097 836 rum auctoritatem, & sanctae matris ecclesiae determina
249 825 363 878 tionem
265 863 1100 918 Quod enim istud sit de intentione sanctorum, patet
240 902 1087 947 in praecedenti distinctione, scilicet distinctione iro. istius
250 941 1100 988 libri circa finem illius distinctionis, vbi quo ad hoc magi
243 980 1064 1032 ster adducit auctoritatem Amb. Fusebij, & Augustini.
270 1026 1091 1065 Patet etiam in decretis de conse. dist. 2. vbi multorum
240 1060 1098 1107 sanctorum auctoritates in pluribus ponuntur capitulis il
240 1099 1082 1150 lus distinctionis clarissime istam conclusionem expri¬
256 1146 374 1190 nentes.
274 1181 1089 1222 Quod etiam istud determinatum sit per Homanam
249 1220 1088 1269 ecclesiam, hoc patet extra de sum tri. & fide catho, firmi¬
246 1260 1091 1301 ter credimus, vbi sic dicitur. Iesus Christus sacerdos est, &
246 1298 1096 1342 sacrificium, cuius corpus, & sanguis in sacramento altaris
245 1333 1087 1383 sub specie panis, & vini continetur veraciter transubstar
250 1374 1100 1421 tiatis in corpus pane, & vino in sanguinem potestate diui
246 1419 1096 1464 na. Et est ista decretalis accepta de svmbolo edito in La¬
249 1450 1099 1503 teranensi concilio sub Innocentio tertio. In quo svmbo¬
243 1491 1097 1542 lo multae fidei veritates magis lucide expressae sunt, quam
246 1541 1097 1578 in svmbolis Apostolorum, & Niceni concilij, vel etiam
248 1572 1102 1615 Athanasii. Inter quas veritates credendas a quolibet
252 1613 1099 1657 Christiano, hoc clare ponitur, quod in isto benedicto sa¬
254 1646 1106 1700 cramento panis transubstantiatur in corpus Christi, & vi
252 1691 542 1742 num in sanguinem.
276 1727 1102 1770 Sed contra istam veritatem sunt quattuor opiniones.
266 1772 1096 1818 Quarum vna ponit, quod in isto sacramento cum vero
253 1810 1097 1855 corpore Christi manet vera substantia panis. Motiua istius
262 1846 668 1899 opinionis poterant esse ista.
274 1886 1096 1936 Si panis conuerteretur in corpus Christi, tunc opor¬
256 1922 1108 1973 teret dare aliquem per se terminum istius conuersionis
259 1968 1096 2014 sed hoc non potest esse; igitur &c. Maior patet. Minor pro
254 2012 1104 2053 batur, quia talis terminus vel esset materia Christi cum
254 2041 1108 2095 forma substantiali, & hoc non: quia tunc anima Christi
255 2079 1106 2135 esset per se, & primo sub sacramento, & non concomitan
252 2118 1106 2168 ter, cuius oppositum communiter dicitur, vel esset mate
247 2157 1104 2209 ria cum accidentibus, & hoc non: quia tunc non esset ibi
258 2207 1110 2253 transubstantiatio; sed potius transaccidentatio. Etiam se¬
258 2233 1113 2284 queretur, quod magis per se in sacramento essent acci¬
258 2282 1106 2326 dentia Christi, quam forma sua substantialis, quod vide¬
258 2329 1103 2367 tur omnino inconueniens : Vel esset materia sine omni
255 2359 1109 2409 forma, & hoc non: quia illud quod cedit in puram poten
257 2405 1111 2454 tiam materiae, hoc non transubstantiatur, sed potius cor¬
257 2441 629 2496 rumpitur, & resoluitur.
279 2479 1108 2527 2 Praeterea, terminus ad quem positiuae mutationis
261 2511 1111 2568 vel accipit esse simpliciter, vel supposito esse simpliciter
252 2551 1121 2608 accipit aliquod esse: sed conuersio, quae est ttansubstan¬
269 2602 1115 2646 tiatio, est mutatio positiua:igitur si substantia panis per
264 2628 1115 2683 transubstantiationem conuerteretur in corpus Christi,
267 2680 1110 2725 tunc vel corpus Christi de nouo inciperet esse, accipien¬
263 2709 1113 2766 do esse simpliciter, uel semper augeretur, vel alteraretur
264 2750 695 2811 accipiendo aliquod esse.
271 2786 1114 2843 3 Praeterea, sicut ad saluandum aliquam positionem
276 2838 1108 2879 naturalem non sunt aliqua ponenda, quae ratio natura¬
260 2862 1124 2921 lis non conu nrit, sic ad saluandum aliquid credendum non
266 2914 1111 2959 debemus ponere hoc, quod omnem naturalem rationi
269 2944 1118 3005 excedit, nisi inquantum hoc ipsum, vel ex fide catholi¬
272 2983 1126 3036 ca, vel ex scriptura sacra possimus clare deducere: sed sub
265 3021 1123 3078 stantiam panis conuerti in corpus Christi excedit omne
279 3066 1127 3113 naturalem rationem, & non potest conuinci ex scriptura
272 3101 1129 3164 sacra, vel ex aliquo articulo fidei: ergo istud non est pone
1134 300 1974 371 dum ad saluandum corpus Christi esse in factamento
1138 355 1641 404 quod simpliciter est credendum
1167 391 1982 442 4 Praeterea, frustra fit per plura, quod fieri potest per
1146 441 1994 491 auciora, maxime si fit aeque bene: sed tota substantia pa
1138 480 1982 520 nis manente in sacramento aeque bene; possumus saluare
1148 519 1998 568 perum corpus Christi esse in ipso sacramento: ergo &ce
1146 551 1988 595 Maior patet: 1. physic. & in multis alijs partibus philoso¬
1153 591 1989 650 hiae. Minor etiam patet: quia non minus posset corpus Chri
1135 637 1984 679 sti esse simul cum tota substantia panis, quam cum ipsa quantita
1146 672 2001 722 te panis sine substantia panis: quia substantia non resistit
1137 712 1967 756 corpori in eodem loco nisi ratione quantitatis aunexae.
1202 747 1985 795 Praeterea, cum istud sacramentum sit institutum ad
1149 787 1976 834 alutem hominum: ideo quantum veritatem istius sacra
1134 828 1982 869 menti saluare possumus cum minori repugnantia ad na¬
1152 870 1994 914 urale iudicium, hoc facere tenemur: sed ponendo sub¬
1141 906 1995 947 stantiam panis manere cum vero corpore Christi in isto
1150 946 1995 991 acramento, minor videtur repugnantia ad naturale iu¬
1137 985 1985 1038 dicium rationis: ergo &c. Maior patet: quia ponens maio
1151 1023 1982 1078 em repugnantiam, quam oportet ad saluandum aliquen
1141 1064 1986 1115 fidei articulum, talis facit, quod huiusmodi articulus con
1143 1106 1991 1152 temnitur ab eis, qui innituntur naturali rationi, & per
1142 1139 1982 1181 consequens tractando de sacramento salutis auertit ho¬
1144 1183 1994 1224 mines a consecratione suae salutis. Minor etiam patet:
1159 1223 1997 1261 uia multo facilius quilibet innitens naturali rationi fle
1153 1262 1997 1300 cteret intellectum suum ad eredendum uerum corpus.
1140 1296 1997 1344 Christi abscondite, & supernaturaliter esse sub sacra¬
1145 1337 1989 1386 mento, quam cum ista difficultate credat ibi non esse
1142 1379 1997 1422 uerum panem: cum tamen ibi videat panis colorem, gu¬
1146 1417 1811 1460 stet panis saporem, tangat panis superficiem.
1182 1451 1996 1500 e Praeterea, si non manet substantia panis, tunc natu¬
1152 1491 1982 1539 ralis significatio accidentium remanentium erit falsa
1145 1537 1998 1578 Consequens est inconueniens: quia in sacramento verita
1142 1576 1988 1628 tis nulla debet esse falsitas Consequentia probatur, quia
1158 1610 1988 1650 ccidentia foris relucentia naturaliter significant sub¬
1147 1647 1521 1700 stantias, quas informant.
1182 1682 1993 1736 3 Praeterea, beatus Ambrosius dicit, quod in isto sa¬
1157 1733 1994 1773 cramento nihil fit simile praestigijs Magorum, vbi dece¬
1154 1774 1994 1823 ptione quadam falluntur oculi, vt videatur esse, quod non
1151 1814 1990 1860 est: sed in sactamento videtur esse panis: ergo ibi est pa¬
1147 1849 1995 1890 nis: alias videretur ibi esse, quod non esset ibi. Et confir
1152 1884 1988 1931 matur, quia accidentia magnam partem conferunt ad com
1157 1925 1984 1972 gnoscendum, quod quid est, vt dicitur primo de anima
1161 1970 1992 2014 ergo ubi accidentia ponuntur, & subtrahitur quod quid
1154 2003 2004 2053 est, idest substantia, ibi fit deceptio: sed in sacramento ue
1162 2038 1536 2087 titatis nulla fit deceptio.
1188 2080 2002 2127 S Praeterea, quandocumque aliqua corporalis substan
1154 2121 1996 2165 tia conuertitur in aliquod corpus praeexistens, tuc ex hu
1155 2161 2007 2213 iusmodi conuersione illud corpus augetur, sed corpus.
1168 2199 2007 2250 Christi ex consecratione non augetur; ergo nulla corpo¬
1165 2240 1717 2284 talis substantia in ipsum conuertitur.
1200 2274 2003 2326 lsti opinioni doctor communis ascribit tria mala. Di¬
1161 2317 2000 2364 cit enim primo, quod sit incompetens huic sacramento.
1165 2356 1997 2397 Secundo, quod sit impossibilis. Tertio, quod sit haeretica.
1155 2396 2009 2442 Primum probat: quia esset occasio idolatriae, si hostiae ue
1162 2436 2012 2481 neratio latriae exhiberetur, remanente substantia panis
1165 2471 1999 2518 sub ipsa hostia, Secundum probat: quia impossibile est ali
1170 2515 1997 2568 quid nunc esse, vbi primo non fuit, nisi vel ipso mutato
1173 2551 2008 2596 el altero in ipsum: sed corpus Christi est simul in diuer
1171 2587 2019 2639 is altaribus post benedictionem, in quibus ante non
1169 2630 2000 2683 fuit: si ergo hoc non fit per conuersionem panis in ip¬¬
1164 2667 2006 2718 sum, tunc fieret per motum proprium, & hoc est im¬
1176 2710 2012 2750 possibile: quia tunc vnum corpus numero moueretur
1161 2750 2009 2801 simul ad diuersa loca. Tertium probat per hoc; quia ista
1179 2787 2009 2835 pinio contradicit veritati scripturae: quia si maneret
1175 2822 2001 2867 anis, tunc haec scriptura, qua in persona Christi dicitur
1164 2862 1695 2906 hoc est corpus meu, non esset vera
1188 2901 2009 2954 Sed salua istius magni doctoris sanctitate, & reueren¬
1169 2943 2012 2990 tia, non videtur mihi, quod suae rationes conuincant istam
1185 2978 1583 3032 uae imponit huic opinioni¬
1219 3029 2028 3069 on primum: quia non est plus diuini numinis in ac¬
1171 3059 2016 3107 cidente panis, quam in substantia panis: ergo sicut non
1169 3111 2031 3152 obstante, quod accidentia panis remanentia sint verae
