2394 3532
213 256 1068 330 Si vnum corpus esset simul localiter in pluribus locis,
221 328 1067 373 tunc vnum corpus esset plura corpora, Consequentia pa¬
223 363 1065 406 tet: quia sicut locatum commensuratur loco, fic etiam es
218 401 446 450 connumeratur
271 443 1057 484 s Praeterea, sequitur quod vnum, & idem corpus es
220 475 1067 532 set simul maxime calidum, & maxime frigidum: quia in
225 526 1002 567 vno loco potest poni in igne, & in alio loco in niue¬
253 561 1064 604 3 Praeterea, idem corpus posset simul esse sanum, &
222 597 1060 641 aegrum: quia in vno loco posset habere sanissimam aeri
225 639 968 685 remperiem, in alio loco pestiferam intemperiem.
231 678 1073 729 S Preterea, idem corpus simul moueretur, & quiesce
211 717 691 767 ret secundum diuersa sua loca.
253 755 1076 797 S Praeterea, vnum, & idem corpus posset esse saturatu
226 793 1070 847 cibo, quo abundaret in vno loco, & famelicum propter
229 831 873 876 defectum cibi, quem sustineret in alio loco.
241 870 1076 918 ro Praeterea, idem lignum in diuersis locis faceret diuersos
217 905 1069 966 ignes aeque magnos, sicut si arderet in vno loco tantum,
221 950 1070 992 & in vno loco posset comburi, & in alio loco incombu¬
215 987 551 1036 stum permanere.
231 1036 1076 1074 I1 Praeterea, idem ponum posset comedi Homae, & Pa
222 1070 1076 1110 risiis, & per consequens homae posset conuerti in car¬¬
226 1105 1066 1149 nem Homani, & Parisuis in carnem Parisiensis, & sic ea¬
225 1147 1073 1189 dem materia esset informata diuersis formis localiter
219 1181 362 1233 distinctis
243 1225 1073 1273 12 Praeterea, idem animal posset in vno loco occidi, &
222 1258 1068 1317 in alio loco benigne tractari, & sic idem animal simul esset
222 1303 538 1351 viuum, & mortuum.
249 1350 1062 1390 Praeterea, sicut res per naturam suam se habet ad spe
228 1377 1064 1427 ciem, sic per quantitatem suam se habet ad locum, sco
228 1422 1064 1473 per vnam naturam non potest esse nisi in vna specie
228 1460 1073 1512 ergo per vnam quantitatem non potest esse nisi in vno
221 1500 309 1550 loco.
225 1545 1079 1588 I4 Praeterea, qua ratione vnum corpus posset esse in¬
223 1577 1080 1624 diuersis locis, eadem ratione vnus punctus posset poni
222 1616 1076 1657 in principio diuersarum linearum aeque distantium. Con
224 1655 1064 1703 sequentia patet: Sed consequens est falsum: quia ho¬
231 1695 1070 1749 posito, tunc paralellae concurrerent, nam omnes lincae
216 1736 1077 1785 m rei veritate concurrunt, quae ad vnum punctum ter¬¬
228 1772 386 1824 minantur.
261 1782 1073 1860 1 Praeterea, vnum & idem refertur simul oppositis
232 1849 1070 1904 relationibus: nam idem esset distans, & indistans respe¬
231 1890 908 1936 ctu eiusdem, puta respectu loci, in quo esset
252 1932 1066 1980 1e Praeterea, sicut se habet angelus ad locum diffiniti¬
227 1970 1075 2018 ue, sic corpus circumscriptiue: sed idem angelus non po¬
231 2009 1073 2055 test simul esse in diuersis locis diffinitiue: ergo nec idem
220 2048 708 2099 corpus circumscriptiue.
243 2083 1068 2133 1 Praeterea, quandocumque aliqua duo sic se habent
227 2125 1074 2177 quod vltima eorum, siue termini eorum, ad inuicem ade¬
225 2173 1075 2217 quate commensurantur, tunc quicquid reperitur extra
224 2211 1080 2258 vnum, hoc de necessitate reperitur extra alterum: sed su¬
239 2253 1066 2296 perficies connexa corporis locati, & superficies concau;
231 2288 1079 2329 corporis locantis adaequate commensurantur: ergo si ali¬
225 2327 1078 2372 quod corpus posset esse in alio loco extra superficiem
234 2366 1071 2404 corporis locantis, in qua nunc est, tunc posset esse extra
222 2405 1077 2453 suam propriam superficiem. Maior patet, quia da opposi¬
235 2442 1074 2481 tum, tunc simul erunt adaequata, & non adaequata, com¬
226 2472 1077 2528 mensurata, & non commesurata. Minor habetur a philo.
240 2520 452 2570 phy.
249 2524 1079 2606 ro Praeterea, si corpus Christi posset simul esse in diuer
227 2599 1074 2642 sis locis, vel hoc competeret sibi in quantum corpus, vel
233 2639 1075 2683 in quantum est glorificatum, vel in quantum est personae
224 2680 1081 2723 diuinae vnitum. Non primo modo: quia tunc competeret
235 2713 1072 2762 omni eorqori. Nec secundo: quia spiritus glorificatus non
239 2760 1069 2805 potest esse simul in diuersis locis : ergo multo minus co
235 2798 1082 2844 pus glorificatum. Nec tertio modo: quia illa vnio non
238 2831 846 2886 ponit ipsum extra condicionem corporis
264 2874 1079 2918 to Praeterea, idem corpus respectu eiusdem loci, in quo
231 2906 1086 2955 haberet esse, esset propinquum, & remotum, & per con¬
230 2953 1084 2995 sequens propinquum, & non propinquum : remotum, &
234 2984 1080 3047 non remotum, distans, & non distans, quae omnia impli¬
242 3030 709 3074 cant contradictionem: ergo &c.
248 3048 1087 3124 2o Praeterea, quod est hic, non est alibi, & quod est alibi
1119 262 1973 332 non est hic: Si ergo vnum corpus simul esset hic, & alibbtue
1122 327 1968 374 esset hic & non esset hic, & esset alibi, & non esset alibn
1137 368 1968 414 2I Praeterea, qua ratione idem corpus posset esse Simul
1120 400 1974 456 Romae, & Parisijs, eadem ratione posset esse simul in om-
1113 444 1977 489 nibus locis intermediis, & Sic vnum corpus, vel vnus ho¬
1123 490 1965 541 mo de seipso solo posset facere vnam choream, quae exten
1113 517 1823 564 deretur a Parisiis vsque Homam, & econuerso.
1133 559 1961 611 22 Preterea, nullum agens naturale intendit per se conn
1117 603 1963 647 ruptionem termini a quo, sed solum per accidens, puta
1119 641 1966 685 pro tanto, quia incompossibilis est cum termino ad quem:
1121 674 1966 730 Si enim esset compossibilis cum eo, tunt non corrumpe¬
1124 721 1973 764 tet eum: ergo Si vnum vbi non esset incompossibile alte
1115 762 1962 806 ri vbi, tunc quando actione naturalis agentis aliquod con
1134 796 1964 842 us acquireret vnum vbi, tunc non perderet alterum vbis¬
1126 837 1969 879 naturaliter simul esset in duobus locis; ergo a destru¬
1118 873 1961 920 ctione istius sequentis consequitur, quod duo vbi sint sim
1120 911 1961 966 pliciter imcompossibilia, respectu eiusdem locati, & per
1119 954 1966 996 consequens nulla virtute idem corpus poterit simul esse
1116 984 1352 1037 in diuersis locis
1157 1033 1971 1085 23 Praeterea, si vnum corpus esset vimul localiter in
1121 1067 1960 1113 duobus locis, tunc illa loca essent simul inter se. Conse¬
1121 1112 1959 1156 quentia patet: quia quaecumque vni, & eidem sunt simul,
1123 1153 1962 1206 illa sunt simul inter se, sed Si vnum corpus esset simul
1110 1183 1962 1230 Parisiis, & Homae localiter, tunc quilibet illorum lo¬
1113 1225 1960 1272 corum esset simul localiter cum illo corpore; ergo
1116 1259 1961 1309 illa duo loca essent simul localiter inter se. Minor patet.
1116 1301 1964 1349 Probatur maior, quia sicut illa, quae vni, & eidem sunt
1119 1346 1989 1391 eadem inter se sunt eadem, vt dicitur. 1. Elencho. Sic illa,
1115 1385 1968 1430 quae vni, & eidem sunt simul, inter se sunt simul. Falsitas
1129 1426 1967 1471 tiam consequentis patet de se. Quamuis ista sint mul¬
1118 1462 1979 1512 tum difficilia multorum, & magnorum doctorum dicta¬
1115 1499 1970 1551 spem tamen pouendo in diuinae maiestatis praesidio, ad
1116 1545 1959 1590 eius omnipotentiam extollendam ad praesens sustineo
1121 1576 1956 1632 conclusionem praemissam, & prout potero ad singul¬
1128 1612 1300 1665 espondebo.
1152 1629 1974 1702 Ad primum ergo dicendum, quod licet maior sit vera
1121 1691 1968 1746 in ordine ad virtutem agentae creati: tamen in ordine ad
1129 1741 1967 1791 omnipotentiam Dei non est vera: quia virture diuina
1119 1775 1973 1829 corpus Christi realiter manens in coelo, dictis verbis con
1116 1814 1961 1866 secrationis, realiter praesens est sub speciebus hostiae, & ta
1118 1853 1973 1901 men nec corpus Christi mouebatur ad species, nec species
1122 1886 1469 1943 mouebantur ad ipsum
1163 1924 1968 1982 Et si dicitur, quod hoc fit mediante conuersione substan¬
1119 1964 1404 2019 tiae panis in ipsum.
1163 2006 1968 2064 Dico, quod sicut Deus hoc pro nunc facit mediante
1126 2047 1972 2096 conuersione, sic, si vellet, posset facere sine illa conuer¬
1123 2080 1977 2142 sione, llla enini conuersio non est causa intrinseca il¬
1131 2122 1814 2172 ius realis praesentiae corporis Christi in altari.
1173 2159 1972 2210 Quod patet: quia cessante causa intrinseca, tunc cessat
1134 2206 1966 2255 tausatum, cuius est causa: sed illa conuersio transit, &
1122 2245 1977 2293 cessat esse, manente reali praesentia corporis Christi in
1134 2276 1967 2336 ltari. Sed licet Deus non possit ponere effectum in esse
1125 2328 1967 2371 sine suis causis intrinsecis: quia hoc implicaret contradi
1131 2358 1973 2410 ctionem, puta, hominem esse sine forma humana, & ma¬
1137 2401 1964 2444 eria humana, tamen quemlibet effectum potest Deus
1130 2442 1964 2493 ponere in esse immediate per seipsum sine causa simpli¬
1130 2478 1971 2524 citer extrinseca: Ergo Sine tali conuersione posset Deus,
1125 2521 1978 2562 Si vellet, corpus Christi, & quodlibet aliud corpus pone¬
1134 2557 1973 2615 te in multis locis, & hoc sine motu proprie dicto, Sicut,
1125 2592 1565 2648 nunc facit de corpore Christi
1141 2631 1973 2680 Et ista videtur esse intentio Hugonis de sancto victore,
1119 2655 1970 2731 lib. 3. de sacramentis, vbi ait, quod Deus, qui fecit; quod
1136 2714 1963 2763 torpus vnum in vno loco esset, fecit, vt voluit, & Si vo¬
1129 2744 1568 2800 luisset, aliter facere potuisset
1170 2785 1964 2843 Etiam minor non est vsquequaque vera. Et cum proba
1133 2832 1970 2875 tur, quod terminus a quo, & ad quem non possunt esse
1130 2874 1967 2916 simul, distinguendum est de termino a quo: quia vno mo
1130 2906 1967 2958 do appellatur terminus a quo ipsius motus sequentis il¬
1130 2947 1973 2991 lud, quod acquisitum est per motum praecedentem, & hoc¬
1133 2986 1969 3038 improprie: quia non habet rationem termini a quo, nisi
1127 3030 1977 3078 quia praecedit ipsum motum, & perficitur quandoque
1137 3071 1979 3124 per ipsum, Sicut apparet in motu augmenti, & alter a4
