2388 3519
414 227 1267 303 mali ratione quantitatis continuae est habere partes co¬
413 305 1262 349 pulatas ad vnum terminum communem, vt patet in lib
405 339 1267 387 praedicamentorum: sed habere partes, & habere modum
414 378 1269 419 essendi indiuisibilem, haec mutuo sibi repugnat: ergo &c.
448 414 1259 461 2 Praeterea, addunt isti, quod non est simile de substar
409 453 1257 499 tia: quia habere partes, & esse diuisibile mediante quan¬
407 491 1261 543 titate, hoc non repugnat formali ratione substantiae, sicut
417 537 1257 586 non habere partes, & habere esse indiuisibile repugnas
407 579 1205 626 quantitati continuae ex sua formali ratione; ergo &c.
450 617 1253 661 3 Praeterea, sicut se habet qualitas ad qualitatem in
411 651 1256 704 tensiue, sic quantitas ad quantitatem extensiue: sed impos¬
401 691 1256 736 sibile est dare duas qualitates eiusdem rationis sibi mu¬
402 729 1253 776 tuo presentes, quin vna fit intenfior, vel remissior alia, vc
411 771 1263 815 similis ei aequaliter cum ea participando huiusmodi ra¬
405 804 1265 857 tionem: ergo impossibile est quantitatem corporis Chri
406 845 1263 892 sti esse praesente quantitati panis, quin vna sit maior altera,
414 890 1259 932 vel minor, vel aequalis, quorum quocumque dato, quantitas
413 928 1229 980 corporis Christi non poterit ibi esse modo indiuisibili
416 966 1262 1015 Praeterea, impossibile est corpus esse animatum, quin sit
411 1001 1264 1046 organicu, & per consequens quantum habes parte extra par
408 1045 1258 1094 te. Ista patet: quia anima est actus corporis organici, phy¬
419 1081 1252 1126 fici, vt habetur 2: de anima. Patet etiam consequentia
390 1124 1253 1170 quia esse organicum est esse figuratum: omnis autem fi-
411 1157 1266 1212 oura est quanta, & habet partes. Sed corpus Christi exi¬
402 1192 1258 1253 stens in sacramento altaris, est animatum: alias esset mor
406 1244 1260 1286 tuum, quod est impossibile: quia cum in coelo sit viuum,
411 1280 1263 1328 si hic esset mortuum, tunc simul esset viuum, & mortuum,
417 1320 1265 1375 ergo corpus Christi erit ibi organicum, & per consequens
408 1355 977 1406 non poterit esse indiuisibile: ergo &c
450 1388 1266 1439 Sed lstis non obstantibus adhuc potest sustineri dictu
420 1431 1258 1484 ratris AEgidij. Ad cuius intellectum est aduertendum, quod
417 1471 1250 1520 in corpore locato potest considerari duplex posito. Vn¬
421 1520 1247 1559 ntranea, quae est ordo partium in toto. Et alia extranea
430 1552 1256 1602 uae est ordo partium in loco: Prima posito est de in¬
407 1592 1259 1635 tranea ratione quantitatis continuae: secunda non est de
415 1632 1259 1673 intranea, & formali ratione quantitatis continuae, cum sit
421 1673 1260 1721 naturaliter posterior quantitate continua, & per conse¬
410 1712 1246 1754 quens quantitas continua diuina virtute potest esse sin
417 1744 1253 1792 sta secuda positone, quauis nulla virtute possit esse sinc
414 1786 1265 1837 prima: quia quamuis nihil possit separari ab eo, quod est
418 1825 1262 1876 de sua intrinseca ratione, tamen virtute diuina prius po
412 1865 1245 1910 test separari a suo posteriore. Quod autem posito illo se
415 1907 1258 1956 cundo modo accepta sit posterior quantitate, patet: quia
427 1954 1252 1997 raedicamentum situs est posterius praedicamento quan¬
411 1988 1247 2029 titatis, & ipsum naturaliter praesupponit. Sed posito, se¬
414 2023 1255 2069 cundo modo accepta, est praedicamentum situs, vt patet.
413 2068 1253 2110 5. metaph. & in lib, praedicamentorum, ac in libro sexto
415 2101 627 2154 principiorum.
441 2133 1253 2187 Saluo igitur manente ordine partium in toto Deus
414 2180 1260 2222 potest tollere ordinem partium in loco. Videmus enim
408 2221 1256 2266 de facto, quod partes supremi coeli habent ordinem in
406 2255 1250 2307 suo toto: & tamen non habent ordinem in loco, eo quod
413 2292 1257 2347 supremum coelum non sit in loco. Si enim non esset dare
409 2337 1255 2383 vnum supremum corpus sine loco, tunc in locis, & locatis
414 2372 829 2428 esset pro cessus in infinitum
441 2407 1257 2464 His bene intellectis possumus respondere ad ea, quae
404 2451 993 2500 inducta sunt contra frattem AEgidium.
450 2487 1249 2538 Ad primum ergo dicendum, quod consequentia non
407 2534 1240 2578 valet. Ad probationem dicendum ad minorem, quod li¬
405 2575 1250 2617 cet habere partes, & habere modum indiuisibilem, om¬
401 2619 1246 2660 nino tollentem ordinem partium tam in loco, quam in
402 2647 1254 2695 toto, implicet contradictionem: tamen habere partes, &
404 2692 1240 2735 habere modum non diuisibilem quo ad extra, tollentem
405 2730 1246 2774 solummodo ordinem partium in loco, & non tollentem
412 2764 1248 2810 prdinem partium in toto, nullam implicat contradictio¬
397 2800 1250 2856 nem: quia vt sic, res illa est vere diuisibilis quo ad intra,
414 2846 1250 2888 icet quo ad extra nec suae partes connumerentur parti¬
403 2882 874 2935 bus loci, nec ipsi coextendantur
442 2924 1240 2973 Forte dicetur, quod quamuis Deus possit vnum corpus
408 2957 1244 3009 creare extra omnem locum, cuius partes ita habebunt
415 3003 1247 3049 prdinem in toto, quod non habebunt ordinem in loco,
401 3039 1247 3087 & ita erit huiusmodi corpus in se extensum, quod tamen
402 3079 1244 3140 non erit coextensum propter absentiam omnium illorum,
1306 239 2162 308 quibus posset commensurari, & coextendi, si essent sibi
1326 293 2157 340 raesentia: tamen Deus non potest quantitatem vnius
1317 339 2149 382 torporis ponere in actuali praesentia alterius quantitatis
1320 376 2159 423 quin ex ipsis resultet ordo partium in loco, & commen
1304 413 2165 456 suratio, & coextensio vnius ad alterum: sed in sacramen
1312 454 2152 506 to altaris quantitas corporis Christi est actualiter praeseni
1310 491 1569 543 quantitati panis.
1350 526 2174 576 Respondeo negando secundam partem maioris: quia
1307 572 2156 624 quamlibet rem simpliciter absolutam Deus potest po¬
1299 609 2163 654 nere in esse sine omni extrinseca habitudine, quam illa
1308 649 2154 700 res est apta nata fundare respectu cuiuscumque alterius
1315 698 2159 742 ei creatae: sed quantitas corporis Christi est quaedam res
1301 726 2165 778 simpliciter absoluta, & esse in loco, & commensutari, &
1314 772 2159 819 toextendi, & habere ordinem partium in loco, omnia ista
1309 804 2159 854 dicunt quasdam extrinsecas habitudines rei locabilis re¬
1304 845 2156 899 spectu loci: ergo Deus potest corpus Christi separare ab
1299 893 2153 934 omni huiusmodi habitudine. Et confirmatur: quia non
1312 928 2158 981 minus pot Deus separare a re locabili habitudine actua¬
1305 959 2162 1001 lem, quam naturaliter apta nata est habere ad locum prae¬
1299 1005 2160 1049 sente loco, quam a re calefactabili habitudinem ad cale¬
1308 1040 2156 1085 ractiuum etiam praesente calefactiuo, sed istam de facto
1308 1079 2154 1130 separauit, sicut apparuit de tribus pueris in camino ignis,
1306 1117 1714 1172 vt patet Daniel. 2. ergo &c.
1343 1164 2151 1211 Ad secundum dicendum, quod quamuis intrinsece non
1303 1196 2148 1251 habere partes repugnet quantitati continuae, tamen non
1301 1237 2150 1289 habere partes extrinsecas in ordine ad locum, & coexten
1295 1276 2050 1333 sas partibus loci, hoc non repugnat quantitati.
1326 1308 2154 1367 Ad tertium dicendum, quod licet maior sit vera, si ille¬
1305 1351 2143 1400 duae quantitates relinquuntur suo cursui naturali, tamen
1305 1393 2150 1440 si vna illarum virtute diuina separatur ab illa habitudine
1305 1434 2159 1477 actuali, quam secundum naturalem cursum habet ad lo¬
1306 1475 2153 1518 cum, tunc non est simile, quod in maiori accipitur pro si¬
1301 1513 2153 1559 mili: sublata enim illa habitudine, tunc haec quantitas ad
1310 1550 2149 1596 llam non est comparabilis. Vnde proprie loquendo, nec
1309 1597 2150 1643 est aequalis illi alteri quantitati, nec maior, nec minor.
1322 1631 2151 1674 Ad quartum dicendum, quod corpus Christi existens
1308 1671 2160 1718 in sacramento est animatum organicum, & quantum, &
1306 1711 2151 1759 habet partem extra partem in ordine ad totum: sed non
1308 1747 1643 1796 in ordine ad locum.
1345 1785 2163 1836 Ad secundam instantiam factam contra conclusionem
1306 1824 2157 1882 secundam dicendum, quod corpus Christi, secundum quod
1309 1868 2151 1922 est in sacramento, proprie loquendo, nec debet dici ma¬
1306 1906 2141 1951 ius, nec minus illis speciebus: quia in ordine ad illas spe¬
1308 1945 2151 1998 cies non habet modum quantitatiuum, nec habet ordi¬
1296 1991 2117 2036 nem partium per comparationem ad tales species.
1357 2022 2150 2064 Ad tertium dicendum, quod non est inconueniens
1305 2062 2148 2111 idem per accidens distare a seipso, in quantum est simul
1302 2103 2153 2144 cum aliquibus, quae vere, & per se distant. Anima enim
1300 2138 2140 2190 simul existens cum capite, & cum pede potest dici por
1300 2181 2148 2233 accidens a seipsa distare, eo quod caput, & pedes vere, &
1299 2221 2149 2274 realiter distant, quorum in quolibet est ipsa anima tota,
1305 2256 1606 2307 Sic in proposito &c
1308 2306 2142 2349 Ad quartum dicendum, quod masticatione sacra¬
1296 2341 2144 2384 menti corpus Christi nec diuiditur, nec laniatur: sed
1300 2373 2138 2423 solum accidentia panis, & vini diuiduntur: & ideo si¬
1308 2423 2152 2472 tut infra dicetur, sub qualibet diuisionis particula corpus
1298 2452 2138 2512 Christi integrum perseuerat: eo ipso enim, quod cor¬¬
1305 2498 2136 2536 pus Christi non est ibi quantitatiue, nec est illis acciden¬
1296 2536 2147 2580 tibus coextensum, ideo non diuiditur diuisione illorum
1297 2567 1487 2618 accidentium
1316 2610 2148 2663 Ad quintum nego minorem. Ad probationem di¬
1290 2652 2135 2707 cendum, quod licet caro Christi non prosit quicquam
1291 2693 2141 2741 comesta eo modo, quo illi ludaei, qui retro abierunt pu¬
1294 2736 2139 2788 tauerunt, eam essc comedendam, puta in corporali appa¬
1289 2771 2140 2813 rentia, quo modo comeduntur carnes, quae emuntur in
1289 2805 2128 2853 macello: tamen vera caro Christi sumpta cum debita ro
1284 2852 2130 2907 ucrentia sub sacramentali apparentia, vere nobis prodest
1281 2881 1466 2933 ad salutem.
1333 2922 2143 2976 Et per hoc patet ad sextum: quia illa negatio, quae ibi
1281 2949 2129 3009 dicitur, non hoc corpus maducaturi estis, non est referenda
1288 3009 2136 3057 ad veritatem, & realitatem corporis Christi manducandis
1284 3042 2145 3100 sed ad modum manducandi, quo illi putabant Christum
1286 3084 1926 3148 velle dare corpus suum ad manducandum.
