1475 2066
225 157 725 202 principia extrinseca ab eis, & inten¬
242 196 738 250 dit, per substantiam formam gene¬
240 244 744 274 rantiuam sibi similem in specie. & in
246 282 746 323 tendit per largitatem & bonum, &
240 313 748 362 per illud propter quid idem, i. prin¬
252 349 751 394 cipium finale: sed tamen non sunt,
247 388 563 442 synonyma simpliciter.
289 444 655 498 De Causa. Cap. 2
336 484 740 530 tAusa vero vno modo di
351 529 749 585 citur, ex qua inexistente
348 569 747 623 aliquid fit, vt aes statuae¬,
251 613 744 658 & argentum paterae, & horum
254 653 742 707 genera. Alia vero forma, & exen¬
255 692 755 746 plar. haec autem est ratio ipsius
252 736 744 786 quid erat esse, & horum genera
247 781 743 821 vt ipsius diapason, duo ad vnum
243 827 747 873 & simpliciter numerus, & par¬
250 863 744 906 tes, quae in ratione sunt. Item
248 907 750 946 vnde principium mutationis pri¬
245 948 741 986 mum, aut quietis, vt qui con¬
249 988 755 1042 suluit causa, & pater prolis, &
244 1028 747 1083 simpliciter faciens eius, quod fa
240 1072 742 1114 ctum est, & transmutatiuum
251 1117 753 1162 transmutati. ltem vt finis. haec
247 1157 749 1202 autem est cuius causa. vt ambu¬
247 1200 753 1242 landi. sanitas. propter quid enim am
242 1243 746 1282 bulat, dicimus vt sanetur. & cum
250 1284 748 1338 ita dicamus, putamus causam
248 1324 744 1372 reddidisse. & quaecunque inter il
240 1365 742 1411 lud mouens, & finem media fi
243 1420 755 1461 unt. vt sanitatis, attenuatio, pur
244 1452 744 1506 gatio, medicamenta, aut instru
248 1492 755 1538 menta. omnia etenim haec finis
242 1533 746 1585 gratia sunt. differunt vero abit
246 1577 754 1631 uicem, eo quod haec quidem instru
247 1621 755 1667 menta, illa vero vt opera sunt.
242 1661 754 1706 Causae itaque fere toties dicun¬
244 1701 750 1755 tur. At, cum multifariam causae¬
250 1754 750 1793 dicantur, accidit multas quoquid
246 1793 750 1833 eiusdem non secundum accidens
250 1828 754 1874 causas esse, vt statuae & ars sta¬
763 148 1304 203 tuaria, & ipsum aes, non secundum aliud E
764 203 1273 251 quippiam, sed prout statua est: non
775 250 1274 291 tamen eodem modo, sed hoc quidem vt
774 284 1270 323 materia, illa vero vt vnde mo¬
778 324 1269 377 tus. Et inuicem causas esse, vt la
776 368 1271 419 borare bonae habitudinis, haec
776 412 1277 450 vero laborandi. non tamen eodem
782 449 1270 498 modo: sed haec quidem, vt finis
778 493 1280 541 illud vero vt principium motus.
781 532 1273 579 ltem, idem aliquande contrariorum causa
782 573 1276 618 est. quod enim cum adsit, alicuius
782 615 1280 659 causa est, idem cum absit, causam
777 661 1289 706 contrarim nonnunquam dicimus.
780 700 1272 756 vt absentiam gubernatoris, nau
785 741 1278 787 fragnum, cuius praesentia, & salutis
780 783 1274 834 cam erat. ambae ant, & praesentia & prae¬
784 836 1280 880 uatio, tanquam mouentes caeam sunt,
826 869 1284 928 Causa dicitur secundum unum
784 913 1280 970 modum illud, ex quo sit aliquid, &
782 962 1291 1023 est in eo, vt cuprum in idolo, & ar¬
788 1010 1284 1070 gentum in annulo. Et dicitur alio
782 1057 1289 1119 modo forma & exemplar. & hoc
778 1105 1290 1168 significat esse alicuius & genera
784 1156 1288 1217 eius. sicut proportio duorum ad vnu
783 1199 1283 1258 attribuitur ad diapason, & simi¬
783 1253 1281 1312 liter omnes numeri, & partes de¬
786 1301 1288 1355 finitionis. Et etiam dicitur alio
783 1348 1296 1410 modo, secundum quod est principium
790 1399 1287 1459 transmutationis & quietis primo.
781 1442 1289 1506 sicut dicitur quod ambulatio est
783 1492 1299 1555 causa agens sanitatem, & pater
779 1540 1297 1602 filu, & vniuersaliter agens acti,
789 1589 1290 1644 & transmutans transmutati. Et
780 1636 1293 1701 etiam dicitur alio modo tanquam,
780 1685 1296 1746 complementum. & hoc est, propter
784 1733 1298 1798 quid sit aliquid. v.g. quod sanitas
788 1781 1290 1845 est causa ambulationis. Si igitur qui¬
791 1829 1301 1898 situm fuerit a nobis quare ambu¬
