1475 2066
201 140 706 186 albus, & musicus dicantur sta
214 185 706 240 tuae causa, & non solum Poly¬
223 229 707 274 cletus, aut homo. Praeter omnes autem,
216 273 717 315 quae proprie dicuntur, quaeue
216 316 712 354 secundum accidens, aliae vt potentia di
217 357 708 405 cuntur, aliae vt agentes. vt aedifici
220 396 708 450 extruendi aedificator, aut aedifi¬
217 436 709 482 cans aedificator. Similiter autem
215 477 717 521 illae quoque dicuntur de his, quorum
218 522 718 570 causae sunt. vt huius statuae, aut
212 571 718 610 statuae, aut simpliciter imaginis, aut
219 603 703 651 huius aeris, aut aeris, aut sim
212 648 706 698 pliciter materiae. & de acciden
222 687 707 730 tibus similiter. ltem hae, & illa
218 733 708 770 coniunctae dicentur. vt puta non
210 772 716 818 Polycletus, nec statuarius, sed
217 812 715 867 Polycletus statuarius. Attamen
214 855 713 898 hae omnes multit adine quidem
217 899 717 946 sex sunt: dicuntur autem dupli¬
212 937 716 978 citer, aut enim vt singulare, aut vt
216 989 712 1035 genus eius: aut vt accijs, aut vt
215 1033 713 1074 genus accidentis: aut vt coniun¬
213 1061 713 1106 ctae, aut simpliciter dictae. item
213 1106 711 1146 tanquam, agentes, aut secundum poten¬
211 1144 702 1187 tiam. Differunt autem eo quod agen
215 1194 708 1240 tes quidem, & singulares simu
214 1229 713 1283 sunt, & non sunt tam ipsae, quam
214 1273 710 1314 illa, quorum causae sunt. veluti
201 1320 712 1354 hic medicans huic conualescen
213 1356 716 1406 ti, & hic aedificator huic, quod
213 1405 711 1443 aedificatur. Quod vero secudum po¬
214 1445 701 1482 tentiam, non semper. corrum
204 1482 700 1530 pitur enim non simul domus
209 1521 443 1569 & aedificator.
256 1557 711 1627 omnes igitur causae, quae modo
206 1613 698 1674 suerunt dictae cadunt super qua
204 1660 709 1707 tuor modos famosos valde. litera
205 1708 703 1754 enim sllabarum, & materia ar¬
203 1756 711 1811 tificialiu, & terra, et omnia cor¬
201 1805 700 1866 pora similia, & partes totius, &
739 140 1291 202 propositiones conclusionis sunt sicut D.
740 189 1239 250 causae, quae sunt ex aliquo. Et quae¬
741 241 1243 290 dam istarum sunt sicut subiectum
743 290 1243 346 & quaedam sicut partes, & quae¬
739 333 1242 403 dam sicut illud, quod significat ali¬
741 387 1237 442 cuius esse, sicut totum, et composi¬
742 436 1237 482 tio, & forma. Seonen autem &
742 481 1237 530 medicus, & ambulatio, et omne,
742 525 1241 590 quod agit aliquam actionem, sunt
741 578 1236 634 secundum principium transmuta.
742 624 1244 683 tionis & quietis. Et quaedam sunt
744 669 1247 742 sicut complementum & largitas
745 717 1245 783 aliis. illud enim propter quod sit largi
741 765 1243 826 tas aliis, vult et esse complemen¬
743 813 1245 869 tum. & non est differentia inter
747 861 1237 923 dicere hoc esse largum, et hoc vi¬
736 909 1241 972 deri largum. Causae igitur sunt
743 957 1245 1010 istae, et numerus suarum formarum
745 1005 1247 1056 est iste numerus. Et modi causarum
737 1052 1229 1107 sunt plures: sed, cum referuntur,
742 1108 1239 1155 fiunt pauciores etia. Dicuntur enim
744 1149 1244 1210 causae multotiens ea, qui coneniunt
748 1197 1238 1254 in forma, & dicuntur quaedam an¬
742 1245 1242 1305 te, & quaedam post. sicut dicitur
736 1292 1248 1338 quod causa sanitatis est nedicus,
740 1340 1243 1402 peritus, & ars: & duplum est
748 1388 1244 1451 causa ad diapason, & numerus
738 1436 1244 1490 et: & similiter etiam illud, quod con¬
740 1492 1247 1538 tinet aliquid particularium, est ta
744 1528 1244 1580 le. Et etiam sicut accidens, & genera
749 1577 1250 1639 eius. v.g. idolum. causa enim est idole
745 1624 1251 1683 artifex idolorum. scilicet Polocletus, sed
741 1672 1253 1721 diuersis modis. accidit enim vt nome
745 1721 1249 1781 artificis esset polocletus. Et simili
739 1779 1251 1819 ter alio modo et illud, quod cotinet
743 1813 1250 1866 accidens. sicut homo cum fuerit causa
