1475 2066
228 154 747 204 propinqua synonymis, & communibus ap
228 192 742 236 propriatis. Elementum enim non dici¬
240 237 742 274 de causis extrinsecis: & dicitur de intrin
243 269 747 324 secis, & dignius de materia. Princi¬
248 308 747 354 ium autem dignius est dici de causis
236 338 739 391 extrinsecis: & causa est minor prin¬
240 388 743 440 cipio in hoc. principium autem est qua
232 429 739 466 si vniuersalius causa, cum dicatur prim,
233 465 745 507 cipium de principiis transmutatio¬
234 502 732 549 nis, & de quatuor causis. Et d. Ele
236 548 731 591 mentum igitur, &c. i. haec est definitio ele¬
236 589 744 626 menti, secundum quod est elementum,
237 620 747 676 Per hoc igitur, quod d. ex quo res com¬
236 662 747 713 ponitur primo, excludit illud, ex quo
239 701 737 746 res componitur secundo. composi¬
241 739 749 790 tiones enim quae sunt in eadem re, quae
238 781 747 826 dam sunt primae, & quaedam non pri
237 817 747 866 mae: & primum elementum est illud,
238 857 741 906 quod non componitur ex aliquo om
247 896 743 939 nino. Et per hoc, quod d. & est in
240 936 745 987 ea, excluditur elementum, quod trans
244 978 744 1027 mutatur, cum aliquid generatur ex eo¬
240 1013 747 1058 sicut cum caro generatur ex sangui
237 1061 745 1106 ne, tunc sanguis non remanebit pars
237 1093 748 1143 carnis. Et per hoc, quod d. & non di
236 1130 742 1171 uiditur secundum formam, exclu¬
238 1169 742 1210 duntur elementa propria alicui spe
240 1209 747 1251 ciei: sicut organica componuntur
240 1247 743 1291 ex similibus. Organica enim primo con¬
238 1288 736 1341 ponuntur ex illis, & sunt partes eo
241 1325 740 1369 rum: sed sunt diuisibilia secundum
243 1366 747 1420 formam. & innuit per hoc, quod non est
241 1406 739 1446 conditionandum vt non sit diuisi¬
240 1445 740 1495 bile secundum quantitatem. Et, cum deser¬
238 1484 746 1533 psit elementum, dedit exemplum, &
236 1524 742 1577 d. sicut elementa soni, &c. i. v. g. sicut
244 1561 740 1602 elementa syllabarum, quae diuidun
247 1601 745 1644 tur in consonantes & vocales. istae enim
242 1643 737 1683 literae non diuiduntur in alias diuer
239 1682 741 1722 sas ab eis, & omnino neque secundum for¬
236 1719 738 1762 mamneque secundum quantitatem
236 1760 745 1802 & cum voces compositae, scilicet dictiones
242 1798 746 1842 dissoluentur, ad istas peruenient, &
244 1837 744 1891 ex istis componuntur primo, & sunt
772 150 1300 194 in eis. Et, quia non est conditionam
781 192 1287 231 dum in definitione elementi, vt non
780 230 1291 274 sit diuisibile secundum quantitatem, d. sed
777 273 1291 314 si diuidantur, &c. i. sed, si elementa
779 309 1289 362 diuidantur secundum quantitatem, tunc par
773 348 1288 387 tes eorum sunt indiuisibiles secundum for¬
781 395 1287 441 mam: sicut aqua, & terra, & ignis, &
772 435 1284 480 aer. Omnia enim composita ex istis
776 465 1280 505 in illa diuiduntur secundum formam, sed
774 504 1290 546 ista non diuiduntur in alia secundum
774 542 1285 592 forma, sed secundum quantitatem,
780 588 1283 633 & in partes consimiles secundum formam.
781 620 1281 666 Et ideo dicitur describendo: Partes
773 660 1272 706 consimiles sunt illae, in quibus defi¬
776 700 1280 746 nitio partis, & totius sunt similes, &
770 739 1276 791 in eadem. D.d. non sicut syllabae
778 780 1284 820 &c. i. quod aqua, & aer non sunt sicut
778 819 1286 858 syllabae, quae diuiduntur in indiuisi
779 858 1291 907 bilia forma, & quantitate. D.d. Di¬
778 900 1289 946 centes igitur, quod corpora, &c. i. opinam
779 939 1283 978 tes igitur, quod corpora habent talia ele¬
773 974 1283 1027 menta, scilicet alia, in quae composita di¬
774 1013 1285 1059 uiduntur vltimo, & illa non diuidum
779 1053 1282 1092 tur in alia secundum formam. quidam. enim
773 1100 1285 1138 dixerunt, quod illud, quod est tale, erit
772 1141 1274 1186 vnum tantum quatuor corporum
777 1173 1281 1219 & quidam plura vno. D.d. Et ele¬
772 1212 1280 1250 menta linearum, &c. i. & elementa
770 1248 1275 1303 sigurarum, v.g. triangulus in sigui
774 1300 1265 1339 ris, & corpus igneum in corporibus
772 1327 1283 1370 Et forte intendit puncta secundum
774 1365 1280 1418 sententiam eorum, qui dicunt, quod li
774 1406 1273 1460 neae componuntur ex punctis. & ro
777 1445 1287 1498 pecie hoc est sententia eorum, qui di¬
772 1493 1282 1531 cunt, quod corpora componuntur ex
778 1525 1288 1563 corporibus indiuisibilibus. Elemen
774 1565 1280 1602 tum enim apud istos est, quod non
775 1609 1285 1642 diuiditur secundum formam, neo
770 1641 1278 1695 secundum quantitatem. & quod hoc vo
781 1679 1287 1722 catur conditio, & suppositio indiui¬
772 1719 1271 1773 sibilitate secundum quantitatem
779 1758 1279 1811 quam indiuisibiliras sequitur secun¬
776 1797 1282 1850 dum formam, quae est vera condi¬
777 1837 1287 1883 tio in definitione elementi. ideo de¬
