1475 2066
130 157 673 227 AEt species diuersantur in hoc
179 212 676 268 quod est vnum & facit multitur
183 258 687 306 dinem. Et similiter masculus, ex
180 308 684 370 quo fit multitudo. ista igitur sunt
181 356 679 419 exempla, & similia principiorum,
181 402 685 459 quae illi dicebant. Plato autem de¬
182 453 685 506 finiuit ea secundum hunc modum
175 498 682 563 in suo libro de quaestionibus. Et ma¬
183 549 680 611 nifestum est ex illo, quod dixcit, quod
182 596 684 652 ipse non vtebatur nisi duabus cas
180 645 685 707 sis scilicet quiditate rei, & ea, quae est
176 692 688 747 secundum materiam. species enim
150 740 674 802 Msunt causae quiditatis aliarum re
184 789 684 850 rum, species vero sunt vnum. & it
181 836 691 899 lud, quod est materia subiecta, in
176 884 683 951 qua sunt species, & quaedam dici¬
184 936 687 994 tur esse in speciebus: quiditas enim
185 985 683 1047 dualitatis est magnum & paruu¬
185 1030 681 1094 Et etiam dedit, quod causa in bo¬
179 1081 675 1138 no & laudabili sunt elementa
188 1139 674 1186 vnumquod que eorum caeteris, &
185 1178 685 1242 sunt ea, de quibus diximus quod
184 1229 659 1291 perscrutatio cecidit in principiis,
184 1291 688 1330 Dixit: Et species diuersantur, &c. ita ceci
176 1328 686 1371 dit abscissum de libro Graeco. & est
188 1372 683 1411 vna sigenationum, quam dicebant dicen
186 1407 682 1451 tes formas esse facientes indiuidua
180 1447 684 1497 quia natura rerum assimilatur naturae
187 1487 653 1530 masculi, qui facit multitudinem
193 1527 685 1580 Et, quia ista sigenatio etiam fuit vna
181 1572 684 1618 multarum, quae ceciderunt a libro, d. igitu
185 1606 679 1659 ista sunt exempla, & similia princi¬
181 1645 683 1699 piorum. i. istae igitur consimilitudines
184 1692 681 1738 sunt, quas inuenerunt inter species
184 1725 681 1768 & vera principia, ex quibus existima¬
182 1769 681 1819 uerunt, quod species sunt principia. Pla
183 1804 679 1855 to vero definiuit species quod sunt prin¬
184 1843 689 1891 cipia secundum formam & secundum agens. Et est
714 156 1224 202 manifestum, quod posuit quiditates re
719 193 1232 243 rum, & definitiones earum formas re
716 244 1230 289 rum, & posuit materiam res, in quibus sunt,
714 284 1225 322 formae. D.d. Species enim sunt scilicet formae
719 316 1223 367 sunt apud ipsum quiditas aliarum re¬
721 353 1228 409 rum, quae non sunt formae. D.d. Species
719 395 1227 442 vero sunt vnum, &c. i. species autem, quae
724 433 1223 487 vere dicuntur: sunt illud, quod congregatur ex
715 476 1228 514 forma vniversalie & materia. v. g. quod species
718 512 1215 555 hominis non est forma eius tantum, secundum quod in
718 558 1223 603 tendebat Plaro, sed congregatum ex
717 590 1216 634 materia & forma. D.d. Et quaedam d.
717 629 1220 683 cuntur esse in speciebus, &c. i. & signum,
724 670 1215 718 quod formae non sunt species, est quod qu
717 709 1219 758 ditas rei, quae est forma, est in specie, secundum
721 746 1209 794 quod est pars eius, sicut dualitas, quoniam qui¬
711 784 1215 826 ditas eius apud dicentes eam esse prin
718 828 1217 878 cipium, est magnum & paruum: &
719 868 1215 915 magnum & paruum sunt alia a dua
720 903 1213 944 litate. D.d. Et etiam dedit, &c. i. &
716 941 1225 993 signum, quod ipse dicit materiam & for¬
719 981 1221 1030 mam, est quia dedit causam boni & lau
717 1021 1223 1067 dabilis, & etiam suorum opposito¬
713 1061 1227 1098 rum. & hoc non est nisi materia &
713 1101 1215 1138 forma. D.d. vnumquodque eorum cae¬
717 1135 1225 1179 teris id est quod ipse dedit causam rerum caete
719 1174 1226 1215 rarum apparentium in entibus de
721 1215 1217 1264 laudabili, & bono secundum vtrumque elemen
719 1260 1227 1293 torum, quae posuit scilicet materiam & for¬
716 1292 1224 1341 mam. Deinde exposuit quae sunt illa
716 1328 1213 1378 alia caetera, & d. & sunt ea, de quibs
716 1369 1215 1410 diximus, &c. i. & ista sunt res postes
720 1412 1225 1458 riores, quae apparent in entibus: &
712 1453 1225 1491 sunt ea, quorum causae sunt dandae
712 1487 1217 1539 per principia, & vt principia verifi¬
715 1525 1227 1578 centur propter hoc. Et d. hoc, quia
719 1573 1227 1610 apud quidnem principiorum quaeren
717 1613 1231 1644 dum est vt sint conuenientia omnibus
719 1645 1225 1695 apparentibus inexistentibus: quo¬
718 1684 1225 1722 niam tunc videntur esse vera. & hoc
720 1724 1226 1763 non demonstrat necessario ea esse
720 1768 1222 1818 principia, donec res mamifeste signent
712 1804 1221 1859 ea, scilicet quod, quando posteriora sigenant prio
713 1845 1218 1890 ra, tunc vificabitur quod sunt principia con¬
