1475 2066
214 188 716 244 Preuiter igitur, & summatim
214 232 714 288 percurrimus, qui nam, & quomo
220 276 718 323 do locuti sunt de principiis: &
223 316 713 355 ipsa veritate. Tantum tamen ex eis
227 357 723 409 habemus, quod eorum, qui de prin
226 406 719 443 cipio & causa dixerunt, nemo quid
228 439 717 482 quam praeter ea, qua in de natura,
228 482 723 522 libus determinata sunt, dixerit.
230 524 724 569 sed omnes obscure quidem, illa tamen
235 572 721 618 aliquatenus vsi sunt attingere
238 606 719 651 Quidam enim vt materiam princ
236 651 723 698 pium ponunt, siue vnam, siue plu
229 689 730 736 res supponant. & siue corpus, si
230 733 731 782 ue incorpoream ponant, vt Pla¬
232 773 727 827 to magnum, & paruum dicens, lta¬
224 814 721 866 lici infinitum, Empedocles ignem,
225 859 719 898 terram, aquam, & aerem, Ana
231 894 731 939 xagoras vero infinitatem simi¬
225 938 726 979 lium partium. Hi igitur omnes ta¬
222 980 725 1023 lem causam perstrinxerunt. &
220 1020 718 1078 ad haec quicunque aerem, aut ignem,
228 1068 723 1106 aut aquam, aut igne quidem de
228 1108 723 1146 sius, aere vero tenuius, etenim ta¬
223 1148 723 1194 le quidam dixerunt primum ele¬
228 1190 723 1234 mentum esse. hi igitur hanc atti
220 1232 725 1285 gerunt causam solam. Alii vero qui
232 1284 719 1322 dam vnde principium motus
224 1327 725 1376 quicunque scilicet amicitiam &
229 1365 721 1418 contentionem, intelsum, aut amo
222 1405 720 1458 rem principium faciunt. Ipsum
228 1443 720 1498 vero quid erat esse: & substantiam
224 1488 724 1538 clare quidem nullus assignauit,
221 1529 725 1570 Maxime vero dicunt, qui for¬
222 1580 733 1610 mas ponunt, nec. enim vt materiam
228 1612 730 1661 sensibilibus formis, & ea, quae in
228 1652 726 1698 formis sunt, neque tanquam illinc
224 1701 728 1747 principium motus fieret: putant.
231 1734 728 1786 immobilitatis enim causa, & quie¬
222 1773 727 1826 tis magis eis esse aiutem. sed ipsum
225 1824 721 1870 quid erat esse vnicuique caetero
220 1861 731 1914 rum formas attribuunt, formis ant
746 192 1294 243 ipsum vnum. Ipsum vero, cuius E
748 230 1246 283 gratia actiones, mutationes, &
740 277 1256 314 motus quodammodo quidem di
751 324 1259 362 cunt causam, non autem ita dicunt, vt
751 357 1253 402 aptum esse natum est. Qui enim in
756 397 1246 442 tellectum, aut amicitiam dicunt
748 437 1253 490 tanquam bonum quoddam haec po
748 481 1255 522 nunt, non tamen tanquam horum
759 524 1251 574 causa quicquam entium, aut sit.
759 565 1259 610 aut fiat, sed tanquam ex his mo¬
758 604 1259 650 tus eorum essent. ita dicunt. Siliter &
761 645 1253 696 qui vnum, vel ens esse hanc na¬
758 689 1256 739 turam aiunt, substantiae quidem
762 732 1257 770 causam esse dicunt, non tamen huius
763 769 1254 825 causa, aut esse, aut fieri. Quare
756 812 1254 858 contingit eius quodammodo di¬
760 857 1256 899 cere, & negare bonum esse tale¬
754 900 1264 954 non enim simpliciter, sed secundum accidens di¬
756 939 1259 993 cunt. Quod igitur de causis, &
756 981 1259 1035 quot, & quales sint recte deter¬
762 1021 1257 1079 minatum sit, testari nobis etiam
761 1063 1259 1106 isti omnes videntur, cum non
756 1109 1256 1154 possint aliam attingere causam. et
759 1149 1259 1194 ad haec quod principia, aut ita om¬
759 1197 1261 1234 nia, aut horum aliquo modo quae¬
760 1230 1026 1282 renda sint, patet.
801 1269 1259 1332 Et videtur quod omnes isti te¬
752 1321 1260 1387 stantur nobis, quia non possunt ad
758 1369 1260 1437 dere aliam causam. & cum hoc ma
759 1414 1261 1468 nifestum est, quod perscrutatio ca¬
758 1466 1259 1527 dit de principiis, aut secundum omnes
758 1512 1244 1578 istos modos, aut secudum quosdam.
800 1581 1258 1630 D. Et videtur quod sermo istorum
757 1621 1259 1658 de numero causarum testatur no¬
765 1661 1269 1706 bis, cum non possunt addere quin¬
758 1699 1268 1738 tam causam causis, quas diximus.
767 1740 1267 1778 & cum hoc manifestum est cum de
762 1781 1264 1830 claratum est quod Antiqui non potue
760 1821 1272 1869 runt addere aliud principium, per
757 1861 1273 1902 quod persrutatio aut cadet super
