1475 2066
218 141 732 194 continua sunt illa in reiveritate per
230 185 726 226 tactum & visum * continua. & forte
229 221 739 280 erunt necessarij isti duo sensus scilicet quia
230 267 729 307 vnus iuuat alterum. & multotiens con¬
230 301 738 354 iunguntur corpora per artificium, tali¬
230 340 722 380 modo quod tactus & visus falluntur,
227 381 733 419 & reputant ea esse continua. & caum hu
233 420 735 469 ius est, quia continuatio est de ensi
229 458 734 506 bilibus communibus. D.d. illa autem, quae sunt
228 500 730 547 perfectae continuationis, &c. i. illa au¬
224 541 729 580 tem, quae sunt perfectae continuationis,
232 578 732 618 sciliceper naturam dicuntur vnum, licet non
224 615 733 659 sint recta, sed in eis fuerit aliquator
231 653 725 707 tuositas, sicut erus, & cora,. scilicet quia di
236 697 719 738 vnum erus, & vna eoxa. D.d. possi
231 733 731 778 bile. est enim vt crus non sit vnum, i. & tor
224 774 730 825 tuosum minus est vnum, qui a possibi
221 814 729 859 le est diuidi crus in duas partes, & non
221 857 729 898 remanere vnum. scilicet in loco tortuosi¬
229 894 731 935 tatis. D.d. & dicitur, quod linea recta, &c. i.
229 931 725 984 & linea recta magis vnum est qua tor
231 972 731 1024 tuosa, quoniam tortuosa est quasi compo
222 1015 723 1059 sita ex duabus lineis. in linea enim tor¬
222 1053 731 1101 tuosa sunt tria puncta, cum habuerit
231 1093 725 1142 angulum: & ideo dixit: & dicitur quod
220 1131 727 1170 linea tortuosa, &c. i. & digitur quod linea ha
228 1168 724 1222 bens angulum est vna vno modo, &
223 1210 723 1260 non vna alio modo. secundum enim quod term
232 1248 722 1299 natur a tribus punctis, est non vna
228 1287 730 1330 sed secundum quod vnum extremorum est
230 1328 720 1382 apud angulum, est vna: econtra¬
235 1368 731 1410 rio de linea recta. D. dedit causam in
228 1406 730 1450 hoc. & d. possibile enim est, &c. i. par
229 1453 722 1490 tes enim lineae tortuosae, cum mouen¬
228 1492 723 1536 tur secundum totum, non mouentur par¬
234 1525 723 1577 tes aequaliter, sed quaedam citius qui¬
236 1564 724 1619 busdam. & sic iudicatur de illa quod mo¬
233 1602 729 1655 tus partium sunt insimul, quia mo¬
237 1646 726 1683 tus est in eodem tempore, & non insi¬
236 1685 730 1722 mul, quia diuersantur in velocitate
234 1724 724 1762 & tarditate. linea autem recta mo¬
238 1761 719 1802 uetur secundum totum insimul
232 1799 718 1842 Et potest intelligi quod, cum linea tor
233 1839 718 1898 tuosa mouetur, potest distingui al
756 141 1280 198 tera linearum. ab altera apud angus
759 185 1265 227 lum, & non mouebuntur insimula
762 222 1259 267 quod impossibile est in linea recta.
760 268 1265 304 Et intelligendum est hic per lineam,
762 304 1264 353 corpus: linea enim non mouetur. D.d.
766 341 1265 393 & nullum corpus habens magnitu
765 381 1264 432 dinem, &c. i. & nulla magnitudo re
762 419 1272 470 cta inuenitur, cuius quaedam pars,
765 460 1261 506 quiescat, & quaedam moueatur, fi¬
765 496 1262 549 cut inuenitur m linea habente angu¬
757 536 1267 579 lum, quia est composita ex duabus lineis.
797 597 1257 643 Alio item modo vnum dici¬
756 640 1267 689 tur, cum subiectum sit forma
759 689 1255 730 indifferens. Indifferens autem,
763 725 1263 778 quorum forma indiuisibilis se¬
762 768 1265 812 cundum sensum est. subiectum
766 813 1264 859 vero, aut primum, aut vltimum
752 854 1260 907 ad finem. etenim vinum vnum, &
761 899 1263 949 aqua vna dicitur, quatenus in¬
760 943 1265 988 diuisibilis secundum formam est: liquo¬
759 981 1261 1026 resque omnes, vt oleum, vinum, & li¬
764 1024 1257 1074 quabilia vnum dicuntur, quoniam
764 1067 1264 1109 omnium vltimum subiectum idem est,
756 1109 1263 1154 aqua nanque & aer haec omnia sunt
803 1149 1257 1202 Et dicitur etia vnum alio mo¬
753 1197 1259 1257 do, quorum subiectum non diuidi¬
761 1244 1263 1309 tur secundum formam. Et illa non
754 1293 1249 1354 diuiduntur secundum forma, quo
759 1344 1248 1402 rum formae non diuiduntur secun¬
761 1392 1257 1455 du situm, & subiectum aut pri¬
758 1441 1261 1499 mum, aut vltimum, quod est pro¬
759 1489 1265 1548 prie coomplementu. dicitur enim vi¬
759 1538 1257 1586 num vnum, & aqua vna, cum non
757 1588 1257 1642 diuidantur secundum formam, et
762 1636 1241 1697 dicuntur omnia liquabilia vnum
762 1685 1256 1738 sicut oleum, & vinum, et omnia
759 1738 1257 1794 liquida. subiectum enim omnium
761 1781 1261 1843 istorum est vnum, & omnia sunt
756 1841 1048 1890 aut aqua, aut aer.
