1475 2066
196 141 715 196 tis substantia: illud enim est ma¬
201 197 719 258 gis in vnitate. Et dicitur etia uni
199 244 713 306 modo vniuersali illud, quod non ha¬
203 292 719 351 bet diuisionem secundum sua spe¬
203 337 721 404 ciem. verbi gratia dicere vnu ho¬
203 396 717 442 minem & vnum animal, & vni
211 436 723 498 os. Et multa dicuntur vnum secun¬
211 485 717 552 dum naturam, quauis agat aliud,
211 540 711 594 aut patiantur ab alio: aut differa.
205 581 716 642 per alia, aut referantur ad alia. Et
213 632 710 682 illa, quae dicuntur unum primo m¬
213 677 726 738 do, sunt illa, quorum est substantia
196 727 723 779 Vvna: & sunt vnum, aut secundum
211 780 708 835 continuationem, aut secundum fo¬
216 837 715 874 mam, aut secundum definitionem
209 876 717 934 dicimus enim in numero plura il¬
217 922 723 986 la, quae non sunt continua, neque ha¬
208 972 718 1034 bent formam vnam. Quodam enim
208 1020 717 1066 modo dicitur vnum, et si fuerit de
216 1077 713 1130 quantitate, & continuum etiam.
219 1114 719 1170 & quodam modo non dicitur unu.
216 1164 722 1220 si totalitas sua non fuerit perfecta.
220 1211 714 1274 illud igitur, quod non est totum, nio
215 1261 724 1306 dicitur vnum vniuersaliter. non
196 1307 711 1370 enim dicimus, quod partes sotula
215 1356 723 1418 ris compositae aliquo modo sunt vni
214 1413 718 1466 propter continuationem: nisi dica¬
220 1453 724 1512 tur hoc modo scilicet secundum quod sunt
216 1501 723 1563 sotular, & secundum quod habens
224 1549 729 1612 aliquam formam vnam. Et secun¬
223 1596 727 1658 dum hunc modum dicitur, quod li
220 1644 724 1708 nea circuli est vna magis quam
221 1692 733 1755 aliae lineae. est enim linea perfecta,
228 1740 475 1801 in qua est totum.
230 1788 730 1835 Idest, & dicitur etiam hoc nomen
228 1829 736 1872 vnum de illis, quorum definitiones
747 140 1253 199 diuersae non distinguuntur a defini¬
749 185 1256 239 tione alterius, quod est commune
750 228 1253 266 eis. definitio enim cuius libet talium
747 262 1259 316 non distinguitur a definitione sub¬
747 301 1253 348 iecti, scilicet quia definitio subiecti sumitu
744 342 1257 383 in definitione cuiuslibet eorum. Et
752 381 1258 426 hoc est, quod d. quae significat quid
750 428 1249 467 est, quia definitio non dicitur definitio,
750 460 1255 515 nisi cum sigenat essentiam rei & d. omnis
750 502 1258 550 enim definitio diuiditur in se: quia de
748 541 1251 590 finitio semper diuiditur in duas partes,
755 579 1257 630 cilicetin genus & differentiam: & vtrunque isto
752 617 1256 659 rum diuiditur in definitione alterius
749 653 1253 705 rei, scilicet subiecti eorum. & hoc est pro¬
756 699 1246 744 prium cuiuslibet definitionis, diui¬
756 741 1259 778 d scilicet in duas partes ad minus. & d. hoc,
753 773 1261 818 quia ista est causa, quare definitiones
751 813 1257 865 compositae perueniunt ad definitiones
754 852 1261 890 vnius rei: sicut accicit in definitioni
756 890 1255 930 bus specierum condiuidentium. scilicet quia
752 936 1254 976 perueniunt ad definitionem vnius rei,
750 974 1253 1022 quae est superius gens scilicet generalissimum,
754 1010 1257 1059 D.d. & secundum hunc modum augmenta¬
755 1044 1257 1084 bile, & diminuibile. i. & hoc modo
752 1084 1261 1122 sunt res diuersae secundum definitionem &
755 1132 1257 1178 vnum secundum subiectum, sicut augmen
755 1162 1253 1210 tabile & diminuibile. Illud enim, quod
751 1212 1251 1256 recipit augmentum & diminutio¬
755 1237 1256 1294 nem, sumitur in definitione augmenti
758 1284 1248 1322 & diminutionis. D.d. & est definitio
752 1324 1255 1363 est vna, &c. i. & ex hoc modo etiam sunt de
761 1359 1253 1411 finitiones superficierum diuersarum, quae
760 1400 1259 1442 conveniunt in definitione supficiei,
760 1443 1256 1491 qua superius geneus est. & d. planarum
758 1484 1257 1523 ad excludendum concauas & conne
758 1516 1254 1568 xas. istae enim supeficies non conueniunt
757 1556 1253 1595 in eadem definitione, sicut linea re¬
763 1597 1261 1635 cta & curua non conueniunt in ea¬
756 1634 1251 1675 dem definitione. & iste est alius mo
761 1676 1259 1714 dus ab eo. secundum quem dicitur vnum secundum for¬
761 1716 1261 1754 mam. D. induxit alium modum ma¬
758 1756 1258 1802 gis famosum, & magis verum, & d. Et
763 1788 1261 1837 dicitur vnum modo simplici, &c. i. & dicitur
767 1836 1267 1866 vnum de eo, quod non diuiditur secundum
