1475 2066
224 156 745 201 definitionem, neque secundum tempus, neque
235 186 737 229 secundum locum, & vniversaliter neques aliquo modo
228 221 730 267 diuisionis. & quod ex istis est substan
237 268 743 307 tia, aut declarabitur quod aliqua substan
229 305 746 360 tia est talis, illud est dignissimum hoc
239 344 739 389 nomine vnum. Et debes scire, quod illud,
233 384 742 438 quod est huiusmodi, est in quantitate tantum,
235 424 747 466 sed, si non habet situm, est principium
237 469 734 514 numerorum. &, si habet, est punctu,
230 502 739 550 & illud, quod est tale in vnoquoque
234 541 750 593 genere, est simplex in illo genere. &
239 583 742 626 hoc declarabitur magis post. Dein¬
235 621 749 666 de d. Et dicitur estiam vnum, &c. i. & est dicitur vnum
236 662 743 706 de indiuiduo, quod non diuiditur in
238 701 747 756 partes homogeneas cum toto in de
237 750 748 795 finitione. v. g. quod iste homo demon¬
236 784 746 826 stratus non diuiditur in partes, quarum
238 821 744 872 vnaquaeque est homo. & est hoc commune
242 860 746 914 omnibus corporibus organicis. & hoc
241 900 742 939 intendebat, cum d. quod non habet
239 940 742 990 diuisionem secundum suam speciem, i. quid
238 977 745 1034 non diuiditur in partes, quae sunt suae
236 1021 736 1071 speciei. v. g. quod homo non diuiditu
232 1057 737 1107 in partes, quae sunt homo, nec man¬
230 1096 740 1149 in manus. & hoc est vnum secundum sigu¬
239 1141 745 1178 ram, & compositionem. D.d. & vnum
233 1175 745 1218 animal, &c. i. quod vnum animal non
239 1214 737 1258 diuiditur in multa animalia. D.d.
236 1255 746 1298 & vnum os, &c. i. & os diuiditur in
236 1301 735 1331 ossa. & hoc est vnum per continua
241 1333 737 1382 tionem. i. quoniam vnum secundum continua¬
239 1370 743 1423 tionem diuiditur in partes, quae sunt
238 1412 739 1450 etiam continuae: & similiter etiam vnum in
234 1452 743 1490 numero ex corporibus consimilium
232 1489 738 1538 partium, econtrario de vno secundum to¬
239 1526 739 1580 tum, sicut est dispositio in corpori¬
241 1567 732 1619 bus organicis. D.d. & multa dicun¬
243 1605 747 1651 tur vnum, &c. i. & illa, quae sunt vnum
234 1644 741 1696 secundum naturam, sunt illa, quae recipiunt
244 1684 735 1731 vnum idem. v. g. omnia, quae reci¬
236 1725 742 1773 piunt malleationes: dicitur enim, quod
240 1761 737 1803 materia eorum est vna, aut illa, quae
243 1800 732 1850 patiantur ab eodem eadem passio
233 1838 747 1882 ne. v. g. quae liquescunt per calorem:
777 147 1304 192 dicuntur etiam habere vnam mate,
776 189 1288 234 riam. & etiam illa, quae transmutan
777 232 1278 282 tur vna transmutatione. v. g. quae li
781 264 1275 314 quefiunt aut humefiunt. & vniversaliter qua
781 309 1278 346 transmutantur inuicem, dicuntur ha
774 347 1274 386 bere vnam materiam. & similiter i
777 386 1283 427 la, quae attribuuntur vni subiecto,
778 424 1274 477 v. gr. linea & cuprea, & aquosa, & a
773 463 1283 507 rea. Deinde d. Et illa, quae dicuntur
776 507 1281 547 vnum, &c. i. & illa, quae dicuntur vnum
775 548 1285 586 modo priori, sunt quae dicuntur v¬
780 588 1286 626 num per continuationem, & vnum
780 621 1285 672 per formam, & vnum secundum to
776 662 1287 717 tum & completum. & illa, quorum
782 700 1286 746 formae sunt vnum, sunt cum hoc se
784 743 1290 786 parata in loco, in tempore. & in hoc
781 785 1273 832 differunt a consimilibus in partibus
780 821 1293 875 quorum totum & pars vnum sunt
776 861 1286 906 in definitione, & forma. Deinde d.
773 901 1287 939 ratiocinando: dicimus enim, &c. i. &
776 941 1280 992 signum huius, quod vnum dicitur de con¬
772 981 1289 1030 tinuo, & forma, & de illo, quod est
774 1021 1277 1067 totum. scilicet non diminutum, est, quia
779 1061 1283 1098 multitudo dicitur de rebus discretis
774 1096 1283 1139 diuersis secundum formam: & non dicitur,
776 1139 1279 1178 vnum de illo, a quo diminuitur ali
776 1179 1282 1225 quid ex eis, per quae est totum & con¬
773 1215 1283 1268 pletum, verbi gratia ab illo, de quo
774 1261 1275 1305 non diminuitur aliquod mebrum
780 1293 1281 1347 Deinde d. illud igitur, quod non est
775 1334 1280 1371 totum, &c. i. & differentia inter vnum
777 1372 1281 1411 secundum continuitatem, & vnum secundum to¬
777 1413 1281 1450 tum & perfectionem non dicitur,
783 1453 1281 1502 esse vnum per continuationem par
772 1485 1282 1530 tium, sed per suam formam. nihil
775 1522 1275 1575 enim diminuitur ab eo ex eis, qui¬
775 1565 1275 1619 bus est vnum. v. g. sotular, quod di¬
772 1611 1275 1655 citur vnum per suam formam com¬
772 1645 1281 1690 pletam non per continuationem par
776 1683 1272 1724 tium. & ideo, si ex eo diminuitur ali
774 1725 1272 1762 qua pars, non dicetur vnum. linea autem
773 1760 1281 1802 & corpus dicitur vnum, licet ex eis dimi¬
772 1797 1281 1847 nuatur aliquid. D.d. Et secundum hunc mo
772 1839 1274 1890 dum dicitur, &c. i. & quia vnum secundum totum
