1475 2066
226 156 738 206 igitur cognitionis in vnaquaque, re¬
232 205 731 251 rum est vnum. & non vnum om
240 245 747 306 nibus generibus est idem. in quibul
239 284 740 355 dam enim tonus est vnum, in qui¬
239 338 747 398 busdam vocale est vnum, & i qui
232 389 734 434 busdam est consonans vnum. &
248 432 743 498 vnum grauitatis est aliud, & quod
234 481 730 544 est in motu est aliud. Et in omnibu¬
236 530 732 593 rebus est vnum illud, quod non di¬
235 577 733 638 uiditur, aut secundum quantita¬
240 629 739 679 tem, aut secundum formam eorum,
237 677 741 738 aut quae non diuiduntur. Secundim
226 725 737 785 quantitatem enim illud, quod non
236 773 735 827 diuiditur omnino, neque, habet situm,
237 820 739 882 dicitur vnum: & quod non diuidi
241 869 737 925 tur omnino, & habet situm, dici¬
239 916 739 978 tur pictus: & quod diuiditur vno
238 965 739 1011 modo, est linea: & duobus modis:
239 1013 739 1075 est superficies: & omnibus tribus,
237 1061 737 1122 est corpus. & dicuntur ista econ¬
238 1109 735 1170 uerso. quod autem diuiditur duo¬
237 1156 739 1219 bus modis, est superficies: & quod
242 1205 734 1266 vno modo, est linea: & quod no d.
240 1253 734 1314 uiditur aliquo modo secundum qua¬
238 1301 737 1362 titatem punctus est. & vnum et
245 1349 734 1410 istorum, quod non habet situm, est
246 1397 736 1458 vnum: & quod habet situm, est
242 1445 734 1506 punctus. Et etiam istorum quoddam
243 1493 738 1555 est vnum numero & quoddam
248 1541 738 1602 vnum forma: & quoddam vnum
234 1589 738 1650 secundum aequalitatem, & quod
239 1636 741 1698 dam vnum secundum geneus. Et il
235 1685 734 1742 la, quae sunt vnum numero, sunti
231 1733 728 1794 la, quorum materia est vna. Et il
229 1781 729 1842 la, quae sunt vnum secundum for¬
227 1829 753 1891 mam, sunt illa, quorum totalitas
772 141 1291 211 est vnum. Et quae sunt vnum gene
764 190 1274 251 re, sunt illa, quorum ficura praedi¬
774 231 1282 303 camenti est vna. Et illa, quae sunt
783 287 1281 349 vnum secundum aequalitatem, sunt
769 339 1275 406 quorum proportio est una, sicut pro¬
772 388 1262 443 portio alicuus rei ad aliam rem
767 436 1271 499 Et ista postrema semper consequu¬
769 483 1277 544 tur prima. sicut dicimus, quod om¬
769 532 1279 594 ne, quod est vnum in numero, est
775 579 1285 638 vnum in forma: & quod est vuu
773 629 1277 687 in forma, non est vnum numero ue
770 676 1272 739 re. & omne, quod dicitur vnum se
768 725 1290 786 cundum formam, est vnum gene¬
769 772 1260 834 re: sed non, quod est vnum genere,
769 820 1273 881 est necessario vnum secundum for¬
765 869 1277 930 mam. & non omnia, quae sunt v¬
765 917 1275 978 num secundum aequalitatem, sunt
773 963 1267 1032 vnum secundum geneus. Manife¬
769 1012 1271 1075 stum est igitur, quod Plura dicun¬
764 1061 1271 1122 tur de oppositione vnius. quaedam
770 1113 1262 1170 enim, quia non sunt continua. &
765 1160 1277 1219 quaedam, quia materia eorum adu
771 1204 1271 1266 nata cum forma diuiditur secun¬
769 1252 1276 1314 dum formam. & aliud cum oppo¬
765 1301 1290 1370 sitione, quia definitiones, quae signi
764 1354 1175 1411 ficant essentias, sunt plures,
804 1398 1280 1442 Dicit: Et essentia vnius, &c. i. &
764 1445 1276 1491 definitio vnius est principium nu¬
767 1478 1268 1522 merorum, non numerus. Deinde
772 1517 1270 1562 d prima enim mensura est princi¬
764 1564 1268 1604 pium. i. & vnum est principium nu
769 1596 1257 1647 merorum, quia res non mensuranm
769 1636 1265 1686 tur primo & essentialiter, nisi per pri¬
764 1677 1264 1726 mum, quod est in eis indiuisibile¬
769 1719 1252 1759 ex quo componuntur. oportet igi
766 1758 1269 1794 tur, vt omne mensurans primum sit
759 1793 1272 1842 principium. scilicet in omni genere, in quo
756 1831 1266 1882 inuenitur primum in esse, & in co¬
