1475 2066
189 140 699 202 gnitione. D.d. & illud, quo primo
201 185 702 226 scimus, &c. i. & mensura in omni re
196 222 699 275 est magis manifesta apud nos. quo
204 262 703 306 niam per illam cognoscitur mensu
202 301 699 356 rabile, & propter istud cognoscun¬
202 344 705 386 reliqua in illo genere. Deinde d. Et
202 380 704 438 principium igitur cognitionis, &c.
199 421 701 462 i. & cum vnum est mesurans: & men¬
201 460 705 513 surans est principium cognitionis
196 506 698 538 in omni re: consequitur, vt vnum
198 541 707 591 in omni genere sit principium cogni
200 577 710 631 tionis in illo genere. Deinde dicit:
208 617 698 669 Et non vnum in omni genere est
203 655 701 699 idem, &c. i. & vnum in omnibus ge
204 698 704 747 neribus, per quod cognoscitur vnum
207 741 701 780 quodque geneus, non est eiusdem na¬
206 772 710 819 turae, sed in quolibet genere differt
196 812 691 865 a se in alio. v. g. quod vnum in mu
206 852 706 892 sicis est tonus, & in dictionibus con
198 893 708 932 sonantibus est syllaba consonans, &
196 930 709 971 in vocalibus syllaba vocalis. Et similite
200 967 696 1018 vnum in poderibus est aliquod pots
200 1008 703 1049 dus minimum secundum sensum
208 1048 712 1087 & vnum in motu est motus velocis
206 1086 713 1139 simus. v. g. motus diurnus. Deinde
203 1124 701 1177 d. Et in omnibus est vnum illud, quod
206 1165 703 1202 non diuiditur. i. & vnum vniuersa¬
200 1202 696 1256 liter, quod collocatur in hoc gene
202 1252 712 1290 re, est illud, quod non diuiditur, aut
208 1280 704 1322 secundum quantitatem, aut secundum for
206 1321 710 1363 mam, & qualitatem. Quod igitur om¬
198 1360 702 1402 nino non diuiditur in quantitatem
199 1403 711 1451 neque habet situm, dicitur vnum, quid
202 1439 701 1490 est principium numerorum: & si ha¬
208 1477 699 1529 buerit situm, dicitur punctus. pun¬
208 1515 707 1565 ctus enim habet situm, quia est finis
206 1556 705 1606 & principium lineae. D.d. & quod
208 1597 700 1638 diuiditur vno modo, &c. i. & quod
204 1634 700 1674 habet situm, & non diuiditur nis
204 1678 702 1722 vno modo dicitur linea: & quod di
206 1715 702 1765 uiditur duobus modis scilicet longitudit
206 1751 704 1794 ne & latitudine, dicitur superficies:
196 1792 700 1842 & quod diuiditur tribus modis scilice
192 1829 706 1874 longitudine latitudine & profundi
741 141 1257 194 tate, dicitur corpus, & est vnum secundum tota¬
735 185 1241 227 litatem scilicet perfectum. D.d. & dicunt
738 221 1245 265 ista econuerso, &c. i. & intendit per
737 262 1244 315 hoc istas esse definitiones, quia con
738 301 1231 346 uertuntur. D. incoepit diuidere vnum
734 341 1235 381 alio modo, & d. Et etiam istorum,
738 384 1227 431 &c. Deinde incoepit exponere vnum
736 420 1234 470 quodque istorum & d. Et illa, quae sunt
743 468 1229 498 vnum numero, &c. i. Et vnum nul
734 500 1222 539 mero dicitur de illo, cuius est mate
731 537 1238 586 ria vna. & differentia inter illud, &
733 579 1237 626 vnum, quod est principium nume¬
739 616 1234 657 rorum, est quia hoc vnum est in ma¬iori
736 655 1230 709 teria, & vnum, quod est principitu
734 699 1236 738 numeri, non est in materia. Deinde
736 733 1236 776 d. Et illa, quae sunt vnum secundum formam,
734 774 1233 815 &c. i. plura numero scilicet in materia, qua
732 812 1237 863 sunt vnum secundum formam, sunt illa quo
734 852 1237 898 rum definitio est vna. & ista sunt, qua
738 890 1236 930 sunt vnum secundum vnam speciem, * quae
736 935 1232 980 diuiditur in indiuidua. D.d. Et qui
739 970 1237 1022 sunt vnum genere, &c. i. & illa, quae
740 1006 1241 1050 dicuntur vnum genere, sunt quae
740 1053 1249 1091 collocantur sub vno praedicamento.
742 1088 1240 1135 & hoc intendebat, cum d. quorum
733 1124 1241 1179 sigura praedicamenti est vna. Et di¬
737 1164 1241 1217 xit hoc: quia res, quae sunt vnum secundum
738 1202 1238 1242 formas, quaedam sunt vnum secun¬
740 1245 1241 1282 dum formas speciales, quaedam secundum
732 1282 1242 1331 generales. D.d. Et illa, quae sunt secundum
742 1320 1235 1363 aequalitatem, &c. i. & illa dicuntur
743 1358 1231 1403 vnum, quae sunt vnum secundum propor
738 1404 1246 1449 tionalitatem. sicut dicitur, quod, propor¬
740 1437 1236 1482 tio Hectoris ad ciuitatem, & gubet
732 1479 1243 1514 natoris ad nauem est vna. Deinde
739 1516 1240 1567 d. Et ista postrema semper consequum
741 1557 1240 1595 tur prima. Et intendit per prima ma
738 1593 1242 1647 gis vniuersalia: & per postrema ma
736 1633 1241 1683 gis particularia. D.d. Isicut dicimus,
741 1665 1231 1714 &c. i. quod omne, quod est vnum nume
730 1711 1235 1754 ro, de necessitate erit cum eo, a quo
729 1750 1239 1804 differt in numero, vnum etiam in specie
730 1791 1234 1844 v.g. quia Soc. est vnum numero, con¬
728 1836 1240 1874 tingit vt ipse sit cum Platone vnum in
