1475 2066
200 157 704 210 susceptiuo sint. ac etiam quae plu
208 198 711 250 rimum differunt, cum eorum sint,
212 245 714 290 qua sub eadem potentia sunt. &
212 283 716 342 quorum differentia maxima, aut
215 331 707 370 simpliciter, aut secundum genus, aut se
214 371 709 410 cundum speciem. Caetera vero con¬
214 410 705 458 traria dicuntur, quaedam, eo quod ta
217 452 713 498 lia habent: quaedam, eo quod susceptiua
208 495 714 538 talium sunt: quaedam, eo quod actiua aut
215 535 701 585 passiua talium sunt, aut agentia
213 580 708 627 aut patientia, aut abiectiones,
208 629 711 666 aut sumptiones, aut habitus, aut
210 662 708 711 priuationes sunt horum, ac ta¬
212 711 712 746 lium. Cum autem vnum et ens
216 747 697 794 multipliciter dicatur, necesse est
212 796 704 842 vt caetera quoque, quaecunque se:
210 830 702 883 cundum haec dicuntur, sequan
208 876 706 923 tur. quare & idem, & diuersum,
214 912 704 963 et contrarium vt secundum vnunm¬
208 965 712 1009 quodque praedicamentum diuer
215 997 705 1042 sum sit. Diuersa vero specie di¬
204 1041 713 1083 cuntur, quaecunque, cum eiusdem
211 1085 705 1130 sint generis, non sunt subalter.
210 1132 714 1170 na. & quaecunque, cum in eodem
208 1162 701 1218 genere sint, differentiam habent
206 1207 710 1265 & quaecunque in substantia con¬
213 1257 704 1298 trarietatem habent. Contraria
212 1293 700 1338 quoque diuersa specie inuicem
200 1336 706 1378 sunt, aut omnia: aut quae pri¬
208 1383 709 1434 mo dicuntur, & quorum in vl¬
209 1424 709 1466 tima generis specie rationes di¬
208 1461 708 1506 uersae. vt homo & equus indi¬
213 1504 713 1546 uidua genere, rationes vero eo¬
202 1557 700 1599 rum diuersae. & quaecunque,
202 1589 699 1636 cum in eadem substantia sint
210 1629 710 1674 differentiam habent. Fadem ve¬
211 1674 710 1722 ro specie sunt, quaecunque his,
205 1716 522 1766 opposite dicuntur,
224 1758 692 1807 De Priori & Posteriori. Cap. 22
240 1797 708 1858 vniversaliora, & posteriora dicuntur,
215 1843 711 1898 vno quidem modo tanquam
745 157 1248 202 aliquo primo & principio in quo
745 200 1239 248 que genere existente, quod propin¬
744 245 1236 297 quius est principio cuidam de¬
744 285 1240 339 terminato, aut simpliciter et natu¬
737 325 1245 378 ra, aut ad aliquid, aut vbi, aut ab
742 372 1240 426 aliquibus. Vt puta quaedam secundum
736 410 1242 466 locum, eo quod propinquiora sunt,
740 461 1241 503 alicui loco natura determinato,
736 494 1245 539 medio videlicet, aut vltimo, aut
737 536 1239 578 ad quoduis. Quod vero remo¬
740 589 1246 634 tius, est posterius. Quaedam secundum
738 626 1232 677 tempus, aliqua enim eo quod remotio
745 662 1243 706 ra a nunc sunt: vt de eis, que fa¬
736 705 1229 746 cta sunt, quae enim in Troia fuerunt
738 746 1238 794 priora sunt his, quae apudMediam,
740 788 1234 842 facta sunt, quoniam remotius a nunc
736 828 1234 874 distant, aliqua vero, eo quod pro¬
746 871 1238 919 pinquiora ipsi nunc sunt: vt de¬
739 915 1236 962 futuris. prius enim festum, quod
742 956 1247 1007 apud Nemeam futurum est, quam
737 996 1238 1055 quod apud Delphos, quoniam propin¬
740 1045 1228 1084 quius ipsi nunc est: vt principio
739 1085 1238 1138 et primo ipso nunc: osito. Quae
743 1128 1239 1170 dam secundum motum. quod enim propin¬
743 1168 1245 1218 quius primo mouente est, prius
740 1207 1235 1258 est: vt puer viro. etenim quod
742 1253 1246 1291 dam & hoc simpliciter principium
741 1290 1245 1344 est. Quaedam secundum potentiam. quod
742 1336 1243 1378 enim excellit potentia, & fortius
739 1377 1237 1419 est, prius est. tale vero est: cuius
742 1421 1247 1474 electionem, vt alterum, & quod
737 1461 1244 1514 posterius est, sequatur necesse
744 1504 1238 1554 est, ita vt non mouente illo, non
738 1557 1246 1598 moueatur, & mouente mouea¬
742 1586 1246 1634 tur. electio enim principium est.
743 1637 1241 1674 Quaedam secundum ordinem. haec ve¬
742 1676 1250 1722 ro sunt, quaecunque ab aliquo
740 1717 1242 1766 vno determinato proportiona¬
742 1757 1253 1802 liter distant. vt in tripudijis qui
743 1796 1244 1850 secundum locum obtinet, prior est eo, quo
744 1837 1242 1899 tertium tenet, et paranete, quam netel
