1475 2066
173 157 690 218 omnia illa principia, quae diximus
184 202 686 251 aut super quaedam in vnoquoque entium
234 252 703 310 Quo vero pacto horum quis
188 301 699 346 que dixerit, & quomodo de principiis
184 347 694 386 se res habet, dubitationes, quae con
195 384 697 434 tingere possunt de his ipsis, de¬
187 431 531 475 inceps percurramus.
283 493 616 531 SVMMA 22222A
179 525 688 570 Antiquorum de reium causis, ac principii
297 558 580 603 opiniones confut antur,
186 605 691 650 Aduersus eos, qui principium vnum omnium,
226 646 663 699 idque corporeum statuecbant: Aduer¬
259 687 621 740 susque etiam eos, qui plura prin¬
305 732 573 778 cipia, & corporea po¬
338 771 542 818 nebant. Cap. 2
362 821 699 874 Vicunque igitur vniuer¬
354 860 694 915 sum vnum, & vnam
355 902 695 949 quandam esse natu¬
310 937 697 995 allram, vt materiam po
183 988 695 1034 nunt, & hanc corpoream, & ma
190 1037 688 1084 gnitudinem habentem, patet quod
181 1070 695 1122 multipliciter errant. Corporum
193 1113 690 1171 enim elementa solum ponunt, in
186 1154 692 1202 corporeorum vero minime, cum
186 1197 693 1251 est incorporea sint. Cumque de ge
188 1244 698 1282 neratione & corruptione causas
191 1286 696 1322 dicere conarentur, & de natura
173 1323 699 1363 omnium rationes reddere, motus
184 1365 693 1410 causam perimunt. Item substan
184 1404 688 1448 tiam nullius causam ponendo
184 1445 498 1498 nec ipsum quid est.
240 1487 688 1551 Quomodo autem locutus fui.
189 1533 693 1599 vnusquisque, eorum in eis, & quomo
183 1585 691 1649 do dubitandum est per dubitatio¬
186 1632 694 1683 nes pos sibiles in principiis, intendem
182 1682 693 1747 dum est post. Et omnes ponentes
184 1742 688 1795 toti eandem naturam quasi mate
182 1781 687 1842 riam, & ponentes eam corporale
175 1829 687 1891 habentem magnitudinem manif¬
729 157 1229 218 stum est quod errant modis erro¬
731 204 1240 273 ris. Quia non posuerunt nisi eleme¬
733 268 1237 314 ta corporum tantum, non corporum
724 303 1237 370 autem non. Et voluerunt loqui de
725 356 1233 417 causis generationis & corruptio¬
720 405 1228 458 nis, & locuti fuerunt etia de aliis
727 453 1228 515 rebus naturalibus, sed abstulerunt
726 500 1232 563 causam motus. Et etiam non posse
720 548 1234 610 runt substantiae cam omnino, neque, fue
726 596 1175 658 runt locuti de quiditate illius.
763 669 1220 723 Opiniones autem istorum de prin¬
724 716 1215 759 cipiis iam dictae sunt. quo modo au
724 749 1220 800 tem posuit vnusquisque eorum prin
726 787 1206 838 cipium illud, quod posuit, & ratio
726 829 1219 872 quae induxit illum ad illud, & quae¬
724 861 1225 917 stiones contingentes eis, dicendum
724 903 1218 955 est post D. incoepit dicere quaestio
723 948 1221 997 nes contingentes eis, & post eas, qua
729 989 1216 1030 primo dixit, & d. Et omnes ponen
728 1021 1216 1072 tes, &c. i. & manifestum est, quod anti
728 1061 1224 1104 qui, quid posuerunt toti eandem na¬
726 1099 1232 1138 turam, quasi materiam, & fecerunt
726 1136 1222 1188 eam corporalem aut ignem, aut ac
727 1180 1227 1225 rem, aut aquam, errant modis erro¬
730 1213 1228 1263 ris. Errant enim primo, quia posue
728 1260 1224 1303 runt primum elementum corpus
730 1290 1237 1330 & non posuerunt ipsum substantiam.
731 1339 1229 1370 non corpoream. corpus vero videtu
729 1369 1237 1419 esse compositum: & ideo contingit ei
730 1404 1234 1459 generatio & corruptio. & primum
727 1445 1233 1498 elementum non debet dici genera¬
728 1491 1237 1529 ri, neque corrumpi. contingeret enim
720 1524 1240 1568 elementum habere elementum, &
720 1560 1237 1599 sic in infinitum. D. dedit diminutio¬
725 1605 1231 1653 nem contingentem eis ex hoc, quod po¬
724 1638 1231 1690 suerunt primum principium corpus, &
725 1680 1239 1722 d. Et voluerunt loqui, &c. i. & volue
727 1716 1235 1769 runt loqui ex hac positione de cau¬
717 1757 1241 1810 sis generationis & corruptionis, &
726 1796 1233 1848 non potuerunt: quia vera generatio
722 1834 1237 1890 & corruptio non inueniuntur nisi in
