1475 2066
235 196 745 238 corruptibilibus. sed cum hoc potue
246 228 742 282 runt loqui in aliis praeter generationem. &
248 268 748 313 quasi laudat eos ex hoc modo, quod non
249 304 749 355 possunt facere illi, qui posuerunt prin¬
242 345 746 386 cipium rerum naturalium mathema
244 383 738 426 tica. D.d. sed abstulerunt causam motus
240 421 746 473 i. sed cum hoc quod qui posuerunt cau
247 461 739 505 sam materialem, & concesserunt mo
249 503 743 546 tum, dimiserunt causam mouentem ma
248 548 744 579 teriam, cum materia non moueatur
255 581 744 631 per se & cum hoc quod dimiserunt cau
252 618 738 668 sam agentem, dimiserunt etiam causam
252 655 742 704 substantiarum singularium, pr quam
256 693 748 739 sunt substantiae in actu, & existentes
234 732 649 786 per se: & est causa formalis.
301 789 754 834 Et ad haec facile simplicium con
256 836 752 883 porum quodcunque principium
256 870 753 923 esse, terra excepta: non consyde
252 910 745 962 rantes mutuam inter ea genera
258 955 757 994 tionem, quonam modo ponunt.
262 997 751 1051 dico autem ignem, terram, aquam, et
252 1037 755 1088 aerem. quaedam enim congregatio¬
261 1077 753 1133 ne, quaedam vero disgregatione
256 1118 761 1162 inuicem fiunt. hoc vero vt prius &
252 1157 719 1210 posterius sit, multum differt.
307 1198 756 1261 Et cum hoc dicunt facile, quod
256 1245 752 1310 corpora simplicia sunt principium.
260 1297 757 1354 quia non fuerunt sustentati apud
256 1341 758 1407 persrutationem eorum de genera
255 1405 751 1451 tione eorum ex inuice, praeter ter¬
254 1442 754 1506 ram scilicet ignis, & aqua, & aer, nisi
261 1485 756 1553 super hoc, quod quaedam generan¬
254 1532 753 1604 tur a quibusdam secudum congre¬
260 1587 747 1653 gationem, aut secundum segrega
257 1634 756 1694 tionem. & ista fuit dispositio eo¬
254 1685 760 1742 rum in principio, in postremo aut
261 1733 736 1793 diuersantur magna diuersitate.
301 1773 761 1832 Et omnes Antiqui dicunt, quod facile es¬
264 1818 761 1870 set quod elementum sit vnum istorum trium,
264 1861 762 1914 scilicetaeris, & ignis, & aquae, praeter terram.
772 182 1312 234 cum per hoc quod sustentati sunt in hoc. N
772 226 1275 266 quod diximus, vnusquisque: eorum dicat
774 264 1279 316 esse elementum super vnam viam. Et causa
770 309 1272 357 in hoc est, quia iuerunt per viam communem,
781 341 1275 393 ua non significat hoc esse elementum
769 379 1269 435 magis qua hoc. & vnusquisque eorum di
773 428 1273 471 cit hoc esse elementum, quia alia ge¬
772 461 1266 516 nerantur ex eo, aut secundum congregationem,
775 493 1269 554 aut secundum segregationem scilicet densitatem,
774 536 1266 585 & raritatem, quae accidunt eis propter par¬
773 575 1276 625 tes, ex quibus componuntur. Qui enim
774 613 1272 658 dixit, quod elementum est ignis: inten
775 649 1276 705 debat quod caetera generantur ex eo secundum
779 685 1275 744 spissitudinem. singebat enim quod quando
778 727 1278 782 ignis inspissatur, sit aer: & cum aer
782 767 1272 815 inspissatur, sit aqua. Qui autem posuit
782 805 1283 850 aerem esse elementum, intendebat
782 843 1289 886 duos modos scilicet cum aer raresit, fit
786 885 1243 931 ignis: & cum inspissatur sit aqua¬
784 924 1285 973 Qui autem dixit, quod elementum est aqua,
787 960 1289 1002 intendebat quod cum inspissatur, fit ter¬
784 998 1292 1042 ra: & cum rarefit, sfit aer. & nullus di
787 1040 1280 1087 xit quod terra est elementum. Et bene
782 1077 1288 1124 potuit dicere secundum hunc modum. &
780 1125 1287 1163 intendebat quod ponere generationem
784 1153 1278 1194 esse secundum hunc modum facit vnum¬
784 1196 1280 1237 quodque eorum esse elementum alio¬
785 1233 1291 1274 rum. Et per hoc, quod dixit: in postremo
786 1270 1284 1314 autem diuersantur, intendit contradi¬
784 1317 1282 1354 cere eis, vt vtur, in hoc, quod ponunt mo
782 1347 1286 1390 dum diuersitatis inter elementum
788 1388 1284 1439 & elementatum secundum spissitudinem &
787 1428 1285 1467 raritatem. quoniam, si concessum fuerit
781 1470 1283 1518 hoc in quatuor primis corporibus
785 1503 1284 1549 forte erit modus, qui poterit dici. sed
793 1544 1289 1585 cum quaesitum fuerit ab eis de diuer¬
785 1581 1297 1626 sitate, quae sit in postremo inter en¬
791 1621 1293 1671 tia, & ista corpora simplicia, non po¬
790 1660 1287 1713 terit aliquis dare causam eius per densitatem
793 1701 1294 1751 & raritatem. Nes. enim quae vnt genera¬
793 1740 1289 1778 ri ex quatuor elementis, differunt ma
794 1774 1284 1818 xime ab elementis, & differunt in¬
795 1813 1291 1857 ter se adinuicem maxime, adeo quod num¬
791 1858 1297 1906 lus potest dicere quod hoc accidit propter rari
