1475 2066
238 149 759 200 Dicitur autem multitudo qui
251 191 756 234 dem, quae potentia diuisibilis est
256 232 759 274 in non continua: magnitudo ve
245 276 761 315 ro, quae in continua. Magnitudi
244 323 753 362 nis autem, quae quidem ad vnum
248 364 759 403 continua est, longitudo: quae ve
250 399 749 442 ro ad duo, latitudo: quae autem ac
250 440 746 490 tria profunditas est. Horum au
257 481 755 530 tem multitudo quidem finita nu¬
253 525 749 578 merus, longitudo vero linea, la¬
256 568 753 610 titudo autem supficies, profun¬
252 613 753 650 ditas vero corpus est. Item alia
254 653 745 702 per se quanta quaedam dicuntur
259 692 761 746 alia secundum accidens. vt puta
248 736 758 778 linea quidem quantum quiddam
248 774 746 825 per se est: musicum vero secundum ac
250 820 751 869 cidens. Forum vero, quae per se
257 860 754 907 sunt: quaedam secundum substantiam
255 902 761 955 sunt: vt linea quantum quiddam
257 943 761 985 in definitione nanque, quod quid
254 988 761 1032 est dicenti, quantum quiddam in
252 1027 748 1084 est, quadam passiones, & habitus
246 1071 759 1114 huiuscemodi substantiae sunt: vt
250 1124 759 1163 multum & paucum, longum et
254 1153 746 1195 breue, latum & strictum, profun¬
256 1196 755 1242 dum & humile, graue & leue, &c.
254 1245 752 1287 quoqued huiuscemodi. Sunt autem
248 1282 751 1332 magnum etiam & paruum, ma
248 1325 752 1366 ius & minus, tam secundum se, quam ad se
256 1365 755 1419 inuicem dicta quanti per se pas¬
253 1407 751 1451 siones. transferuntur autem & ac
254 1449 748 1490 alia ista nomina. Forum autem
260 1492 754 1543 qua secundum accidens dicuntur quanta, quod
261 1532 761 1586 dam ita dicitur vt praedictum est, quid
255 1575 761 1619 musicum, & album quantum est:
250 1616 754 1667 eo quod illud, cui insunt, quantum
262 1662 757 1707 quid est. Quaedam, vt motus & tem
252 1700 754 1759 pus. & haec enim quanta quaedam &
258 1741 740 1787 continua dicuntur: eo quod illa diuisibi
259 1784 751 1827 lia sunt, quorum haec sunt passio¬
251 1829 755 1882 nes. dico autem non quod mouetur,
793 141 1312 188 sed quo motum est. etenim quoniam il¬
784 188 1301 244 lud quantum est: & motio est quam
783 231 1283 282 ta tempus autem, propter illam.
838 269 1299 330 Dicitur quantitas illud, quod
791 317 1287 378 diuiditur in res, quae sunt in co, quo¬
785 365 1299 431 rum vnumquodque, aut vnum habet
780 418 1298 481 naturam, vt sit aliquid vnum. Et
785 466 1294 530 dicitur multa quatitas illud, quod
789 524 1301 578 numeratur: & magna quantitas
785 564 1295 622 illud, quod mensuratur aliqua me
795 611 1300 666 sura. Et dicitur multam illud, quod
791 660 1297 707 diuiditur secundum numerum in
786 708 1290 771 rebus discretis: magnum aut est in
793 754 1297 819 tud, quod diuiditur in rebus conti¬
780 805 1294 866 nuis. Et magnitudo continua secun¬
788 853 1291 918 dum vnam partem est longitudo,
787 900 1293 954 & secundum duas latitudo, & se
782 949 1288 994 cundum tres est profundum. Et mul
785 995 1291 1052 titudo ex istis rebus finitis est nu¬
782 1044 1286 1106 merus, & longitudo etiam linea,
786 1092 1288 1154 & latitudo in superficie, & pro¬
778 1140 1288 1202 fundum in corpore. Et etiam quan
784 1189 1291 1247 titatu quaedam dicuntur per se, et
784 1236 1289 1301 quaedam per accidens. v. g. linea est
786 1284 1285 1346 quantitas per se, musicus autem per
787 1333 1285 1389 accidens. Et quantitatum, quae di¬
788 1380 1289 1442 cuntur per se, quaedam est substan
787 1428 1292 1490 tia, sicut linea. est enim aliqua quanti
780 1477 1289 1539 tas in definitione, quae significat,
790 1524 1287 1586 quid sit aliqua quantitas, & quae
787 1572 1291 1634 dam sunt passiones, & essentiae ta
780 1621 1288 1682 lis substantiae: sicut multu & pau
784 1669 1289 1730 cum, & longum & breue, & la¬
781 1716 1294 1778 tum & strictum, & profundum
778 1764 1285 1827 & tenue, & leue & graue, &
776 1813 1289 1875 alia similia. Et etiam magnum et
