1475 2066
206 140 721 202 multiplicatur multotiens, & est
224 189 716 250 sicut quod est superius, ad illud
213 237 713 298 quod est magis sup erius. Et quod
212 284 724 346 dam dicitur, sicut calefaciens ac
219 333 708 378 calefactum, & abscindens ad abs
222 381 717 443 scissum, & omne agens ad paties,
222 429 727 491 Et quaedam, sicut mensuratum ad
212 477 724 535 mensuram, & scitum ad scientiam,
212 524 717 579 & sensatum ad sensum. Primum
221 572 716 618 autem relatiuorum dicitur mode
222 620 724 686 numeri, aut illud, quod est modo sim¬
216 669 718 731 plici, aut terminmatur, & per illuo
206 716 720 778 refertur ad illa, aut ad unum. sicut
213 765 721 827 duplum ad vnum, quod est nume¬
223 818 717 866 rus terminmatus, numerus autem mul¬
216 861 722 923 tiplex non est relatiuum ad vnum
218 906 721 970 terminmatum sicut istud. & istuo
219 963 729 1018 terminmatu ex simplicibus est ante
218 1005 714 1066 duplum. multiplex aut superpar¬
218 1058 723 1107 tiens non est terminmatu. totu enim
218 1108 719 1162 & dimidium ad totum dimidim,
215 1149 717 1210 & numerus ad numerum est ter¬
216 1211 720 1258 minatum. totum aut & pars ac
219 1245 721 1306 diminutum in parte non est terminma
206 1293 715 1346 tum, sicut multiplex ad vnum. supe¬
221 1343 725 1406 rius aute ad magis superius modo
224 1389 721 1450 vniuersali non est terminmatum se¬
216 1453 726 1490 cundum numerum: numerus enim
220 1491 720 1547 est aequalis. & ista dicuntur secun
216 1538 716 1594 dum numeru non aequalem. & su
218 1589 716 1658 perius ad magis superius, sicut il¬
208 1633 748 1698 tud ad illud non terminmatu, quia est
226 1684 748 1746 vnu duorum, quod ex eis comprehen
218 1732 748 1794 ditur, aut aequale, aut non aequale.
212 1780 748 1847 omnia igitur ista rolatiua dicun¬
206 1829 748 1891 tur per numeru, & per accidentia
753 139 1280 186 numeri etia. Et dicitur etiam alio.
749 188 1258 250 modo aequale, & simile, & idem.
758 236 1271 300 sunt igitur eadem. omnia enim ista
750 284 1254 338 dicuntur secundum vnum modum,
749 332 1269 394 quia conueniunt in aliquo. Sunt
751 380 1269 442 quaedam igitur eadem, quia substan
751 428 1259 491 tia eorum est vna. Et similia, quo¬
748 477 1254 542 rum qualitas est vna. Et, aequalia,
753 525 1265 588 quorum quantitas est vna. Et vnu
753 573 1259 634 est principium numerorum, & men
755 620 1253 682 sura eorum. omnia igitur ista di¬
746 669 1259 715 cuntur relatiua, sed non eodem mo.
750 716 1280 778 Actiua autem & passiua per po
750 765 1259 818 tentiam actiuam & passiuam, et
749 812 1255 874 actionem potentiarum. sicut cale¬
746 861 1257 922 factiuum ad illud, quod calefacit,
753 917 1261 980 quia potest. etia calefaciens ad il¬
755 956 1267 1015 lud, quod calefacit, & abscindens,
755 1004 1259 1066 ad illud, quod abscinditur. Secun¬
748 1053 1262 1099 dum aut modum numeri non habet
753 1100 1267 1162 actiones, nisi secundum modum dictum¬
755 1148 1259 1211 in aliis. actiones enim, quae non sunt
746 1197 1254 1258 per motum, non habent. Et dicun¬
753 1245 1267 1310 tur velatiua illa, quae sunt se cundum
753 1310 1253 1358 tempus. vt agens ad patiens: &
752 1341 1253 1412 illud, quod aget, ad illud quod pa¬
750 1396 1263 1451 tietur. et sic dicitur pater est pa¬
756 1437 1260 1490 ter filu pater etia: quoddam enim
756 1493 1269 1554 est agens & paties etiam. Et etiam
752 1539 1267 1602 quoddam dicitur de eo, quod caret,
752 1588 1268 1651 potentia. sicut illud, quod. non ha¬
738 1633 1262 1698 bet potentiam. & omnia, quae dicun¬
738 1678 1266 1739 tur similia, sicut non terminmatum.
738 1733 1272 1795 omnia igitur relatiua, quae dicun¬
738 1781 1264 1842 tur mo numeri & potetiae, sunt ve¬
738 1829 1267 1891 latiua, quia essentia eorum dicitur
