1475 2066
210 156 730 209 relatiuum per suam substantiam, ac
218 201 737 247 cidit eis scilicet intellectus, qui est in sua sub¬
222 236 738 286 stantia relatiuus, cum accidit ei quid
218 276 730 314 fuit relatiuum intellecti, accidit in¬
224 316 729 367 tellecto, quod fuit relatiuum: non quia
220 350 731 395 relatio est in substantia intellecti, si
224 393 728 435 cut est in substantia intellectus, sec
222 433 719 475 quia relatio accidit ei. hoc igitur in
218 468 736 514 tendit, cum d. talia esse relatiua. scilicet quia
220 509 726 554 aliud relatiuum per suam substantia
230 556 734 597 praedicatur de illis. Et quasi d. quia re
226 593 730 626 latio est duobus modis scilicet aut relatio
221 629 737 666 in substantia vtriusque relatiui, aut re
222 668 736 706 latio in substantia alterius tantum: & in
219 706 733 746 altero propter istud. Et, cum indu¬
225 747 729 787 xit hos duos modos relationis, incoe¬
220 782 718 832 pit declarare naturam secundi mo
218 821 730 866 di, & d. Intellectus enim significat, &c. i.
221 862 727 906 & intellectus non refertur ad intell
222 908 728 954 gentem, sed ad intellectum, quoniam, si ita
220 941 736 979 esset, tunc intellectus constitueretur,
222 977 720 1032 per intelligentem. sed vt esse econ
226 1020 726 1069 uerso: ex quo consequeretur quod illud
224 1053 730 1106 quod constituitur per aliquid, consti¬
224 1101 726 1139 tuat illud scilicet quia contingit vt cauma con
226 1134 735 1186 stitueretur per causatum. & sic idem esset
220 1173 723 1218 in respectu eiusdem causa & causa¬
221 1214 735 1258 tum insimul. & hoc intendebat, cum
219 1252 729 1298 d. tunc idem dicetur bis, & tunc idem
222 1292 728 1331 erit causa & causatum eiusdem. D.d. &
218 1333 731 1386 similiter si visus, &c. i. v. g. quoniam, si visus fue
224 1363 732 1414 rit relatiuus ad visum, videns non
219 1412 733 1450 est relatiuus ad visum. D.d. & si iste
216 1453 726 1500 sermo, &c. i. & si sermo dicens, quod vi¬
224 1486 736 1530 sus non est relatiuus ad visum, sic vi
219 1527 727 1567 sus erit relatiuus ad aliud, aut ad co¬
223 1567 727 1610 lorem, aut ad aliquid simile. D.d. secundu
223 1604 729 1650 autem hoc idem dicetur bis scilicet si au¬
220 1643 732 1695 tem posuerimus visum esse secundum rela
217 1683 731 1730 tionem ad visum, continget idem esse
222 1725 725 1774 duo opposita secundum causam & causatum
227 1764 725 1802 i. si posuerimus, quod visus non est vi
225 1801 729 1851 sus, nisi per visum, non per rem visam,
221 1838 724 1889 D.d. Et relatiuorum, quae dicuntur per se
757 156 1290 211 &c. i. & relatiuorum, quae dicuntur per se, quae
767 197 1277 247 dam sunt huiusmodi, & quaedam existi¬
766 236 1272 289 mantur collocari ineis, quia geneus con
759 276 1279 328 locatur in eis. v. g. Medicina, quae existit
764 316 1265 355 matur esse huius speciei relatiuorum
765 351 1269 410 quia suum genus est huius specie, scilice
760 390 1275 434 scientia. & existimatur quod illud, cuius ge
758 431 1270 474 nus est relatiuum, est etiam relati¬
770 466 1274 510 uum. Sed ista existimatio accidit secundum
769 510 1272 558 hoc, quod scientia est modi relatiuorum, quae
767 549 1273 594 referuntur adinuicem, propter hoc,
765 585 1269 638 quod conueniunt in eodem, sicut aequa¬
766 625 1278 674 le & simile: aequalia enim sunt relatiuas,
764 664 1276 707 quia conueniunt in eodem. & quia
760 703 1274 755 existimatur quod scientia est huiusmodi, quia
762 743 1265 797 est idem, in quo conueniunt sciens &
765 783 1263 835 scitum, continget vt Medicus sit ex
764 822 1270 865 hoc modo relatiuorum. Et intende
766 862 1268 906 bat per hoc declaratur causam,, propter
764 908 1274 955 quam accidit quod aliquod geneus sit re
765 940 1275 990 latiuum, & sua species non sit relati¬
769 988 1267 1033 ua. & causa in hoc est, quod non est ge¬
756 1017 1275 1060 nus in rei veritate. scientia enim non est
766 1060 1272 1106 genus Medicinae in rei veritate, nisi
759 1093 1269 1138 scientia diceretur secundum relationem ad
763 1136 1269 1178 scientem, & Medicina ad Medicum,
756 1179 1268 1219 tunc enim scientia esset genus Medi
759 1215 1274 1258 cinae, & sciens genus Medici. D.d. Et
761 1253 1273 1305 relatiuorum est, quod dicitur mo¬
763 1293 1261 1343 do accidentali, &c. i. quod quando ho
765 1333 1267 1384 mini accidit vt sit duplum ad aliquid,
760 1373 1271 1413 accidit ei vt sit relatiuum, sicut acci¬
769 1413 1267 1451 dit ei vt sit album. homo enim secun
764 1450 1269 1498 dum quod homo non est duplum,
754 1491 969 1538 neque album.
859 1541 1181 1594 De Perfecto. Cap. 28
853 1588 1260 1639 Erfectum dicitur vno qui
860 1628 1258 1683 dem modo, extra quod non
852 1669 1271 1714 est vllam accipere particu
757 1709 1266 1754 lam. vt puta tempus ipsum, vnius
759 1754 1275 1807 cuiusque perfectum est, extra quod
757 1804 1266 1850 non est vllum accipere tempus,
760 1838 1252 1890 quod pars huius temporis sit.
