1475 2066
209 147 740 202 ctum. D.d. Perfectio igitur est aliquis
230 189 729 237 finis, &c. i. & quia perfectio est finis
234 228 736 280 & finis est perfectus, ideo vtitur transum
230 277 727 318 ptione in rebus, quae sunt valde prauae.
224 308 723 356 & sic dicitur iste destruitur destructione pe
224 346 718 396 fecta, quando venerit ad finem destructio
226 387 726 434 nis. D.d. & ideo dicitur corruptio, &c. i.
225 424 731 477 & hoc modo dicitur corruptio, quae est con¬
219 462 724 517 traria generationi perfecta. transumptio
224 500 720 554 ne, quia vtraque: est finis. D.d. perfectio
227 541 729 595 igitur, & illud, propter quod, &c. i. perfectio
229 580 729 635 igitur alicuius, & illud, propter quod aliquid
220 626 729 670 fit, vtrunque est finis: & ideo dicitur de eis
222 660 723 698 hoc nomenperfectio. D.d. Et qua
226 697 725 748 dicuntur perfecta per se, &c. i. illa igitur,
222 733 725 791 qua dicuntur perfecta per se, sunt a quibus
226 774 727 817 nihil diminuitur in bonitate, & qui
228 814 723 859 bus nihil est nobilius in illo genere
227 853 721 898 sed sunt in summo nobilitatis per
225 893 717 939 se. Et dixit hoc, quia ista sunt perfe¬
220 933 724 981 cta in qualitate, & quantitate primo
227 973 723 1010 & essentialiter. D.d. & quaedam mo
222 1018 728 1050 do vniuersali, &c. i. definitio eorum
228 1049 729 1092 vniuersaliter est talis. perfecta sunt
220 1092 733 1131 illa, quorum nihil inuenitur in eis,
226 1125 725 1178 per quod dicuntur imperfecta in eis
228 1167 721 1215 aut extrinsecum. & ista est disposi¬
235 1206 722 1259 tio primi principi scilicet Dei. Et forte
231 1244 728 1298 intelligit per hoc, quod dixit, & qui
235 1282 718 1333 bus nihil est extra. i. & a quibus ni
226 1324 676 1376 hil diminuitur ex eis, quae sunt
693 1325 733 1362 Et
222 1365 727 1417 hoc potest intelligi per hoc, quod
230 1403 727 1442 dixit, ita quod in eis non est nobilitas
221 1441 734 1496 in vnoquoque generum, i. quando de
225 1492 729 1530 eis non diminuitur nobilitas ex eo,
226 1519 721 1574 quod inuenitur in vnoquoque gene
221 1558 720 1603 rum. D.d. Alij autem modi, &c. i. ali¬
223 1599 728 1650 autem, de quibus hoc nomen perfe¬
226 1637 726 1682 ctio dicitur, dicuntur perfecta, aut
220 1677 724 1730 quia agunt illa, quae sunt perfecta per
224 1717 729 1770 se, aut quia in eis est aliquid istorum
220 1764 730 1803 perfectorum, aut quia assimilantur
229 1800 725 1850 eis, aut quia attribuuntur eis alique
225 1837 513 1882 modo attributionis,
837 149 1181 202 De Termino. Cap. 2.
767 189 1269 242 Nr Erminuns dicitur, quod vlti
863 242 1261 301 mum cuiusque est, extra quod
860 284 1265 337 nihil est accipere primu,
760 334 1269 382 & intra quod omnia primum.
763 373 1257 428 Et quod magnitudinis forma
759 415 1267 459 aut magnitudinem habentis. Et
756 454 1262 507 cuiusque finis. tale vero est, ad quid
759 499 1265 554 motus & actus, & non a quo. quandoquoed
760 541 1263 599 autem ambo, & a quo, & ad quid
760 580 1270 626 Et cuius causa. Et substantia vnius
758 624 1265 682 cuiusque, ac quod quid erat esse
756 669 1268 718 vnicuique. cognitionis enim hoc ter
763 708 1269 763 minus est. quod si cognitionis, rei
765 752 1263 808 quoque est. Quare patet quod quo¬
756 804 1267 842 ties dicitur principium, toties
762 836 1253 885 etiam terminus, & adhuc amplius
765 877 1271 929 principium nanque terminus qui¬
764 924 1273 962 dam: sed non omnis terminus
759 965 968 1016 principium
809 996 1267 1066 Dicitur finis illud, quod est vlti
759 1051 1267 1112 mum vniuscuiusque, verius, & a quo
758 1101 1274 1164 nihil extra inuenitur vt sit primis
765 1149 1273 1208 & quod est primum, & omnes par¬
760 1197 1267 1251 tes eius sunt intra. Et quod est for¬
761 1241 1275 1305 ma magnitudinis, aut habens ma
760 1300 1270 1355 gnitudinem. Et complementum cum
758 1340 1268 1402 iuslibet rei. & sicut illud, ad quod
762 1389 1273 1450 est motus, & non illud, ex quo est,
753 1436 1271 1498 motus. Et forte vtrunque, & illud
759 1485 1273 1546 ex quo, & illud ad quod. Et etiam
756 1533 1264 1594 illud, propter quod. Et substantia
769 1589 1272 1642 vniuscuiusque rerum & etiam
756 1629 1269 1695 quod significat essentiam cuiusli¬
757 1677 1262 1746 bet. haec enim est finis cognitionis.
762 1725 1265 1790 & quod est cognitionis, est etiam
755 1776 1267 1834 rei. Declaratum est igitur, quod se
762 1826 1275 1874 cundum numerum modorum prin¬
