1475 2066
231 148 739 211 cipii dicitur etiam finis, & magis
245 193 744 259 etiam. principium enim est aliquis
244 244 745 312 finis: & hoc in vtroque, non dicitur
246 293 580 349 semper omnibus modis.
285 340 744 379 Idest, finis autem dicitur multis mo¬
247 385 745 434 dis. dicitur enim finis de vltimo magni
244 421 739 473 tudinis. v. g. quod superficies sunt vlti
248 459 743 501 ma corporis, & lineae sunt vltima sa
249 496 738 546 perficierum, & puncta sunt fines li¬
240 535 751 578 nearum. D.d. & a quo nihil extra in
251 574 742 618 uenitur, i. & dicitur primum de illo
247 617 747 658 extra quod nihil est, ita quod sit primum
248 661 748 703 rei collatae in eo. sicut dicimus quod or
241 693 741 744 bis, & omnes partes eius sunt intra ip
246 733 748 771 sum, & quod orbis stellatus est finis con
248 773 744 821 porum, quae sunt intra, quoniam extra ips
248 809 750 850 sum nihil est. & similiter cutis animalis
240 848 751 896 cum partibus animalis. D.d. Et quod
244 884 744 936 est forma, &c. i. & dicitur quod forma
244 932 742 977 est finis eius * quod est finis compo¬
246 964 738 1001 siti ex subiecto & forma. sicut dici¬
245 1002 745 1043 mus, quod forma hominis est finis suae
237 1041 741 1090 materiae, & finis hominis, qui com¬
240 1077 745 1129 ponitur ex materia & forma. D.d.
247 1121 734 1171 Et complementum cuiuslibet rei
241 1159 748 1202 &c. i. & finis etiam dicitur de illo, ad
242 1199 746 1242 quod cum generata peruenerint, ces
244 1239 747 1289 at motus generationis, non illud, a
243 1285 747 1322 quo incoepit iste motus. D.d. & for¬
243 1324 747 1367 ce vtrunque, &c. i. & forte hoc nomen
239 1357 743 1406 finis dicitur de fine, & principio mo
240 1396 737 1447 tus. D.d. Et etiam illud, propter quid
240 1433 743 1488 &c. & dicuntur finis, & causa propter
236 1476 737 1514 quid. complementum enim est finis il
237 1517 741 1554 lius, quod est ante complementum,
238 1555 740 1594 Et dicitur finis etiam de quiditate
238 1589 743 1634 & substantia rei, & de sernione, qui
232 1635 731 1687 significat substantiam vniuscuiusqu
238 1673 732 1725 rei. Definitio enim est finis in cogni¬
240 1708 736 1755 tione, & esse. quod enim est finis in co¬
236 1757 738 1805 gnitione, est finis in esse. & hoc inte
240 1789 742 1841 debat, cum dixit: & quod est cogni¬
232 1828 751 1873 tionis est etiam rei. Deinde d. Decla
776 140 1273 199 ratum est igitur, &c. i. declaratum est
777 185 1277 233 igitur, quod secundum numerum intentionum,
785 214 1278 266 de quibus dicitur principium, dicit
780 264 1275 315 etiam hoc nomen finis principium
773 304 1277 354 enim est aliquis finis. & cum hoc di
774 344 1281 394 citur modo vniuersaliori eo, quod
776 389 1281 425 dicitur principium. D.d. & hoc in
784 424 1281 466 vtroque, &c. & intendit, vt mihi vide
783 468 1283 513 tur, quod vtrunque istorum nominum
775 508 1281 554 non significat communiter omnes
778 537 1289 580 intentiones, de quibus dicitur, sed
776 579 1124 618 secundum mutationem,
820 637 1243 691 De Secundum quod. Cap. 28
789 685 1279 738 VEcundum quod multipliciter dicitur.
856 732 1284 770 Vno modo, forma & substan
778 757 1285 818 N tia cuiusque rei, vt secundum quod
777 813 1277 858 bonus, ipsum bonu. Alio, in quo
780 859 1284 910 primo fieri aptum est: vt color in
774 893 1275 947 superficie. Quod igitur primo
774 937 1285 979 dictum est secundum quod ipsa forma
774 980 1279 1034 est. secundo vero tanquam cuiusque
777 1021 1279 1074 materia, & primum cuiusque sub
773 1062 1278 1114 iectum. Et omnino ipsum secundum quid
773 1112 1278 1157 toties dictum erit, quoties dici¬
780 1148 1275 1203 tur causa, secundum quod enim venit,
774 1190 1284 1235 aut qua causa venit dicitur. &
773 1233 1281 1289 secundum quod paralogisatum, siue
775 1276 1289 1333 syllogixatum est, & quae syllo¬
780 1316 1284 1365 gismi, siue paralogismi causa est.
777 1364 1283 1402 ltem secundum quod dicitur, quod se¬
775 1401 1280 1452 cundum positionem est. secundum quod
772 1445 1284 1490 stetit, aut secundum quod vadit.
776 1484 1280 1530 etenim haec omnia positionem
772 1529 1272 1583 & locum significant. Quare &
775 1573 1267 1618 secundum se multipliciter vt dicatur ne
772 1612 1267 1658 cesse est. Vno nanque modo se
777 1665 1281 1698 cundum se est quod erat esse cui¬
776 1700 1283 1755 libet. vt Callias, & quod quid
777 1741 1287 1794 erat esse Calliam. Alio vero, quae
772 1783 1281 1839 cunque in eo quod quid est insunt.
774 1829 1284 1882 vt puta Callias secundum se animal est.
