1475 2066
205 148 708 194 & ideo dixit. Oceasiones enim ma¬
212 189 714 234 xime, &c. idest, & ideo dicitur illud,
223 237 708 274 quod accidit ex occasionibus max
220 268 715 316 mis contristabilibus, & illud, quod
216 306 716 346 accidit delectabilibus maximis in
213 343 537 395 maiori parte passiones,
268 396 679 448 De Priuatione. Cap. 2
308 437 714 486 Fiuatio dicitur vno modo,
242 441 713 545 †A si non habeat aliquid eorum,
315 527 715 574 quae apta sunt haberi, etiam
212 562 708 619 si ipsum non sit natura aptum ha
216 605 703 650 bere. vt planta dicitur oculis pri
216 648 705 690 uari. Alio modo, si cum aut ipsum
216 699 707 744 aut genus eius aptum habere sit
219 741 709 786 non habeat. vt puta aliter caecus
216 771 707 818 homo visu priuatur, & aliter tal¬
212 817 710 866 pa: haec quidem secundum genus, ille ve¬
217 862 717 908 ro secundum se. Item si cum aptum sit, &
220 901 710 954 quando sit aptum habere, non habeat
212 943 712 986 caecitas nanque priuatio quaedam
214 989 712 1026 est. caecus autem non secundum omnem aet a¬
208 1037 706 1074 tem, sed si, in qua aptus est habe
205 1069 702 1122 re, non habet. Simliter si in quo, &
211 1115 711 1160 secundum quod, & ad quod, &
211 1157 707 1202 quemadmodum natura aptus sit.
210 1204 704 1235 non habeat. ltem violenta cu¬
210 1237 711 1282 iusque ablatio priuatio dicitur. Et
215 1276 715 1328 quoties negationes ab lN, vel si¬
205 1323 706 1378 mili negatione incipientes dicun
207 1363 705 1414 tur, toties etiam priuationes dicentu,
209 1404 705 1459 Inaequale nanque dicitur, eo quod non
208 1447 712 1490 habeat aequalitatem, aptum existens
205 1493 704 1539 habere. inuisibile vero eo quod non
205 1532 713 1582 habeat omnino colorem, & quod
212 1580 707 1626 exigue. & impes, eo quod & non
205 1613 710 1674 habeat omnino pedes, & quod
207 1657 712 1708 debiles. Item cum parum quid
209 1695 699 1746 habeat. vt cum dicimus exos¬
205 1739 708 1795 sem, hoc autem est: eo quod exile
205 1783 707 1830 quiddam habet. Item, cum non fa¬
206 1828 704 1875 cile, aut non bene. vt insecabile¬
745 149 1253 202 non solum eo quod non secetur, sed
744 188 1245 243 etiam eo quod non facile, nec bene.
744 231 1247 274 ltem, cum omnino non habeat.
745 277 1245 321 caecus nanque dicitur non qui vno¬
741 316 1251 371 culus est, sed qui vtriusque oculi¬
745 357 1237 403 visu caret. Quare non omnis, bonus
744 400 1246 442 vel malus, aut iustus vel iniu¬
742 443 1189 490 stus, sed etiam intermedium est.
784 525 1247 578 priuatio dicitur vno modo, cum
742 572 1245 635 aliquid non habuerit illud, in cuius
732 620 1238 683 natura est esse in aliquo, licet ip¬
742 668 1246 723 sum non habeat illam naturam.
746 717 1244 778 v.g. quoniam dicitur, quod plantae
744 765 1248 822 carent sensu. Et alio modo, cu non
740 812 1248 874 habuerit illud, quod debet habere
743 861 1242 918 per sua natura. vt homo caecus. mo
744 908 1242 954 dus enim carendi visu in hoie aliud
744 956 1245 1018 est a modo carendi visu in talpa.
743 1005 1237 1074 haec enim est priuatio secundum ge¬
732 1053 1246 1115 nus, hoc aut per se. Et etiam, cum
735 1100 1251 1162 hoc fuerit in sua natura, & in tem
742 1149 1248 1203 pore in quo debet habere, aut non
732 1197 1246 1259 habere. caecitas enim est aliqua pri
732 1244 1243 1298 uatio. caecus enim non est in omni,
738 1293 1238 1345 sed in tempore, in quo debet habere
746 1340 1240 1403 visum. Et similiter si fuerit per
739 1388 1248 1450 se, aut refertur ad aliquid. Et etiam
744 1435 1245 1498 abstractio, quae sit violente in vna
740 1485 1250 1546 quaque, reru, dicitur priuatio. Secun¬
743 1533 1235 1594 dum igitur numerum modorum
741 1581 1242 1642 qui fuerint per negationem, eris
736 1629 1248 1686 numerus modorum priuationis et.
743 1677 1249 1735 Dicitur enim non aequale illud, in
738 1725 1250 1771 cuius natura non est. & dicitur
743 1773 1257 1834 non visibile, quod non habet colore,
737 1821 1248 1874 omnino. & dicitur non habens
