1475 2066
188 140 702 194 rotum dicitur illud, a quo non
192 189 698 252 diminuitur aliqua pars eorum, quo¬
198 241 708 290 rum dicitur totum. Et dicitur totim
198 290 698 339 naturaliter continens ad conten
203 337 701 386 tum, ita quod contenta sunt vnium
202 384 699 442 & hoc duobus modis, aut sicut v¬
193 433 707 498 naquaeque, rerum est unum, aut sicut
212 485 700 542 vnum istorum. totum enim, & il¬
199 532 705 594 lud, quod dicitur vniuersale, est
204 588 704 642 vniuersale, sicut aliqua, quae conti
191 628 699 691 nent plura, & praedicatur de par¬
201 677 697 722 ticuiaribus, & erunt omnia vnum
200 736 692 791 sicut pars. sicut in homine, & equo
202 773 700 837 ambo enim sunt animlal. Continui
194 821 689 883 etiam, & infinitum est, cum fue¬
201 873 689 935 rit aliquod vnum ex pluribus ext
200 926 698 970 stentibus in eo, maxime in poten¬
203 969 695 1026 tia, & si non aliquo actu etiam. &
196 1021 708 1082 plura istorum, quae sunt talia natu
196 1068 696 1130 raliter, aut artificialiter, sicut di¬
196 1117 703 1184 ximus de vno. & vnitas e aliqua
205 1172 699 1227 vniuersalitas quantitatis. Et, cum
192 1212 697 1266 habeat initium, & medium, &
202 1268 703 1314 vltimum, omnia, in quoru situ non
199 1313 689 1362 est diuersitas, dicuntur omnia: &
201 1365 705 1426 omnia i quorum situ est diuersitas
189 1412 699 1470 dicuntur totum: & omnia, in qui¬
191 1461 689 1524 bus est possibilis vtraque, dispositio
200 1514 703 1576 dicitur omne, et totum. Ista igitur
193 1556 702 1626 sunt omnia, quorum natura in suc¬
196 1607 705 1674 dispositione immutatione, in for¬
200 1660 703 1723 ma autem non. sicut cera & pix,
193 1708 701 1764 quae dicuntur totum & vniuer¬
194 1756 704 1818 sum, quia habent vtranque dispo¬
201 1809 703 1866 sitionem. Aqua autem, & vnu¬
192 1857 703 1915 quodque humidorum, & numerus
735 138 1246 202 dicuntur omne: & non dicitur es¬
730 205 1251 255 se totus numerus, & tota aqua, ni
741 244 1243 292 si transumptiue. Et dicuntur om¬
732 289 1246 346 ne illa, de quibus dicitur omne, si¬
732 337 1224 401 cut congregatum dicitur de vno
734 386 1243 450 sicut dicitur in discretis collectio
737 437 1249 490 istorum modorum & omnes i¬
736 485 944 531 stae vnitates,
775 533 1235 578 Idest Totum dicitur multis mo
740 574 1241 627 dis, quorum vnus est illud, a quo non
738 616 1234 661 diminuitur aliqua pars, in quarum
732 653 1232 703 respectu dicitur totum. totum enim
736 694 1237 730 est totum partium. Deinde d. Et
738 733 1240 770 dicitur totum naturaliter, &c. i. & di¬
733 773 1232 810 citur totum naturaliter & primum
732 813 1244 850 cum continens & contentum in eo
732 853 1230 892 est vnum. Deinde d. & hoc duobe
728 889 1241 941 modis, i. & hoc vniuersale, quod est
736 933 1244 971 continens dicitur duobus modis:.
738 970 1243 1017 quorum vnus est, sicut dicimus in
736 1012 1242 1058 vnaquaque rerum demonstratarum,
734 1050 1241 1098 quod est totum, quando ab ea non
736 1096 1239 1130 diminuitur aliqua pars suarum par
736 1130 1234 1178 tium. Secundum autem dicitur per
734 1165 1233 1210 similitudinem, & est vniuersale. &
732 1205 1240 1242 hoc intendebat, cum d. aut sicut vnum
734 1244 1238 1290 istorum, i, aut illud, de quo dicitur
734 1285 1232 1323 hoc nomen secundum similitudinem. De
737 1324 1232 1376 inde incoepit declarare modum si¬
739 1365 1247 1403 militudinis inter vniuersale & totum
733 1403 1245 1453 & d. totum enim, & illud, quod dici¬
734 1444 1237 1483 tur vniuersale, &c. i. totum enim &
732 1480 1239 1531 vniuersale sunt similia, ex eo quod vni
734 1532 1243 1570 uersale continet particularia, quem
732 1572 1242 1611 admodum totum continet partes,
732 1603 1239 1653 Deinde dicit: & praedicatur de par¬
734 1645 1233 1682 ticularibus, idest, & assimilatur tori
738 1685 1241 1730 quia praedicatur de particularibus,
736 1732 1242 1765 & facit ea vnum modo simili vni
728 1772 1244 1818 particulari, scilicet, quod totum facit
734 1805 1239 1858 partes adunatas. vt homo, & equus,
740 1845 1185 1898 qui sunt vnum in animalitate.
