1475 2066
187 148 699 203 continua. harmonia nanque & ex
192 192 704 250 partibus dissimilaribus est: & po
193 237 707 283 sitionem habet, mutila aut non
198 277 705 330 sit. Et ad haec nec illa, quae tota
198 325 700 378 sunt cuiuscunque particulae priua
197 372 698 418 tione, mutila sunt. non enim opor¬
199 413 700 458 ten, nec quae principales ipsius
199 448 698 498 substantiae, nec vbicunque existen¬
200 488 700 536 tes. vt si perforetur calix, non mn
196 533 697 587 tilus, sed si ansa, aut extremum al¬
192 574 693 626 quod homo quoque, non si carnem,
196 620 707 659 aut spienem, sed si extremitatem:
198 665 699 715 & hanc non omne, sed quae to
201 701 703 745 ta ablata, non habeat generatio
187 748 664 802 nem, quare calui, non mutili.
248 803 702 866 Et quantum dicitur diminuti¬
205 853 703 910 membrum, & non quolibet modo,
199 900 698 963 sed oportet vt illud sit aliquid non
204 948 697 1011 distinguibile. Et dicere duo, quan
202 996 701 1051 do ab eis diminuitur vnum, non d¬
202 1044 708 1106 citur diminutum membrum. quo¬
204 1092 699 1146 niam diminutum membrum non
204 1140 696 1202 est aequale membro, neque dicitur
204 1188 700 1250 aequale in aliqua hora, neque in al
200 1252 707 1291 qua partium numerorum omnino.
197 1285 693 1346 substantia autem oportet vt per
201 1334 701 1395 maneat. quoniam, si ab arca dimi¬
204 1381 704 1442 nuitur membrum, & arca perma
204 1433 698 1490 net. numerus autein non est idem
203 1476 691 1530 Et cum hoc, quod narrauimus, &
196 1525 697 1586 si fuerint consimilium partium, no
196 1578 705 1628 que sunt omnia etiam. numerus enim
196 1621 707 1687 permanet, ergo habent partes non
202 1672 702 1735 consimiles, vt duo, tria, & alia. Et
204 1717 702 1779 vniuersaliter omnia, ex quorum si
192 1772 701 1834 tu non sit diuersitas, non sit ex eis
197 1820 709 1882 aliquod diminutum membrum,
739 141 1256 210 vt aqua & ignis, sed oportet vt
733 192 1241 258 ista sint sicut habentia situm in sub
734 253 1237 306 stantia. Et etiam vt sint continua.
732 293 1244 346 compositio enim est ex non consima
728 340 1245 395 libus partibus & habent situm
735 404 1240 442 etiam, sed non est membri diminia
728 444 1228 491 ti. Et cum hoc & non erunt omnia
728 493 1234 554 quae sunt per suum vniuersum, ne¬
732 540 1235 597 que illa, quae carent aliqua parte,
733 588 1241 643 sunt diminuta membris, non enim
732 636 1242 690 dicitur diminutum membrum, quan
728 685 1237 746 do diminmitur aliquid ex eis, quae
729 740 1235 794 sunt substantiae in rei veritate, ne
733 781 1243 843 que vbicunque fuerit ex locis. sicut
735 828 1243 890 arca, cum perforatur, non dicitur
735 876 1233 938 diminuta a membro, sed cum di¬
731 925 1240 982 minuitur, aut aure, aut aliquo ex¬
735 973 1229 1034 tremorum. homo etiam, non quam
734 1020 1243 1075 do diminuitur caro, aut spilen, sed
735 1069 1235 1130 quando diminuitur aliquod extre¬
727 1116 1241 1170 mum: & hoc etiam non omne, sed
735 1165 1231 1226 illud, quod cum extrahitur totum,
736 1213 1243 1283 non generatur. & ideo caluities non
734 1260 1080 1313 est diminutio membri.
771 1317 1239 1370 Idest, & dicitur in eis, quae sunt ex quanti
739 1364 1232 1402 tate diminutum membrum. sed hoc non
730 1397 1236 1454 dicitur simpliciter, sed quando diminutum, &. limi
736 1438 1234 1492 nutio fuerint in dispositionibus ter
737 1477 1241 1532 minatis D. incoepit dicere illas dispon¬
732 1519 1234 1561 nes, & d. sed oportet vt illud, &c. i. &
728 1559 1242 1601 vna illarum determinationum est, vt di
733 1597 1241 1634 minutio non sit innata diuidi a di¬
734 1637 1240 1690 minuto. & ideo, quoniam pili diuiduntur,
730 1677 1238 1729 ab homine, & plumae ab auibus, non dicuntur
736 1717 1242 1754 diminuta in menbris. D.d. Et dicere
732 1753 1240 1794 duo, &c. i. & cum aliquid fuerit com¬
724 1793 1230 1842 positum ex duabus partibus, ex quo
729 1833 1237 1874 altera diminuitur, non dicitur diminutum
