<?xml version="1.0" encoding="UTF-8" standalone="yes"?>
<PcGts xmlns="http://schema.primaresearch.org/PAGE/gts/pagecontent/2013-07-15" xmlns:xsi="http://www.w3.org/2001/XMLSchema-instance" xsi:schemaLocation="http://schema.primaresearch.org/PAGE/gts/pagecontent/2013-07-15 http://schema.primaresearch.org/PAGE/gts/pagecontent/2013-07-15/pagecontent.xsd">
    <Metadata>
        <Creator>prov=University of Rostock/Institute of Mathematics/CITlab|PLANET AI GmbH/Gundram Leifert/gundram.leifert@planet-ai.de:name=cod-AAssXX-m2(htr_id=27673)::::v=2.6.7
prov=University of Rostock/Institute of Mathematics/CITlab|PLANET AI GmbH/Tobias Gruening/tobias.gruening@planet-ai.de:name=de.uros.citlab.module.baseline2polygon.B2PSeamMultiOriented:v=2.6.7
prov=University of Rostock/Institute of Mathematics/CITlab|PLANET AI GmbH/Tobias Gruening/tobias.gruening@planet-ai.de:name=/net_tf/LA73_249_0mod360.pb:de.uros.citlab.segmentation.CITlab_LA_ML:v=2.6.6
Transkribus</Creator>
        <Created>2020-10-30T08:03:27.942-04:00</Created>
        <LastChange>2020-11-20T16:26:57.659+01:00</LastChange>
        <TranskribusMetadata docId="528931" pageId="22410695" pageNr="282" tsid="49369880" status="IN_PROGRESS" userId="25065" imgUrl="https://files.transkribus.eu/Get?id=NZGVXANDDNWSOGKMONHENIUQ&amp;fileType=view" xmlUrl="https://files.transkribus.eu/Get?id=CINOMANMDLDJVJUNOIIQTIBA" imageId="17470076"/>
    </Metadata>
    <Page imageFilename="Averroes_Metaphysica_JuntSecunda_08-0282.jpg" imageWidth="1475" imageHeight="2066">
        <ReadingOrder>
            <OrderedGroup id="ro_1605972733772" caption="Regions reading order">
                <RegionRefIndexed index="0" regionRef="TextRegion_1604280128878_5424"/>
                <RegionRefIndexed index="1" regionRef="TextRegion_1604280128878_5423"/>
            </OrderedGroup>
        </ReadingOrder>
        <TextRegion orientation="0.0" id="TextRegion_1604280128878_5424" custom="readingOrder {index:0;}">
            <Coords points="245,106 781,106 781,1927 245,1927"/>
            <TextLine id="line_1604280100247_5386" custom="readingOrder {index:0;}">
                <Coords points="240,186 431,199 455,186 563,195 602,179 706,194 760,186 760,160 337,149 323,163 240,162"/>
                <Baseline points="245,181 263,181 290,182 318,182 345,182 372,182 400,181 427,181 454,181 482,181 509,180 536,180 563,180 591,180 618,180 645,180 673,180 700,180 727,180 755,181"/>
                <TextEquiv>
                    <Unicode>membro: oportet enim vt sit com¬</Unicode>
                </TextEquiv>
            </TextLine>
            <TextLine id="r1l4" custom="readingOrder {index:1;}">
                <Coords points="256,235 754,236 754,188 643,200 575,189 557,205 506,191 256,197"/>
                <Baseline points="261,221 286,221 312,222 338,222 363,222 389,222 415,222 440,222 466,222 492,222 517,222 543,222 569,222 594,222 620,222 646,222 671,221 697,221 723,221 749,221"/>
                <TextEquiv>
                    <Unicode>positum ex pluribus duabus parti¬</Unicode>
                </TextEquiv>
            </TextLine>
            <TextLine id="r1l6" custom="readingOrder {index:2;}">
                <Coords points="256,271 764,274 764,239 726,229 523,241 472,228 412,245 351,230 323,250 256,235"/>
                <Baseline points="261,261 287,261 313,261 339,261 365,261 392,262 418,262 444,262 470,262 496,262 523,262 549,262 575,261 601,261 627,261 654,261 680,261 706,261 732,262 759,262"/>
                <TextEquiv>
                    <Unicode>bus. D.d. causam, &amp; d. quoniam diminu</Unicode>
                </TextEquiv>
            </TextLine>
            <TextLine id="r1l8" custom="readingOrder {index:3;}">
                <Coords points="256,307 565,308 585,322 665,306 696,322 754,311 754,269 591,269 561,285 513,271 494,285 414,269 256,277"/>
                <Baseline points="261,300 286,301 312,301 338,301 363,301 389,302 415,302 440,302 466,302 492,302 517,302 543,302 569,302 594,302 620,302 646,302 671,302 697,302 723,302 749,302"/>
                <TextEquiv>
                    <Unicode>tum membrum, &amp;c. i. quoniam composi¬</Unicode>
                </TextEquiv>
            </TextLine>
            <TextLine id="r1l10" custom="readingOrder {index:4;}">
                <Coords points="250,345 504,348 519,362 544,346 763,354 763,314 745,310 584,323 531,308 492,329 439,309 250,316"/>
                <Baseline points="255,339 280,339 305,340 330,340 355,340 380,341 405,341 431,341 456,341 481,341 506,341 531,341 556,341 581,341 607,341 632,341 657,342 682,342 707,342 732,342 758,343"/>
                <TextEquiv>
                    <Unicode>tum ex duobus, quando ab eo diminuipr</Unicode>
                </TextEquiv>
            </TextLine>
            <TextLine id="r1l13" custom="readingOrder {index:5;}">
                <Coords points="255,390 677,387 715,399 763,387 763,362 671,349 528,365 470,349 255,357"/>
                <Baseline points="260,382 286,382 312,381 338,381 364,381 391,381 417,381 443,382 469,382 495,382 522,382 548,382 574,382 600,382 626,381 653,381 679,381 705,381 731,381 758,381"/>
                <TextEquiv>
                    <Unicode>alterum, tunc diminutum est aequa¬</Unicode>
                </TextEquiv>
            </TextLine>
            <TextLine id="r1l15" custom="readingOrder {index:6;}">
                <Coords points="255,427 761,426 749,397 678,389 504,392 488,405 470,389 441,404 255,390"/>
                <Baseline points="260,420 286,419 312,419 338,419 364,420 390,420 416,420 442,420 468,420 494,421 521,421 547,421 573,421 599,422 625,422 651,421 677,421 703,421 729,421 756,420"/>
                <TextEquiv>
                    <Unicode>le diminutioni, &amp; talia non dicun¬</Unicode>
                </TextEquiv>
            </TextLine>
            <TextLine id="r1l17" custom="readingOrder {index:7;}">
                <Coords points="252,466 727,478 764,467 764,430 623,429 607,445 480,432 459,451 382,429 252,441"/>
                <Baseline points="257,459 282,460 307,460 332,461 357,461 382,461 407,462 432,462 457,462 482,462 508,462 533,462 558,462 583,461 608,461 633,461 658,461 683,461 708,461 733,461 759,461"/>
                <TextEquiv>
                    <Unicode>tur diminuta. D.d neques aliqua par</Unicode>
                </TextEquiv>
            </TextLine>
            <TextLine id="r1l19" custom="readingOrder {index:8;}">
                <Coords points="254,507 633,505 680,518 761,507 761,469 664,483 611,469 254,478"/>
                <Baseline points="259,499 285,499 311,499 337,499 363,499 389,499 415,500 442,500 468,500 494,501 520,501 546,501 572,501 599,501 625,501 651,501 677,500 703,500 729,499 756,498"/>
                <TextEquiv>
                    <Unicode>tium numerorum omnino, potest</Unicode>
                </TextEquiv>
            </TextLine>
            <TextLine id="r1l21" custom="readingOrder {index:9;}">
                <Coords points="256,546 334,545 357,563 392,546 764,546 764,517 661,509 256,509"/>
                <Baseline points="261,538 287,538 313,539 339,539 365,539 392,540 418,540 444,540 470,540 496,541 523,541 549,541 575,541 601,541 627,541 654,541 680,540 706,540 732,540 759,540"/>
                <TextEquiv>
                    <Unicode>intelligi, &amp; non dicitur diminutum</Unicode>
                </TextEquiv>
            </TextLine>
            <TextLine id="r1l23" custom="readingOrder {index:10;}">
                <Coords points="253,594 761,587 761,549 253,557"/>
                <Baseline points="258,579 284,579 310,579 336,579 362,579 389,580 415,579 441,579 467,579 493,579 520,579 546,579 572,579 598,579 624,579 651,579 677,579 703,579 729,579 756,579"/>
                <TextEquiv>
                    <Unicode>membro in eo quod est de quantitate</Unicode>
                </TextEquiv>
            </TextLine>
            <TextLine id="r1l25" custom="readingOrder {index:11;}">
                <Coords points="252,634 756,627 756,597 661,589 539,588 520,605 452,588 252,596"/>
                <Baseline points="257,619 283,619 309,619 335,619 361,619 387,619 413,620 439,620 465,620 491,620 517,620 543,620 569,620 595,620 621,620 647,620 673,619 699,619 725,619 751,619"/>
                <TextEquiv>
                    <Unicode>discreta omnino,, &amp; si diminutum</Unicode>
                </TextEquiv>
            </TextLine>
            <TextLine id="r1l27" custom="readingOrder {index:12;}">
                <Coords points="249,660 397,675 676,663 712,682 761,671 761,636 658,628 249,639"/>
                <Baseline points="254,656 279,657 304,657 329,658 354,658 379,658 404,658 429,658 454,658 479,658 505,658 530,658 555,658 580,658 605,658 630,658 655,658 680,658 705,658 730,658 756,658"/>
                <TextEquiv>
                    <Unicode>non sit aequale diminutioni. v. g. quod</Unicode>
                </TextEquiv>
            </TextLine>
            <TextLine id="r1l29" custom="readingOrder {index:13;}">
                <Coords points="254,708 764,706 764,670 711,685 610,668 398,678 368,666 349,678 254,664"/>
                <Baseline points="259,694 284,695 309,697 334,697 359,698 384,698 409,698 434,698 459,698 484,698 509,697 534,697 559,697 584,696 609,696 634,696 659,696 684,696 709,696 734,697 759,697"/>
                <TextEquiv>
                    <Unicode>quando ex tribus diminuitur vnum, non</Unicode>
                </TextEquiv>
            </TextLine>
            <TextLine id="r1l30" custom="readingOrder {index:14;}">
                <Coords points="256,740 377,754 395,740 762,743 762,715 708,704 620,719 256,711"/>
                <Baseline points="261,734 287,734 313,735 339,735 365,735 391,736 417,736 443,736 469,736 495,736 522,736 548,736 574,736 600,736 626,736 652,735 678,735 704,735 730,736 757,736"/>
                <TextEquiv>
                    <Unicode>dicitur quod est diminutum membro¬</Unicode>
                </TextEquiv>
            </TextLine>
            <TextLine id="line_1604280100250_5388" custom="readingOrder {index:15;}">
                <Coords points="240,783 718,787 758,781 758,757 707,745 406,757 341,743 240,758"/>
                <Baseline points="245,773 267,773 294,774 321,775 348,775 375,776 402,776 429,776 456,776 483,776 510,776 537,776 564,776 591,775 618,775 645,775 672,775 699,775 726,776 753,776"/>
                <TextEquiv>
                    <Unicode>D.d. substantia autem, &amp;c. i &amp; dim¬</Unicode>
                </TextEquiv>
            </TextLine>
            <TextLine id="r1l35" custom="readingOrder {index:16;}">
                <Coords points="245,827 563,827 616,812 757,826 757,784 245,798"/>
                <Baseline points="250,814 275,814 300,814 325,814 350,814 375,814 400,814 425,814 450,815 475,815 501,815 526,815 551,815 576,815 601,815 626,815 651,815 676,814 701,813 726,813 752,812"/>
                <TextEquiv>
                    <Unicode>nutum membrum non dicitur di</Unicode>
                </TextEquiv>
            </TextLine>
            <TextLine id="r1l36" custom="readingOrder {index:17;}">
                <Coords points="250,857 610,859 626,875 649,858 761,858 761,829 716,825 250,829"/>
                <Baseline points="255,852 280,852 305,853 330,853 355,853 380,853 405,854 430,854 455,854 480,854 505,854 530,855 555,855 580,855 605,855 630,855 655,854 680,854 705,854 730,853 756,853"/>
                <TextEquiv>
                    <Unicode>minutum membrum, nisi quando nomen</Unicode>
                </TextEquiv>
            </TextLine>
            <TextLine id="r1l38" custom="readingOrder {index:18;}">
                <Coords points="255,899 658,898 689,914 705,898 759,897 759,860 646,861 622,876 521,861 451,875 255,865"/>
                <Baseline points="260,894 286,894 312,893 338,893 364,893 390,893 416,893 442,893 468,893 494,893 520,893 546,893 572,893 598,893 624,893 650,893 676,893 702,893 728,894 754,894"/>
                <TextEquiv>
                    <Unicode>&amp; forma eius non sunt amissa per di</Unicode>
                </TextEquiv>
            </TextLine>
            <TextLine id="r1l40" custom="readingOrder {index:19;}">
                <Coords points="251,938 764,938 764,908 251,909"/>
                <Baseline points="256,932 281,931 306,931 331,931 356,931 381,931 406,931 432,931 457,931 482,932 507,932 532,932 557,933 582,933 608,933 633,933 658,933 683,933 708,933 733,932 759,931"/>
                <TextEquiv>
                    <Unicode>minutionem illius partis, sed forma</Unicode>
                </TextEquiv>
            </TextLine>
            <TextLine id="r1l42" custom="readingOrder {index:20;}">
                <Coords points="246,978 759,977 759,941 552,941 535,957 265,940 246,952"/>
                <Baseline points="251,971 276,971 301,971 326,971 351,971 376,971 401,972 427,972 452,972 477,972 502,972 527,972 552,972 577,972 603,972 628,972 653,972 678,972 703,972 728,971 754,971"/>
                <TextEquiv>
                    <Unicode>dicitur permanere, &amp; diminutio est</Unicode>
                </TextEquiv>
            </TextLine>
            <TextLine id="r1l44" custom="readingOrder {index:21;}">
                <Coords points="257,1018 768,1018 768,988 640,990 621,977 257,990"/>
                <Baseline points="262,1009 287,1010 312,1010 337,1010 362,1010 387,1011 412,1011 437,1011 462,1011 487,1011 512,1012 537,1012 562,1012 587,1012 612,1012 637,1012 662,1011 687,1011 712,1011 737,1010 763,1010"/>
                <TextEquiv>
                    <Unicode>tantum in numero, non in substantia: vt</Unicode>
                </TextEquiv>
            </TextLine>
            <TextLine id="r1l46" custom="readingOrder {index:22;}">
                <Coords points="257,1058 759,1059 759,1028 257,1029"/>
                <Baseline points="262,1050 287,1050 313,1050 339,1050 365,1049 391,1049 417,1050 443,1050 469,1050 495,1050 520,1050 546,1050 572,1051 598,1051 624,1051 650,1051 676,1051 702,1051 728,1051 754,1051"/>
                <TextEquiv>
                    <Unicode>cum ab arca diminuitur aliqua pars,</Unicode>
                </TextEquiv>
            </TextLine>
            <TextLine id="r1l48" custom="readingOrder {index:23;}">
                <Coords points="248,1104 758,1098 758,1069 631,1076 469,1057 456,1070 422,1058 248,1070"/>
                <Baseline points="253,1087 278,1087 303,1088 328,1088 353,1088 378,1088 403,1089 428,1089 453,1089 478,1089 503,1089 528,1089 553,1089 578,1089 603,1089 628,1090 653,1090 678,1090 703,1090 728,1090 753,1090"/>
                <TextEquiv>
                    <Unicode>per cuius diminutionem arca non</Unicode>
                </TextEquiv>
            </TextLine>
            <TextLine id="r1l50" custom="readingOrder {index:24;}">
                <Coords points="259,1138 767,1138 767,1108 716,1099 617,1101 601,1117 503,1101 259,1104"/>
                <Baseline points="264,1128 290,1128 316,1128 342,1128 368,1128 395,1128 421,1128 447,1128 473,1129 499,1129 526,1129 552,1129 578,1129 604,1129 630,1130 657,1130 683,1129 709,1129 735,1129 762,1129"/>
                <TextEquiv>
                    <Unicode>debet amittere nomen. &amp; similiter.</Unicode>
                </TextEquiv>
            </TextLine>
            <TextLine id="r1l52" custom="readingOrder {index:25;}">
                <Coords points="248,1176 744,1179 757,1177 757,1142 517,1148 489,1136 372,1150 288,1136 248,1150"/>
                <Baseline points="253,1168 279,1168 305,1167 331,1167 358,1167 384,1168 410,1168 436,1168 463,1168 489,1168 515,1169 541,1169 568,1169 594,1169 620,1169 646,1169 673,1169 699,1168 725,1168 752,1167"/>
                <TextEquiv>
                    <Unicode>est de homine, scilicet quod non dicitur dimi¬</Unicode>
                </TextEquiv>
            </TextLine>
            <TextLine id="r1l54" custom="readingOrder {index:26;}">
                <Coords points="254,1218 757,1218 757,1177 680,1191 526,1177 489,1196 421,1174 392,1189 254,1189"/>
                <Baseline points="259,1208 284,1208 310,1208 336,1207 362,1207 388,1207 414,1207 440,1208 466,1208 492,1208 518,1208 544,1209 570,1209 596,1209 622,1209 648,1209 674,1209 700,1209 726,1209 752,1209"/>
                <TextEquiv>
                    <Unicode>nutum mebro, quando diminuitur al</Unicode>
                </TextEquiv>
            </TextLine>
            <TextLine id="r1l57" custom="readingOrder {index:27;}">
                <Coords points="253,1259 516,1252 613,1266 763,1252 763,1228 694,1215 534,1231 395,1214 369,1228 253,1228"/>
                <Baseline points="258,1248 283,1248 308,1248 333,1247 358,1247 383,1247 408,1247 433,1247 458,1247 483,1247 508,1247 533,1247 558,1247 583,1247 608,1247 633,1247 658,1247 683,1247 708,1247 733,1247 758,1247"/>
                <TextEquiv>
                    <Unicode>eo ex menbris illud, per quod fit ho¬</Unicode>
                </TextEquiv>
            </TextLine>
            <TextLine id="r1l58" custom="readingOrder {index:28;}">
                <Coords points="256,1298 759,1298 767,1261 566,1269 513,1253 438,1270 410,1257 256,1268"/>
                <Baseline points="261,1287 286,1287 311,1287 336,1287 361,1287 386,1287 411,1287 436,1288 461,1288 486,1288 511,1288 536,1288 561,1288 586,1288 611,1288 636,1288 661,1288 686,1288 711,1288 736,1287 762,1287"/>
                <TextEquiv>
                    <Unicode>mo. D.d. Et cum hoc, quod narraui</Unicode>
                </TextEquiv>
            </TextLine>
            <TextLine id="r1l60" custom="readingOrder {index:29;}">
                <Coords points="260,1333 508,1331 624,1348 759,1336 749,1296 594,1295 580,1309 542,1294 400,1309 385,1294 260,1301"/>
                <Baseline points="265,1325 290,1325 316,1326 342,1326 367,1326 393,1326 419,1326 445,1326 470,1327 496,1327 522,1327 548,1327 573,1327 599,1327 625,1327 651,1327 676,1327 702,1327 728,1326 754,1326"/>
                <TextEquiv>
                    <Unicode>mus, &amp;c. i. &amp; cum istis dispositioni¬</Unicode>
                </TextEquiv>
            </TextLine>
            <TextLine id="line_1604280100252_5390" custom="readingOrder {index:30;}">
                <Coords points="240,1369 756,1371 756,1347 702,1332 592,1348 509,1333 262,1333 240,1349"/>
                <Baseline points="245,1364 257,1365 283,1365 309,1365 335,1365 361,1366 387,1366 413,1366 439,1366 465,1366 491,1366 517,1366 543,1366 569,1366 595,1366 621,1366 647,1366 673,1366 699,1366 725,1366 751,1366"/>
                <TextEquiv>
                    <Unicode>bus narratis non dicitur etiam dimi</Unicode>
                </TextEquiv>
            </TextLine>
            <TextLine id="r1l65" custom="readingOrder {index:31;}">
                <Coords points="257,1410 704,1410 721,1426 754,1410 754,1379 257,1381"/>
                <Baseline points="262,1405 287,1405 313,1406 338,1406 364,1406 390,1406 415,1406 441,1406 467,1406 492,1406 518,1406 543,1406 569,1406 595,1406 620,1406 646,1405 672,1405 697,1405 723,1404 749,1404"/>
                <TextEquiv>
                    <Unicode>nutum mebro, nisi dum sit ex corpo</Unicode>
                </TextEquiv>
            </TextLine>
            <TextLine id="r1l67" custom="readingOrder {index:32;}">
                <Coords points="253,1451 523,1460 644,1446 739,1464 760,1453 760,1414 724,1429 696,1412 253,1422"/>
                <Baseline points="258,1443 284,1444 310,1445 336,1445 362,1445 388,1445 414,1445 441,1445 467,1445 493,1445 519,1445 545,1445 571,1445 598,1445 624,1445 650,1445 676,1445 702,1445 728,1446 755,1446"/>
                <TextEquiv>
                    <Unicode>ribus consimilium partium. quoniam, quando</Unicode>
                </TextEquiv>
            </TextLine>
            <TextLine id="r1l69" custom="readingOrder {index:33;}">
                <Coords points="254,1490 626,1500 767,1490 767,1460 254,1461"/>
                <Baseline points="259,1483 284,1483 309,1483 334,1483 359,1483 384,1483 409,1483 435,1484 460,1484 485,1484 510,1484 535,1484 560,1484 585,1484 611,1484 636,1484 661,1484 686,1484 711,1484 736,1484 762,1483"/>
                <TextEquiv>
                    <Unicode>ab eis diminuitur aliqua pars, tunc </Unicode>
                </TextEquiv>
            </TextLine>
            <TextLine id="r1l71" custom="readingOrder {index:34;}">
                <Coords points="254,1530 762,1530 762,1494 734,1491 574,1505 254,1494"/>
                <Baseline points="259,1523 285,1523 311,1523 337,1523 363,1523 390,1523 416,1523 442,1523 468,1523 494,1524 521,1524 547,1524 573,1524 599,1524 625,1524 652,1524 678,1524 704,1524 730,1523 757,1523"/>
                <TextEquiv>
                    <Unicode>illud, quod remanet, potest diuidi </Unicode>
                </TextEquiv>
            </TextLine>
            <TextLine id="r1l73" custom="readingOrder {index:35;}">
                <Coords points="256,1569 370,1570 384,1584 432,1569 758,1572 759,1540 257,1542"/>
                <Baseline points="261,1562 286,1562 312,1562 338,1562 364,1562 390,1562 416,1562 442,1563 468,1563 494,1563 519,1563 545,1563 571,1564 597,1564 623,1564 649,1563 675,1563 701,1563 727,1562 753,1561"/>
                <TextEquiv>
                    <Unicode>numero partium, in quas diuiditur</Unicode>
                </TextEquiv>
            </TextLine>
            <TextLine id="r1l74" custom="readingOrder {index:36;}">
                <Coords points="252,1610 669,1618 760,1610 760,1570 691,1585 252,1580"/>
                <Baseline points="257,1600 283,1601 309,1601 335,1602 361,1602 388,1602 414,1602 440,1602 466,1602 492,1602 519,1602 545,1602 571,1602 597,1602 623,1602 650,1602 676,1602 702,1602 728,1602 755,1602"/>
                <TextEquiv>
                    <Unicode>totum, vt existimatur. v. gr. quod, si ab</Unicode>
                </TextEquiv>
            </TextLine>
            <TextLine id="r1l76" custom="readingOrder {index:37;}">
                <Coords points="257,1650 765,1646 765,1621 696,1610 595,1624 489,1608 412,1623 257,1620"/>
                <Baseline points="262,1640 288,1640 314,1640 340,1639 366,1639 393,1639 419,1639 445,1639 471,1639 497,1640 524,1640 550,1640 576,1640 602,1640 628,1640 655,1640 681,1640 707,1640 733,1639 760,1639"/>
                <TextEquiv>
                    <Unicode>aqua: quae existimatur diuidi in tres</Unicode>
                </TextEquiv>
            </TextLine>
            <TextLine id="r1l78" custom="readingOrder {index:38;}">
                <Coords points="256,1692 708,1698 760,1690 760,1647 692,1664 553,1647 256,1658"/>
                <Baseline points="261,1679 287,1679 313,1679 339,1679 365,1679 391,1679 417,1680 443,1680 469,1680 495,1680 521,1680 547,1680 573,1680 599,1680 625,1680 651,1680 677,1680 703,1680 729,1680 755,1680"/>
                <TextEquiv>
                    <Unicode>partes, diminuitur aliqua pars, poss</Unicode>
                </TextEquiv>
            </TextLine>
            <TextLine id="r1l80" custom="readingOrder {index:39;}">
                <Coords points="256,1725 763,1730 764,1699 734,1685 706,1702 257,1692"/>
                <Baseline points="261,1718 287,1718 313,1718 339,1718 365,1718 391,1718 417,1718 444,1718 470,1718 496,1719 522,1719 548,1719 574,1719 601,1719 627,1719 653,1719 679,1719 705,1719 731,1719 758,1718"/>
                <TextEquiv>
                    <Unicode>bile est vt illud, quod remanet, diui</Unicode>
                </TextEquiv>
            </TextLine>
            <TextLine id="r1l82" custom="readingOrder {index:40;}">
                <Coords points="257,1769 762,1770 762,1733 342,1742 257,1730"/>
                <Baseline points="262,1758 288,1758 314,1758 340,1758 366,1758 392,1757 418,1758 444,1758 470,1758 496,1758 522,1758 548,1758 574,1758 600,1758 626,1758 652,1758 678,1758 704,1758 730,1758 757,1757"/>
                <TextEquiv>
                    <Unicode>datur intres partes: &amp; diminutum</Unicode>
                </TextEquiv>
            </TextLine>
            <TextLine id="r1l84" custom="readingOrder {index:41;}">
                <Coords points="256,1802 765,1803 765,1772 256,1774"/>
                <Baseline points="261,1797 287,1796 313,1795 339,1795 366,1795 392,1795 418,1795 444,1795 471,1795 497,1795 523,1795 549,1796 576,1796 602,1796 628,1796 654,1796 681,1796 707,1796 733,1795 760,1795"/>
                <TextEquiv>
                    <Unicode>membro est illud, cuius numerus</Unicode>
                </TextEquiv>
            </TextLine>
            <TextLine id="r1l86" custom="readingOrder {index:42;}">
                <Coords points="254,1843 686,1848 757,1842 757,1812 488,1805 468,1825 455,1813 254,1813"/>
                <Baseline points="259,1836 284,1836 310,1836 336,1836 362,1836 388,1836 414,1836 440,1836 466,1836 492,1836 518,1836 544,1836 570,1835 596,1836 622,1836 648,1836 674,1836 700,1836 726,1836 752,1836"/>
                <TextEquiv>
                    <Unicode>non remanet. Deinde d. ergo ha</Unicode>
                </TextEquiv>
            </TextLine>
            <TextLine id="r1l88" custom="readingOrder {index:43;}">
                <Coords points="257,1883 704,1890 769,1882 770,1853 258,1844"/>
                <Baseline points="262,1874 287,1874 312,1874 337,1874 362,1873 387,1873 412,1873 437,1873 462,1874 487,1874 513,1874 538,1874 563,1874 588,1874 613,1875 638,1875 663,1875 688,1875 713,1875 738,1875 764,1876"/>
                <TextEquiv>
                    <Unicode>bent partes non consimiles, &amp;c. i ne</Unicode>
                </TextEquiv>
            </TextLine>
            <TextEquiv>
                <Unicode>membro: oportet enim vt sit com¬
positum ex pluribus duabus parti¬
bus. D.d. causam, &amp; d. quoniam diminu
tum membrum, &amp;c. i. quoniam composi¬
tum ex duobus, quando ab eo diminuipr
alterum, tunc diminutum est aequa¬
le diminutioni, &amp; talia non dicun¬
tur diminuta. D.d neques aliqua par
tium numerorum omnino, potest
intelligi, &amp; non dicitur diminutum
membro in eo quod est de quantitate
discreta omnino,, &amp; si diminutum
non sit aequale diminutioni. v. g. quod
quando ex tribus diminuitur vnum, non
dicitur quod est diminutum membro¬
D.d. substantia autem, &amp;c. i &amp; dim¬
nutum membrum non dicitur di
minutum membrum, nisi quando nomen
&amp; forma eius non sunt amissa per di
minutionem illius partis, sed forma
dicitur permanere, &amp; diminutio est
tantum in numero, non in substantia: vt
cum ab arca diminuitur aliqua pars,
per cuius diminutionem arca non
debet amittere nomen. &amp; similiter.
est de homine, scilicet quod non dicitur dimi¬
nutum mebro, quando diminuitur al
eo ex menbris illud, per quod fit ho¬
mo. D.d. Et cum hoc, quod narraui
mus, &amp;c. i. &amp; cum istis dispositioni¬
bus narratis non dicitur etiam dimi
nutum mebro, nisi dum sit ex corpo
ribus consimilium partium. quoniam, quando
ab eis diminuitur aliqua pars, tunc 
illud, quod remanet, potest diuidi 
numero partium, in quas diuiditur
totum, vt existimatur. v. gr. quod, si ab
aqua: quae existimatur diuidi in tres
partes, diminuitur aliqua pars, poss
bile est vt illud, quod remanet, diui
datur intres partes: &amp; diminutum
membro est illud, cuius numerus
non remanet. Deinde d. ergo ha
bent partes non consimiles, &amp;c. i ne</Unicode>
            </TextEquiv>
        </TextRegion>
        <TextRegion orientation="0.0" id="TextRegion_1604280128878_5423" custom="readingOrder {index:1;}">
            <Coords points="781,106 1312,106 1312,1927 781,1927"/>
            <TextLine id="line_1604280115116_5407" custom="readingOrder {index:0;}">
                <Coords points="790,190 951,206 1317,194 1317,156 1292,169 1070,164 1034,148 985,163 849,148 790,160"/>
                <Baseline points="795,183 821,183 848,183 875,183 902,184 929,184 956,184 982,184 1009,185 1036,185 1063,185 1090,186 1117,186 1144,186 1170,186 1197,186 1224,186 1251,186 1278,185 1305,185 1312,184"/>
                <TextEquiv>
                    <Unicode>cesse est ergo, vt diminutum mem. </Unicode>
                </TextEquiv>
            </TextLine>
            <TextLine id="r1l5" custom="readingOrder {index:1;}">
                <Coords points="788,227 1287,237 1288,205 1199,193 1173,206 909,205 895,192 870,205 857,191 825,203 789,190"/>
                <Baseline points="793,223 818,223 844,223 870,223 895,223 921,224 947,224 973,224 998,224 1024,225 1050,225 1076,225 1101,225 1127,225 1153,226 1179,226 1204,226 1230,226 1256,226 1282,225"/>
                <TextEquiv>
                    <Unicode>bro habeat partes non consimiles,</Unicode>
                </TextEquiv>
            </TextLine>
            <TextLine id="r1l7" custom="readingOrder {index:2;}">
                <Coords points="788,274 1278,274 1295,272 1295,242 1195,237 1173,255 1063,237 788,243"/>
                <Baseline points="793,263 819,263 845,263 871,264 897,264 923,263 949,263 976,263 1002,263 1028,263 1054,263 1080,263 1106,263 1133,263 1159,263 1185,263 1211,263 1237,264 1263,264 1290,264"/>
                <TextEquiv>
                    <Unicode>aut vt duas partes, aut tres. Deinde</Unicode>
                </TextEquiv>
            </TextLine>
            <TextLine id="r1l9" custom="readingOrder {index:3;}">
                <Coords points="790,308 1270,315 1301,312 1301,272 1205,285 1145,271 1036,284 1002,266 958,283 790,278"/>
                <Baseline points="795,303 820,303 845,303 870,303 895,303 920,304 945,304 970,304 995,304 1020,304 1045,304 1070,304 1095,304 1120,303 1145,303 1170,303 1195,303 1220,303 1245,303 1270,302 1296,302"/>
                <TextEquiv>
                    <Unicode>d. Et vniuersaliter, &amp;c. i. &amp; vniuersa¬</Unicode>
                </TextEquiv>
            </TextLine>
            <TextLine id="r1l11" custom="readingOrder {index:4;}">
                <Coords points="790,350 883,363 912,347 1290,354 1290,310 867,322 790,309"/>
                <Baseline points="795,342 820,342 846,342 872,343 898,343 923,343 949,343 975,343 1001,342 1027,342 1052,342 1078,342 1104,342 1130,342 1156,341 1181,341 1207,341 1233,341 1259,342 1285,342"/>
                <TextEquiv>
                    <Unicode>liter oportet dimihutum membro</Unicode>
                </TextEquiv>
            </TextLine>
            <TextLine id="r1l12" custom="readingOrder {index:5;}">
                <Coords points="792,384 1061,386 1073,398 1238,388 1255,402 1298,387 1298,357 1209,348 1000,363 914,349 891,364 792,348"/>
                <Baseline points="797,381 823,381 849,381 875,382 901,382 927,382 953,382 979,382 1005,382 1031,382 1058,382 1084,382 1110,382 1136,382 1162,381 1188,381 1214,381 1240,381 1266,382 1293,382"/>
                <TextEquiv>
                    <Unicode>vt non sit ex eis, ex quorum situ par</Unicode>
                </TextEquiv>
            </TextLine>
            <TextLine id="r1l14" custom="readingOrder {index:6;}">
                <Coords points="791,429 1297,422 1288,392 791,390"/>
                <Baseline points="796,421 822,421 848,421 874,421 900,421 926,421 952,421 978,421 1004,421 1030,421 1057,421 1083,421 1109,421 1135,421 1161,420 1187,420 1213,420 1239,419 1265,418 1292,418"/>
                <TextEquiv>
                    <Unicode>tium non accidant diuersitas in for¬</Unicode>
                </TextEquiv>
            </TextLine>
            <TextLine id="r1l16" custom="readingOrder {index:7;}">
                <Coords points="794,467 1000,466 1020,481 1043,465 1178,478 1292,465 1292,436 1207,429 1160,445 1135,429 980,429 964,442 794,432"/>
                <Baseline points="799,460 824,461 850,461 876,461 901,461 927,461 953,460 978,460 1004,460 1030,460 1055,459 1081,459 1107,459 1132,459 1158,459 1184,459 1209,459 1235,459 1261,460 1287,460"/>
                <TextEquiv>
                    <Unicode>ifia, vt aqua &amp; ignis, quoniam, quando partes</Unicode>
                </TextEquiv>
            </TextLine>
            <TextLine id="r1l18" custom="readingOrder {index:8;}">
                <Coords points="789,506 1181,514 1288,506 1299,468 1230,466 1186,485 1135,469 789,477"/>
                <Baseline points="794,501 819,501 844,500 869,500 894,500 919,500 944,499 969,499 994,499 1019,499 1044,499 1069,499 1094,498 1119,498 1144,498 1169,498 1194,498 1219,498 1244,497 1269,497 1294,497"/>
                <TextEquiv>
                    <Unicode>talium diuersantur in situ, non di¬</Unicode>
                </TextEquiv>
            </TextLine>
            <TextLine id="r1l20" custom="readingOrder {index:9;}">
                <Coords points="792,547 1293,546 1279,509 792,517"/>
                <Baseline points="797,538 822,539 848,539 874,539 900,540 926,540 952,540 977,540 1003,539 1029,539 1055,539 1081,539 1107,539 1132,539 1158,538 1184,538 1210,538 1236,539 1262,539 1288,539"/>
                <TextEquiv>
                    <Unicode>uersabuntur formae, econtrario eis,</Unicode>
                </TextEquiv>
            </TextLine>
            <TextLine id="r1l22" custom="readingOrder {index:10;}">
                <Coords points="791,592 1295,586 1295,551 791,557"/>
                <Baseline points="796,578 822,579 848,579 874,579 900,579 926,579 952,579 978,579 1004,579 1030,578 1056,578 1082,578 1108,577 1134,577 1160,577 1186,577 1212,577 1238,577 1264,577 1290,577"/>
                <TextEquiv>
                    <Unicode>quae sunt composita ex partibus non</Unicode>
                </TextEquiv>
            </TextLine>
            <TextLine id="r1l24" custom="readingOrder {index:11;}">
                <Coords points="789,626 1299,634 1299,597 1183,584 1130,598 1024,588 1004,609 940,586 789,597"/>
                <Baseline points="794,619 819,619 844,619 869,619 894,619 919,619 944,619 969,619 994,618 1019,618 1044,618 1069,617 1094,617 1119,617 1144,616 1169,616 1194,616 1219,616 1244,616 1269,616 1294,616"/>
                <TextEquiv>
                    <Unicode>consimilibus. Deinde d. sed opor¬</Unicode>
                </TextEquiv>
            </TextLine>
            <TextLine id="r1l26" custom="readingOrder {index:12;}">
                <Coords points="795,666 1144,676 1301,666 1301,637 1127,638 1079,623 1041,637 950,625 795,638"/>
                <Baseline points="800,656 826,656 852,657 878,657 904,657 930,658 956,658 982,658 1008,657 1034,657 1061,657 1087,657 1113,657 1139,657 1165,657 1191,657 1217,657 1243,656 1269,657 1296,657"/>
                <TextEquiv>
                    <Unicode>tet vt ista sint, &amp;c. i. sed oportet vt ta</Unicode>
                </TextEquiv>
            </TextLine>
            <TextLine id="r1l28" custom="readingOrder {index:13;}">
                <Coords points="795,703 1291,706 1290,667 1260,664 1052,682 1014,665 994,677 794,668"/>
                <Baseline points="800,697 825,697 851,697 876,697 902,697 927,697 953,697 979,697 1004,697 1030,697 1055,697 1081,697 1106,696 1132,696 1158,696 1183,696 1209,695 1234,695 1260,695 1286,694"/>
                <TextEquiv>
                    <Unicode>lia sint composita ex partibus haben</Unicode>
                </TextEquiv>
            </TextLine>
            <TextLine id="r1l31" custom="readingOrder {index:14;}">
                <Coords points="795,742 1299,739 1299,715 1255,703 1182,718 1082,705 1043,718 1024,704 966,720 886,703 865,717 795,713"/>
                <Baseline points="800,735 826,735 852,735 878,735 904,735 930,735 956,735 982,736 1008,736 1034,736 1060,736 1086,736 1112,736 1138,736 1164,736 1190,735 1216,735 1242,735 1268,734 1294,734"/>
                <TextEquiv>
                    <Unicode>tibus situm, &amp; situs intrat earum sub¬</Unicode>
                </TextEquiv>
            </TextLine>
            <TextLine id="r1l33" custom="readingOrder {index:15;}">
                <Coords points="788,787 1301,786 1292,749 788,749"/>
                <Baseline points="793,775 818,775 843,776 868,776 893,776 918,776 943,776 969,776 994,775 1019,775 1044,775 1069,775 1094,775 1119,775 1145,774 1170,774 1195,774 1220,774 1245,774 1270,774 1296,775"/>
                <TextEquiv>
                    <Unicode>stantiam, i. est necessarius ad earum</Unicode>
                </TextEquiv>
            </TextLine>
            <TextLine id="r1l34" custom="readingOrder {index:16;}">
                <Coords points="797,826 976,832 1018,816 1052,834 1092,814 1299,825 1299,796 1260,789 1072,782 1024,804 995,788 797,790"/>
                <Baseline points="802,813 827,813 853,814 879,814 905,814 931,814 957,814 983,814 1009,814 1035,814 1060,814 1086,813 1112,813 1138,813 1164,813 1190,814 1216,814 1242,814 1268,814 1294,815"/>
                <TextEquiv>
                    <Unicode>esse, sicut hepar. quoniam vnum eorum,</Unicode>
                </TextEquiv>
            </TextLine>
            <TextLine id="r1l37" custom="readingOrder {index:17;}">
                <Coords points="792,865 1291,860 1291,828 1178,820 1136,838 1017,817 967,835 886,820 792,832"/>
                <Baseline points="797,853 822,854 848,854 874,854 899,854 925,854 951,854 977,854 1002,854 1028,854 1054,854 1080,854 1105,854 1131,854 1157,854 1183,854 1208,854 1234,854 1260,854 1286,854"/>
                <TextEquiv>
                    <Unicode>ex quibus constituitur, est suus sit,</Unicode>
                </TextEquiv>
            </TextLine>
            <TextLine id="r1l39" custom="readingOrder {index:18;}">
                <Coords points="788,900 1296,906 1296,868 1270,861 1226,877 1198,862 1171,887 1117,860 957,876 788,869"/>
                <Baseline points="793,893 819,893 845,893 871,893 897,893 924,894 950,894 976,894 1002,894 1028,894 1055,894 1081,894 1107,894 1133,894 1159,894 1186,894 1212,894 1238,894 1264,894 1291,894"/>
                <TextEquiv>
                    <Unicode>ex membris vicinantibus. D.d. Et</Unicode>
                </TextEquiv>
            </TextLine>
            <TextLine id="r1l41" custom="readingOrder {index:19;}">
                <Coords points="789,939 1271,946 1301,938 1301,906 1128,917 824,901 789,913"/>
                <Baseline points="794,932 819,932 844,933 869,933 894,933 919,933 944,933 969,933 994,933 1019,933 1045,933 1070,933 1095,933 1120,933 1145,933 1170,933 1195,933 1220,933 1245,933 1270,933 1296,933"/>
                <TextEquiv>
                    <Unicode>etiam vt sint continua, &amp;c. i. &amp; etiam</Unicode>
                </TextEquiv>
            </TextLine>
            <TextLine id="r1l43" custom="readingOrder {index:20;}">
                <Coords points="792,979 1283,978 1294,942 792,950"/>
                <Baseline points="797,972 822,972 848,971 874,971 900,971 926,972 952,972 978,972 1004,972 1030,972 1055,972 1081,972 1107,972 1133,973 1159,973 1185,973 1211,973 1237,973 1263,972 1289,972"/>
                <TextEquiv>
                    <Unicode>est necessarium, vt partes non consi</Unicode>
                </TextEquiv>
            </TextLine>
            <TextLine id="r1l45" custom="readingOrder {index:21;}">
                <Coords points="795,1018 1219,1017 1270,1033 1303,1018 1303,982 795,989"/>
                <Baseline points="800,1012 826,1012 852,1012 878,1012 904,1012 931,1012 957,1012 983,1012 1009,1012 1035,1012 1062,1012 1088,1012 1114,1012 1140,1012 1166,1012 1193,1012 1219,1012 1245,1012 1271,1012 1298,1012"/>
                <TextEquiv>
                    <Unicode>miles sint continuae adinuicem, quoniam</Unicode>
                </TextEquiv>
            </TextLine>
            <TextLine id="r1l47" custom="readingOrder {index:22;}">
                <Coords points="789,1058 1292,1058 1299,1021 1269,1033 1212,1021 789,1029"/>
                <Baseline points="794,1051 819,1051 844,1051 869,1051 894,1051 919,1051 944,1051 969,1051 994,1051 1019,1051 1044,1051 1069,1051 1094,1050 1119,1050 1144,1050 1169,1050 1194,1050 1219,1051 1244,1051 1269,1051 1294,1051"/>
                <TextEquiv>
                    <Unicode>cum non fuerint continua adinuicem</Unicode>
                </TextEquiv>
            </TextLine>
            <TextLine id="r1l49" custom="readingOrder {index:23;}">
                <Coords points="791,1098 1256,1106 1295,1098 1295,1058 1111,1076 983,1061 791,1069"/>
                <Baseline points="796,1090 822,1090 848,1090 874,1090 900,1090 926,1090 952,1090 978,1090 1004,1090 1030,1090 1056,1090 1082,1090 1108,1090 1134,1090 1160,1090 1186,1090 1212,1090 1238,1090 1264,1090 1290,1090"/>
                <TextEquiv>
                    <Unicode>non erit ex eis totum, neques aliquid</Unicode>
                </TextEquiv>
            </TextLine>
            <TextLine id="r1l51" custom="readingOrder {index:24;}">
                <Coords points="800,1138 1023,1138 1043,1152 1066,1135 1302,1138 1302,1103 1239,1102 1224,1116 1081,1097 1064,1110 965,1111 951,1097 800,1109"/>
                <Baseline points="805,1129 830,1129 856,1130 882,1130 908,1130 934,1130 960,1130 986,1130 1012,1130 1038,1130 1063,1130 1089,1130 1115,1130 1141,1130 1167,1130 1193,1130 1219,1130 1245,1131 1271,1131 1297,1132"/>
                <TextEquiv>
                    <Unicode>vnum. D.d. compositio enim, &amp;c. i.</Unicode>
                </TextEquiv>
            </TextLine>
            <TextLine id="r1l53" custom="readingOrder {index:25;}">
                <Coords points="789,1173 838,1186 995,1178 1019,1193 1101,1171 1178,1186 1299,1173 1299,1149 1236,1138 789,1147"/>
                <Baseline points="794,1168 819,1169 844,1169 869,1169 894,1169 919,1169 944,1169 969,1169 994,1169 1019,1169 1044,1169 1069,1169 1094,1169 1119,1169 1144,1169 1169,1169 1194,1169 1219,1169 1244,1169 1269,1169 1294,1169"/>
                <TextEquiv>
                    <Unicode>&amp; potest intelligi sic: composita enim</Unicode>
                </TextEquiv>
            </TextLine>
            <TextLine id="r1l55" custom="readingOrder {index:26;}">
                <Coords points="792,1218 1296,1218 1302,1177 792,1189"/>
                <Baseline points="797,1206 822,1207 847,1208 872,1208 897,1209 922,1209 947,1209 972,1209 997,1209 1022,1209 1047,1208 1072,1208 1097,1208 1122,1208 1147,1208 1172,1208 1197,1208 1222,1208 1247,1208 1272,1208 1297,1209"/>
                <TextEquiv>
                    <Unicode>ex non consimilibus habent situm: sed </Unicode>
                </TextEquiv>
            </TextLine>
            <TextLine id="r1l56" custom="readingOrder {index:27;}">
                <Coords points="796,1258 1295,1259 1295,1230 1240,1216 1203,1229 1135,1216 901,1228 877,1215 862,1229 796,1228"/>
                <Baseline points="801,1247 826,1247 852,1247 878,1247 903,1248 929,1248 955,1248 981,1248 1006,1248 1032,1248 1058,1247 1084,1247 1109,1247 1135,1247 1161,1247 1187,1247 1212,1248 1238,1248 1264,1248 1290,1248"/>
                <TextEquiv>
                    <Unicode>non dicuntur diminuta a membro,</Unicode>
                </TextEquiv>
            </TextLine>
            <TextLine id="r1l59" custom="readingOrder {index:28;}">
                <Coords points="793,1294 1303,1298 1303,1262 1131,1258 1104,1276 1075,1261 842,1254 793,1270"/>
                <Baseline points="798,1288 823,1288 848,1287 873,1287 898,1287 923,1287 948,1287 973,1287 998,1287 1023,1287 1048,1287 1073,1287 1098,1287 1123,1287 1148,1287 1173,1287 1198,1287 1223,1287 1248,1287 1273,1286 1298,1286"/>
                <TextEquiv>
                    <Unicode>nisi fuerint continua. D.d. Et cum</Unicode>
                </TextEquiv>
            </TextLine>
            <TextLine id="r1l61" custom="readingOrder {index:29;}">
                <Coords points="796,1332 989,1346 1031,1330 1132,1344 1305,1331 1305,1301 1240,1292 1112,1309 796,1295"/>
                <Baseline points="801,1326 827,1326 853,1327 879,1327 906,1327 932,1327 958,1327 984,1327 1011,1326 1037,1326 1063,1326 1089,1326 1116,1325 1142,1325 1168,1325 1194,1325 1221,1326 1247,1326 1273,1326 1300,1327"/>
                <TextEquiv>
                    <Unicode>hoc, &amp;c. i. neque omnia, quae existunt,</Unicode>
                </TextEquiv>
            </TextLine>
            <TextLine id="r1l63" custom="readingOrder {index:30;}">
                <Coords points="792,1375 988,1367 1011,1383 1075,1365 1285,1378 1304,1367 1304,1342 792,1344"/>
                <Baseline points="797,1366 822,1365 847,1365 872,1365 897,1365 922,1365 947,1365 972,1365 997,1365 1022,1365 1048,1365 1073,1365 1098,1365 1123,1365 1148,1365 1173,1365 1198,1365 1223,1365 1248,1365 1273,1365 1299,1364"/>
                <TextEquiv>
                    <Unicode>secundum totum, ex quibus diminuitur ali¬</Unicode>
                </TextEquiv>
            </TextLine>
            <TextLine id="r1l64" custom="readingOrder {index:31;}">
                <Coords points="798,1429 832,1410 1048,1422 1063,1409 1305,1410 1305,1373 1199,1389 1119,1373 1020,1391 922,1372 798,1381"/>
                <Baseline points="803,1405 829,1404 855,1404 881,1404 907,1404 933,1404 959,1404 986,1404 1012,1404 1038,1404 1064,1404 1090,1404 1116,1404 1143,1404 1169,1404 1195,1404 1221,1404 1247,1403 1273,1403 1300,1403"/>
                <TextEquiv>
                    <Unicode>quod mebrum, quodcunque mebrum</Unicode>
                </TextEquiv>
            </TextLine>
            <TextLine id="r1l66" custom="readingOrder {index:32;}">
                <Coords points="789,1451 1303,1450 1303,1412 1169,1431 1117,1412 1047,1426 967,1413 789,1421"/>
                <Baseline points="794,1444 819,1444 844,1443 869,1443 894,1443 920,1443 945,1443 970,1443 995,1443 1020,1443 1046,1444 1071,1444 1096,1444 1121,1444 1146,1444 1172,1443 1197,1443 1222,1443 1247,1443 1272,1443 1298,1442"/>
                <TextEquiv>
                    <Unicode>sit, dicuntur diminuta. illud. en membrum</Unicode>
                </TextEquiv>
            </TextLine>
            <TextLine id="r1l68" custom="readingOrder {index:33;}">
                <Coords points="800,1502 907,1485 944,1499 1011,1486 1029,1501 1083,1486 1292,1494 1298,1460 800,1461"/>
                <Baseline points="805,1483 830,1483 856,1483 882,1483 907,1483 933,1483 959,1482 984,1482 1010,1482 1036,1482 1061,1482 1087,1482 1113,1482 1138,1482 1164,1482 1190,1482 1215,1482 1241,1482 1267,1482 1293,1482"/>
                <TextEquiv>
                    <Unicode>potest esse tale, ex quo constituitur illud</Unicode>
                </TextEquiv>
            </TextLine>
            <TextLine id="r1l70" custom="readingOrder {index:34;}">
                <Coords points="797,1531 1147,1524 1227,1539 1305,1528 1305,1500 797,1502"/>
                <Baseline points="802,1524 828,1523 854,1523 880,1522 906,1522 933,1522 959,1522 985,1522 1011,1522 1037,1522 1064,1522 1090,1522 1116,1522 1142,1522 1168,1522 1195,1522 1221,1522 1247,1522 1273,1522 1300,1522"/>
                <TextEquiv>
                    <Unicode>totum, vt cor in animali. D.d. neque vbi¬</Unicode>
                </TextEquiv>
            </TextLine>
            <TextLine id="r1l72" custom="readingOrder {index:35;}">
                <Coords points="792,1571 1298,1578 1298,1540 938,1543 906,1528 792,1545"/>
                <Baseline points="797,1562 823,1562 849,1562 875,1561 901,1561 927,1561 953,1561 979,1561 1005,1561 1031,1561 1058,1561 1084,1561 1110,1561 1136,1561 1162,1561 1188,1561 1214,1561 1240,1561 1266,1562 1293,1562"/>
                <TextEquiv>
                    <Unicode>cunque fuerit, &amp;c i. neque in quacunque</Unicode>
                </TextEquiv>
            </TextLine>
            <TextLine id="r1l75" custom="readingOrder {index:36;}">
                <Coords points="794,1611 1303,1609 1303,1580 1206,1588 1061,1570 987,1582 970,1568 948,1582 794,1580"/>
                <Baseline points="799,1600 825,1601 851,1601 877,1601 904,1601 930,1602 956,1602 982,1602 1009,1601 1035,1601 1061,1601 1087,1601 1114,1601 1140,1601 1166,1601 1192,1601 1219,1601 1245,1601 1271,1601 1298,1601"/>
                <TextEquiv>
                    <Unicode>quantitate fuerit diminutio, neque</Unicode>
                </TextEquiv>
            </TextLine>
            <TextLine id="r1l77" custom="readingOrder {index:37;}">
                <Coords points="795,1646 844,1658 1055,1643 1299,1650 1299,1612 795,1621"/>
                <Baseline points="800,1640 826,1640 852,1639 878,1639 904,1639 930,1639 956,1639 982,1639 1008,1639 1034,1640 1060,1640 1086,1640 1112,1640 1138,1640 1164,1640 1190,1639 1216,1639 1242,1639 1268,1638 1294,1637"/>
                <TextEquiv>
                    <Unicode>in quocunque loco dicitur diminutum me¬</Unicode>
                </TextEquiv>
            </TextLine>
            <TextLine id="r1l79" custom="readingOrder {index:38;}">
                <Coords points="800,1691 963,1684 1003,1703 1059,1684 1164,1698 1308,1683 1308,1661 1230,1660 1217,1646 1200,1660 1062,1647 1042,1660 890,1663 801,1649"/>
                <Baseline points="805,1679 831,1679 857,1679 883,1679 909,1679 936,1679 962,1679 988,1679 1014,1679 1040,1679 1067,1679 1093,1679 1119,1679 1145,1679 1171,1679 1198,1679 1224,1679 1250,1679 1276,1680 1303,1680"/>
                <TextEquiv>
                    <Unicode>brum. vt arca perforata. perforatio</Unicode>
                </TextEquiv>
            </TextLine>
            <TextLine id="r1l81" custom="readingOrder {index:39;}">
                <Coords points="790,1728 1287,1729 1309,1724 1309,1693 1112,1693 1096,1709 951,1686 790,1696"/>
                <Baseline points="795,1719 820,1719 845,1718 871,1718 896,1718 922,1718 947,1719 973,1719 998,1719 1024,1719 1049,1719 1074,1719 1100,1719 1125,1719 1151,1719 1176,1719 1202,1719 1227,1719 1253,1719 1278,1719 1304,1719"/>
                <TextEquiv>
                    <Unicode>enim est diminntio, &amp; non dicitur esse</Unicode>
                </TextEquiv>
            </TextLine>
            <TextLine id="r1l83" custom="readingOrder {index:40;}">
                <Coords points="793,1762 1307,1762 1291,1726 1267,1739 1081,1730 1057,1748 994,1726 944,1740 793,1733"/>
                <Baseline points="798,1758 823,1758 848,1758 873,1758 898,1758 924,1759 949,1759 974,1759 999,1759 1024,1759 1050,1759 1075,1759 1100,1759 1125,1759 1150,1758 1176,1758 1201,1758 1226,1758 1251,1758 1276,1758 1302,1758"/>
                <TextEquiv>
                    <Unicode>diminuta mebro. D.d. sed cum di¬</Unicode>
                </TextEquiv>
            </TextLine>
            <TextLine id="r1l85" custom="readingOrder {index:41;}">
                <Coords points="796,1801 1308,1810 1308,1772 796,1773"/>
                <Baseline points="801,1796 826,1796 851,1797 876,1797 901,1797 926,1797 951,1798 976,1798 1001,1798 1026,1798 1052,1798 1077,1798 1102,1798 1127,1798 1152,1798 1177,1798 1202,1797 1227,1798 1252,1798 1277,1798 1303,1798"/>
                <TextEquiv>
                    <Unicode>minuitur, aut aure, &amp;c. i. quando diminuitur</Unicode>
                </TextEquiv>
            </TextLine>
            <TextLine id="r1l87" custom="readingOrder {index:42;}">
                <Coords points="797,1842 1306,1851 1306,1813 1288,1804 1150,1818 1003,1804 797,1812"/>
                <Baseline points="802,1835 828,1836 854,1836 880,1837 907,1837 933,1837 959,1837 985,1837 1012,1837 1038,1837 1064,1837 1090,1837 1117,1837 1143,1837 1169,1837 1195,1837 1222,1838 1248,1838 1274,1838 1301,1838"/>
                <TextEquiv>
                    <Unicode>aliquod membrum organicum secundum</Unicode>
                </TextEquiv>
            </TextLine>
            <TextLine id="r1l89" custom="readingOrder {index:43;}">
                <Coords points="791,1879 1299,1890 1299,1853 791,1855"/>
                <Baseline points="796,1874 822,1875 848,1875 874,1876 900,1876 927,1876 953,1876 979,1876 1005,1876 1031,1876 1058,1876 1084,1876 1110,1876 1136,1876 1162,1876 1189,1876 1215,1876 1241,1876 1267,1876 1294,1876"/>
                <TextEquiv>
                    <Unicode>totum, non fit diminutio in quan </Unicode>
                </TextEquiv>
            </TextLine>
            <TextEquiv>
                <Unicode>cesse est ergo, vt diminutum mem. 
bro habeat partes non consimiles,
aut vt duas partes, aut tres. Deinde
d. Et vniuersaliter, &amp;c. i. &amp; vniuersa¬
liter oportet dimihutum membro
vt non sit ex eis, ex quorum situ par
tium non accidant diuersitas in for¬
ifia, vt aqua &amp; ignis, quoniam, quando partes
talium diuersantur in situ, non di¬
uersabuntur formae, econtrario eis,
quae sunt composita ex partibus non
consimilibus. Deinde d. sed opor¬
tet vt ista sint, &amp;c. i. sed oportet vt ta
lia sint composita ex partibus haben
tibus situm, &amp; situs intrat earum sub¬
stantiam, i. est necessarius ad earum
esse, sicut hepar. quoniam vnum eorum,
ex quibus constituitur, est suus sit,
ex membris vicinantibus. D.d. Et
etiam vt sint continua, &amp;c. i. &amp; etiam
est necessarium, vt partes non consi
miles sint continuae adinuicem, quoniam
cum non fuerint continua adinuicem
non erit ex eis totum, neques aliquid
vnum. D.d. compositio enim, &amp;c. i.
&amp; potest intelligi sic: composita enim
ex non consimilibus habent situm: sed 
non dicuntur diminuta a membro,
nisi fuerint continua. D.d. Et cum
hoc, &amp;c. i. neque omnia, quae existunt,
secundum totum, ex quibus diminuitur ali¬
quod mebrum, quodcunque mebrum
sit, dicuntur diminuta. illud. en membrum
potest esse tale, ex quo constituitur illud
totum, vt cor in animali. D.d. neque vbi¬
cunque fuerit, &amp;c i. neque in quacunque
quantitate fuerit diminutio, neque
in quocunque loco dicitur diminutum me¬
brum. vt arca perforata. perforatio
enim est diminntio, &amp; non dicitur esse
diminuta mebro. D.d. sed cum di¬
minuitur, aut aure, &amp;c. i. quando diminuitur
aliquod membrum organicum secundum
totum, non fit diminutio in quan </Unicode>
            </TextEquiv>
        </TextRegion>
    </Page>
</PcGts>
