1475 2066
154 132 707 186 A Dehis igitur, qui vnam, qua
196 173 708 219 sem diximus, causam ponunt, haec
196 212 701 266 dicta sint. Idipsum autem & siquit
205 257 705 307 haec plura ponit, vt Empedocles
197 309 707 358 quatuor corpora ait esse mate¬
196 340 699 386 riam. etenim huic partim eadem
198 383 705 434 partim propria necesse est acci¬
196 426 703 479 dere. Nam & quod inuicem fiunt, vt
198 469 701 524 demus, tanquam non semper igne
194 517 703 554 & terra manente eodem corpo¬
192 550 710 594 re, dictum autem de eis in de Natu
195 596 705 635 ralibus est. Deque causa mouentium,
196 637 704 690 vtrum vnum, an duo ponenda
202 678 706 722 sint, neque recte, neque irrationabi
197 720 705 762 liter omnino arbitrandum est dictum
194 764 704 802 fuisse. Et simpliciter alterationem,
196 812 708 850 auferant necesse est, qui ita dicunt.
198 853 702 899 non enim ex calido frigidum, nec ex
197 887 701 939 frigido calidum erit. Quid enim ipsa
197 931 703 986 contraria patiuntur, & quaenam
202 969 705 1018 vna natura sit, quae ignis & aqua
197 1013 680 1067 fiate quod ille minime inquit,
234 1071 699 1139 Sint igitur ea, quae dicentur pon¬
188 1122 692 1183 tibus eandem causam, quae sit an
194 1173 705 1236 te, isti sermones diffi. Et per istam
200 1221 702 1278 viam camus cum ponentibus eam
192 1268 694 1326 plures vna, sicut Empedo. dicit. n
192 1316 706 1379 quod corpora materialia sunt quae
190 1364 694 1426 tuor. contingunt enim eit ista eadem
190 1412 702 1474 & alia propria contingentia necer
189 1461 697 1515 Tario. Et iam locuti fuimus de re¬
192 1509 702 1570 bus, quae videntur alterari adinut
191 1557 696 1602 cem, cum non remaneant in ead.
188 1604 691 1667 dispositione semper, sicut ignis, &
189 1652 702 1714 t erra, & ipsum corpus. & iam le
194 1701 699 1762 cuti fuimus in eis in naturalibus,
188 1749 706 1810 Et in causa mobilium de ponente
202 1797 705 1858 vnam causam, aut duas non recto
731 124 1285 188 dixcit. Et non bene dixit etiam, qui
739 178 1245 234 abstulit alterationem vniuersali¬
730 226 1232 290 ter. contingit enim dicentibus hoc
738 276 1240 341 vt ex calido non fiat frigidum, ne
732 323 1240 379 que ex frigido calidum. idem enim
737 380 1234 435 non recipit contraeria. Quapropter
735 421 1239 482 natura generata vniuersalis de¬
742 469 1245 530 bet esse vna, aut ignis, aut aqua.
731 517 998 578 quod nullus dixit.
773 563 1237 617 Cum istis igitur contradictionibus
732 605 1241 652 contradicamus aliis dicentibus, quod cam
739 645 1239 697 materialis est vnum corpus istorum
737 686 1239 722 quatuor. & sicut contingit dicenti¬
734 720 1224 762 bus vnum elementum, & illud ele
739 760 1240 802 mentum sit compositum ex alio, sicut
737 805 1245 855 contingit Empedocli: quoniam vterque eo¬
741 844 1236 891 rum facit generationem per congrega¬
740 883 1243 930 tionem partium, & corruptionem
732 924 1240 962 per segregationem earum: & sic contin
732 957 1240 1004 oit eis, vt aliquid sit prius elemento,
736 983 1243 1034 & cauma in hoc est, quia nullus eorum
740 1030 1240 1074 dicit alterationem esse. D.d. contin
734 1077 1242 1114 runt enim ei, &c. i. contiigunt enim
739 1101 1242 1154 Empedocli impossibilia ista, quae con
733 1151 1243 1201 tingunt dicentibus quod eftum eest vnum
732 1196 1248 1241 quatuor, & estam alia propria. D.d. Et
737 1228 1239 1266 iam locuti fuimus, &c. i. & iam decla¬
734 1266 1238 1306 ratum est in Scientia Naturali. quia
738 1304 1241 1346 cum ista quatuor corpora videntur
734 1342 1239 1384 alterari adinuicem in accidentibus, &
736 1385 1236 1425 formis substantialibus, remanenti¬
738 1422 1237 1467 bus illis in hac corporeitate sincula
735 1451 1239 1512 ri, declaratur quod generatio eorum non
734 1501 1237 1554 est per congregationem & segrega
732 1541 1224 1588 tionem, i. per densitatem & raritate
734 1574 1234 1618 Densitas enim & raritas non faciunt tram
733 1614 1242 1666 mutationem in substantia, neque in
742 1652 1232 1699 qualitate, cum sint de situ. Et simil
732 1700 1232 1738 ter dicentibus, quod elementa sunt co¬
734 1733 1239 1784 pora indiuisibilia, contingit non ex
732 1776 1245 1810 se alterationem in substantia, neque
728 1812 1242 1850 in qualitate: neque transmutationem
