1475 2066
199 141 714 186 illud idem pro materia. D.d. sicut
209 189 723 226 forma & materia vnum in genere:
216 221 712 266 in sicut ex materia & forma fit vnum
220 265 713 306 D.d. Et omnia, quae dicuntur, &c. i.
218 305 715 355 & omnia praedicamenta sunt talia
219 341 719 394 in genere: quaedam enim significant
214 381 718 426 substantiam, & quaedam quantum,
210 420 716 471 & quaedam quale: & ista non collo¬
215 468 713 498 cantur in eadem natura: non enim
215 504 721 553 alterantur adinuicem, neque alteran¬
216 541 408 578 tur ad vnum,
330 597 599 650 be Falso. Cap. 2¬
254 644 712 691 VAlsum dicitur vno modo,
241 680 709 738 b vt res falsa. & huius, hoc quod
217 721 719 778 A dem eo quod non componitur,
217 769 714 819 aut quod impossibile sit componi¬
212 820 716 859 quemadmodum dicitur diame
216 853 716 906 trum esse commensurabilem, aut
212 900 715 946 te sedere. horum enim illud quidem
208 941 715 997 semper hoc vero aliquando falsum
208 981 715 1026 est, sic enim non entia haec. Alio ve¬
212 1024 714 1074 ro, quaecumque sunt quidem entia,
210 1076 716 1112 apta tamen natura sunt apparere, aut
212 1116 711 1154 non qualia sunt, aut quae non sunt,
208 1150 719 1195 vt vmbra picturae, & insomnia.
212 1193 709 1243 haec enim sunt quidem aliquid
210 1237 712 1291 sed non sunt ea, quorum faciunt
217 1285 717 1330 imaginationem. res itaque falsae sic
217 1318 708 1362 dicuntur, aut eo quod non sunt, au
208 1363 709 1420 eo quod imaginatio ab eis facta non
212 1404 716 1450 entis est. Oratio vero falsa, prut
209 1452 711 1498 falsa est, quae non entium est. vt
213 1496 711 1531 de omnis oratio falsa alterius est
214 1534 717 1584 quam eius, cuius est vera. vt puta quae
209 1572 709 1621 circuli, falsa trianguli. Cuiusque
210 1621 706 1666 vero oratio quodam modo qui
211 1661 718 1711 dem vna, quae est ipsius quid erat
213 1701 700 1746 esse, quodam modo vero multae
209 1742 717 1786 quoniam idem quodam modo
202 1784 713 1840 est ipsum, & ipsum passuml. vt
200 1828 721 1874 Socrates, & Socrates musicus.
750 141 1257 194 falsa vero oratio nullius est sim¬
748 189 1258 243 pliciter oratio. Quare Antisthe¬
746 229 1260 274 nes inscite putabat, nihil ducens
744 271 1248 314 dignum dici, nisi propria ratio¬
750 325 1252 362 ne vnum de re vna, ex quibus ac¬
748 359 1257 402 cidebat non esse contradicere. se
744 397 1256 448 re autem, neque mentiri. est autem
755 452 1254 496 vnumquodque dicere, non solum
745 484 1253 529 sua ratione, sed etiam ea, quae al¬
751 532 1238 571 terius est: & false quidem omnino
744 567 1252 610 quodam autem modo etiam vere.
753 613 1249 660 quemadmodum octo dupla sunt,
746 653 1248 698 ratione dualitatis. Quaedam igi
750 692 1251 739 tur ita falsa dicuntur. Homo ve¬
746 733 1250 786 ro falsus, qui promptus tales eli
750 780 1249 828 git orationes, non propter aliquid
747 821 1255 874 aliud, sed propter idipsum, & quid
750 868 1257 914 aliis talium orationum causa quem
745 916 1246 947 admodum res falsas esse dicimus,
748 949 1255 1003 quae falsam imaginationem fa¬
751 988 1248 1043 ciunt. Vnde omnio, quae apud Hip
743 1033 1257 1086 piam est: sophistica est, quod idem
746 1082 1246 1122 sit mendax & verax. Eum nan¬
750 1120 1250 1170 que, qui potest mentiri, accipit
753 1159 1253 1210 vt mendacem, hic vero sapiens
747 1205 1252 1251 & prudens est, item eum, qui spon
749 1244 1255 1290 te prauus est, meliorem ait. hoc
749 1289 1253 1338 autem falsum per inductionem
740 1341 1244 1378 accipit. qui enim sponte claudicat
749 1377 1259 1418 melior est eo, qui inuitus, claudi
751 1413 1257 1459 care dicens, pro imitari. nam si clau
750 1456 1258 1498 dus sponte, esset peior fortassis.
746 1501 1257 1546 quemandmodum in moribus & hoc.
801 1540 1253 1602 Falsum dicitur vno modo, sicut
742 1589 1259 1650 aliquod falsum. quoddam, quia est con¬
740 1636 1260 1707 positu, aut quia est impossibile con¬
745 1677 1257 1746 poni. sicut dicitur, quod diameter
740 1733 1252 1787 est symeter costae, aut te sedere. il¬
738 1781 1254 1842 lud enim semper est falsum hoc
742 1833 1259 1890 autem in aliquo tempore: & ista
