1475 2066
220 148 744 210 non sunt idem. Et quaedam, sicut il
226 197 745 258 la, quae non apparent, sicut sunt in
228 251 736 307 natura, aut apparent quae non sunt,
236 300 733 359 sicut vmbrae imaginatae, & som¬
232 341 736 408 nia. ista enim sunt aliquid, sed non
236 397 744 457 sunt illa, quae imaginantur, res enim
237 443 737 490 dicuntur falsae secundum hunc mo
229 493 749 555 dum, aut quia non sunt, aut quia
237 541 741 602 imaginatio non est alicuus. Et di¬
233 588 739 646 citur sermo falsus ille ex eis, quae
226 637 742 699 non sunt, secudum quod est falsum,
235 684 745 746 & ideo omnis sermo, qui dicitur
227 733 741 794 de alio, est falsus praeter illum, qui
235 781 743 839 dicitur de eo, cuius est verus. sicut
228 829 740 890 sermo circuli, qui est falsus de tria
228 877 699 941 gulo. Et definitio cuiuslibet rei
228 922 739 986 significat essentiam rei, forte est
231 973 741 1048 sicut vnum, & forte est sicut plu¬
237 1036 727 1087 ra. sunt enim cum passiuis idem
233 1076 743 1136 & sunt idem quo quo modo. vt So¬
233 1132 743 1178 crates, & Socrates musicus, sermo
224 1172 741 1233 autem falsus non est sermo alicu¬
235 1219 749 1283 ius. Et ideo Antisthenes opinaba
230 1268 738 1330 tur quod non oportet aliquid dice¬
220 1316 743 1378 re omnino praeter illud, quod dici¬
230 1365 751 1427 tur proprio sermone, qui est vnius
237 1413 745 1474 ex vno. & accidit ex hoc vt sermo
230 1461 745 1523 non sit omnino, neque, falsum etiam
232 1508 750 1572 possibile. possibile est enim dicere
233 1557 745 1618 quodlibet esse falsum omnino non
227 1610 745 1666 secundum suam definitionem tan¬
227 1658 743 1707 tum, sed secundum definitionem al¬
228 1708 749 1765 terius etiam aliquo modo. & alio
235 1756 737 1820 modo possibile est ipsum dicere ve
233 1804 747 1867 rum. & sicut octo, qui est multipli
233 1853 723 1915 catio per definitionem duorum.
759 149 1288 219 Quaedam igitur dicuntur falsa hoc,
762 203 1272 261 modo, & sunt omnia, quae faciunt
772 250 1277 306 imacinari falsa. Et ideo dicitur in
775 298 1266 354 quodam sermone quod falsidicus
780 349 1281 402 & veridicus sunt idem. Accipit
768 396 1271 450 enim falsum illud, quod potest fal¬
774 444 1274 508 sificare, & iste est intelliges, apud
772 493 1280 554 quem est cognitio. & etiam acce¬
770 540 1284 602 pit quod faciens malum sponte est
774 589 1285 650 inetior. & hoc est falsum. & ipse
777 635 1279 698 accepit hoc ex sermone sequenti, et
779 684 1286 747 est quod qui humiliatur sponte, est
770 733 1278 794 melior, quam ille, qui humiliatur
784 781 1278 842 vi. & dico hoc modo similitudinis.
771 828 1283 890 & si non, ille qui humiliatur spon¬
771 877 1285 938 te est peror, sicut illa, quae dicun¬
777 926 1005 970 tur in moribus.
809 973 1289 1018 Idest & falsum dicitur, quod non
776 1013 1272 1066 conuenit descriptioni rei possibilis
778 1052 1289 1106 & est opinari aliquid econuerso esse
778 1097 1290 1139 ei, quod est. & hoc duobus modis, aut
780 1136 1290 1187 possibile vt reuertatur verum. v. g. cum
773 1173 1287 1226 dicimus, quod Socrates est stans, quando So
778 1213 1288 1263 crates est sedens. hoc enim falsum potest
780 1253 1286 1290 redire in verum. aut impossibile, sicut dici
771 1293 1280 1345 mus, quod diameter est symeter costae
779 1332 1309 1377 D.d. & ista non sunt idem, &c. & in¬
780 1367 1286 1422 tendit, quod falsum possibile, & falsum
778 1408 1264 1450 impossibile sunt duae naturae diuersae¬
783 1450 1279 1503 D.d. Et quaedam, sicut illa, &c. i. & fal
779 1492 1287 1530 sum dicitur etiam de rebus, quae ima
780 1525 1292 1581 ginantur secundum quod non sunt in esse, aut
780 1573 1285 1610 non sunt omnino. Et iste modus fal
782 1608 1295 1658 sitatis est in intelligere, & primus in¬
780 1637 1295 1688 credere. Deinde dicit: sicut vmbrae
772 1686 1288 1731 imaginatae, & somnia, idest, sicut il
779 1725 1293 1780 lud, quod imaginatur in somniis, &
780 1765 1297 1811 in vmbris rerum, scilicet ipsas esse
776 1805 1298 1851 res. Deinde dicit. ista enim sunt
781 1852 1301 1901 aliquid, &c. idest, istae enim imagi¬
