1475 2066
203 156 720 207 nationes sunt aliqua existentia in in
216 205 728 249 tellectu: sed illud, quod imaginatur ex
220 237 727 283 eis, non existit extra animam. D.d. res
221 276 724 317 enim dicuntur falsae, &c. i. & falsum di
224 315 725 354 citur duobus modis. In fide autem est
221 351 726 406 opinari illud, quod non est quod est, aut
220 391 721 440 econverso scilicet falsum, quid est in compo
219 432 723 484 sitione. Intelligere autem est vt ali¬
218 477 721 523 quid intelligatur, non secundum quod est, aut
223 509 721 554 intelligatur illud, quod non est. D.d. Et
223 549 723 586 dicitur sermo falsus, &c. i. & dicitur
212 589 713 634 falsum de sermonibus veris, cum di
212 629 722 674 cuntur non de illis, de quibus veridicant,
226 665 720 706 vt definitio circuli, quae falsat in triam
224 716 716 759 gulo, & in omni sigura, quae est praeter
226 742 718 794 circulum. Et quasi intendebat, quod fal
220 784 727 826 sum intelligendo aliquid est duobus
222 822 720 876 modis. vno modo, qui omnino non veri¬
222 870 719 906 dicat, & est falsus essentialiter: & alio
226 900 720 955 modo, qui veridicat, quando praedicatur
220 940 726 991 de illo, cuius est definitio, & si praedi¬
216 979 724 1018 cetur de alio erit falsum: & hoc est fal
221 1020 711 1070 sum quasi per accidens. D.d. Et defi¬
217 1061 713 1098 nitio cuiuslibet rei, &c. i. & dictiones
222 1101 718 1151 significantes essentiam. & substantiam
222 1141 716 1191 rei, quandomquiae significant de definito vnam
222 1178 717 1218 intentionem, & sunt definitiones sub¬
224 1214 721 1258 stantiarum: & forte significant ex re
223 1261 717 1307 plures intentiones vna intentione
220 1293 725 1338 & sunt definitiones accidentium. In
223 1334 723 1379 definitionibus enim accidentium sumum
220 1379 710 1418 tur subiecta, in quibus existunt. vn
218 1412 718 1467 de definitiones eorum componuntur
217 1453 717 1504 ex pluribus natura vna: & ideo di¬
213 1492 717 1542 xit: sunt enim cum passiuis, &c. i. acci¬
214 1533 720 1584 dentia enim & eorum receptibilia sunt
212 1573 704 1624 idem quoquo modo. & ideo habent de¬
218 1612 710 1650 finitionem aliquam, vt post decla
220 1648 717 1690 rabitur. D.d. vt Socrates, &c. idest
212 1688 715 1738 vt definitio Socratis musici, quae
219 1729 719 1771 componitur ex Socrate & musico¬
219 1767 725 1810 D.d. sermo autem falsus, &c. idest &
212 1813 720 1857 definitiones falsae essentialiter, quae
209 1845 721 1890 non sunt definitiones omnino ali¬
752 165 1251 194 cuius. Deinde d. Et ideo Antisthe
757 203 1253 242 nes opinabatur, &c. i. & ideo opina
759 236 1255 274 batur, quod non debet aliquid defini¬
750 273 1256 325 ri omnino, neques significari nisi per
755 313 1262 365 vnicam dictionem, quae significet
752 352 1259 403 ex eo vnicam intentionem. & opina¬
758 389 1261 434 batur, quod verum est vnius cum vno¬
761 428 1265 474 vnde omnino definitiones intentio¬
759 476 1258 514 num vniuersalium non veridicantur
756 509 1253 560 de propriis. D.d. & accidit ex hoc,
749 549 1253 587 &c. i. sed accidit ex hoc vt non inue¬
751 596 1251 639 niatur sermo falsus omnino, neque
750 629 1255 677 verus & dicit hoc, quia sermo, qui
748 676 1239 719 est genus veri & falsi, est ex compo
750 708 1248 746 sitione &, cum compositio non fue¬
748 743 1246 786 rit, non erit verum & falsum. D.d.
754 788 1249 832 possibile est enim, &c. i. contingit eni
749 824 1265 867 secundum hunc sermonem vt omnia sint
752 860 1258 906 falsa non ex suis definitionibus tan¬
754 902 1249 947 tum, sed ex definitionibus aliorum,
750 949 1255 993 ex eo quod omnes definitiones compo
750 985 1256 1026 nuntur ex pluribus. D.d. & alio modn
757 1020 1257 1070 possibile est, &c. i. & cum dicimus,
757 1063 1259 1107 quod definitiones eorum falsant de ali
754 1100 1247 1150 quo non est verus sermo: sed quo
753 1148 1257 1192 quo modo falsant, & quoquo mo¬
750 1180 1259 1219 do veridicant. vt octo, in cuius defi¬
748 1220 1253 1266 finitione accipitur definitio duorum,
749 1255 1261 1307 cum dicitur, quod fit ex multiplicatio¬
754 1308 1257 1349 ne duorum per quatuor: & quoquo
755 1335 1257 1378 modo non veridicant: duo enim
750 1372 1262 1429 aliud est ab octo. D.d. Quaedam igitur,
757 1413 1249 1468 dicuntur falsa, &c. i. quaedam igitur eo
753 1451 1251 1498 rum, quae dicuntur falsa, dicuntur fal¬
752 1492 1261 1546 sa quia falso intelliguntur: & quaedam,
751 1540 1257 1586 quia falso creduntur D.d. Et ideo di¬
748 1573 1259 1611 citur in quodam sermone, &c. i. & ideo
753 1608 1263 1650 quidam homo fecit fallaciam in hoc
757 1651 1257 1698 ermone, & dixit: quod ille, qui veri¬
755 1689 1263 1730 dicat, & falsificat in eodem, est idem
750 1730 1257 1770 homo. Deinde respondit, & d. Ac¬
749 1766 1259 1818 cipit enim falsum, &c. idest & cau¬
744 1806 1263 1850 sa deceptionis istius hominis est in
744 1848 1264 1888 hoc, quod d. quod verum est idem
