1475 2066
190 133 704 198 cundum quiod sunt, non secundum
201 183 690 234 causam, quae est hic primo modo
200 236 707 291 nunc aute hic, est accidens. & ac¬
207 281 709 330 cidens non habet causam terminma
207 330 707 378 tam omnino, nisi casu. & secundit
200 375 700 426 hoc non est terminmatum. vt dicitur
204 429 702 484 quod accidit ire Athenas casu, i
201 475 705 530 sed non intendebat ire illuc, sed su
206 524 707 586 bito venit ventus fortis, aut latre
207 573 709 635 nes occupantes, & ducentes eos
208 621 711 665 illuc. & hoc est accidens, & non
200 668 704 730 est quod est, sed aliud. ventus enim
209 717 705 779 est causa cundi ad illum locu, qui
200 764 700 810 non intendebatur. Et dicitur acci¬
202 813 708 880 dens alio modo, vt omnia, quae sunt
203 860 704 922 alicuius per se, et non insubstantia.
200 909 706 978 vt triangulus habet rectum. ista
199 959 713 1023 autem possibile est vt sint aeterna
207 1005 705 1066 etiam, ex illis autem nullum. et ser¬
200 1057 602 1115 mones de hoc sunt in aliis.
239 1117 705 1169 Idest. Et accidens dicitur de illo, quod exi¬
208 1157 707 1207 stit in aliquo vere, sed non necessario,
208 1197 701 1251 neque in maiori pte. v. g. vt aliquis fo¬
210 1237 710 1275 diat foueam ad plautandu, & inueniat
210 1274 700 1315 thesaurum. dicitur enim quod accidit fosfori. in
211 1313 700 1355 uenire enim thesaurum per fossuram ac
211 1358 706 1405 plantandum non est necessarium, neque
200 1390 709 1442 in maiori parte. D.d. Et similiter, &c. i. &
203 1433 699 1482 prope hanc intentionem est quod musi
205 1468 709 1515 cus non est albus. differunt tamen hae duc
208 1510 704 1562 intentiones. prima enim est de casu, hoc
207 1550 711 1599 autem de praedicabilibus per accidens. &
207 1588 709 1626 differunt in hoc, quod prima est causa & hoc
207 1629 703 1678 non est caus, sed adiunctum cum cam scilicet quod fos¬
206 1666 704 1706 sura est causa inueniendi thesaurum, sed
207 1704 707 1753 per accinis, non album enim non est cauma mu¬
202 1744 712 1786 sici, neque per se, neque per accidens: sed acci¬
206 1784 712 1836 dit homini, qui est causa musici, quod fuit
207 1821 713 1874 niger. & iam dedit differentia in Sedo Phy¬
736 124 1236 178 sicorum. D.d. Ergo, quia est aliquid,
741 175 1241 226 &c. i. quia omne, quod est in tempore, & lo¬
740 217 1240 259 co, dicitur in omni, quid conuenit loco
738 260 1241 298 aut tempori, quod est causa per accins non ve
737 295 1243 350 re, sed quia tantum conuenit in tempo¬
743 333 1237 378 re aut in loco. in loco autem sicut fos¬
732 373 1236 418 sura conuenit thesauro in loco fos¬
730 413 1240 458 surae: in tempore autem vt si cum fiat ali¬
738 453 1232 504 qua corruscatio, moriatur aliquod animal,
742 492 1245 531 D.d. & accidens non habet causam. idest
738 533 1242 584 quod dicitur fieri per accidens, non habet
734 572 1236 613 cauam, nisi casum. casus vero necessa¬
740 612 1237 652 rio non est caum causa enim terminata est,
733 652 1247 698 & non casus, & intendit per hoc, quod
736 693 1233 731 dicit, terminatum, terminatum in rei
741 726 1241 775 spectu causati, i. quod causatum non po¬
736 765 1244 810 test fieri nisi per illam. quod enim sit a
734 812 1233 854 pluribus causis, non erit a causa ter
736 844 1243 890 minata. & haec est dispositio eius, quid
732 891 1235 937 est a casu. & illa duo exempla, quae indu
734 924 1255 975 xit, sunt intellecta per se. Deinde in
733 965 1255 1002 duxit alium modum de accidente,
735 1003 1237 1043 & d. Et dicitur accis alio modo, &c. i.
739 1045 1237 1079 & hoc nomen accidens dicitur alio mo¬
739 1080 1233 1131 do sic, & est omne, quod naturaliter prae¬
741 1118 1227 1170 dicatur de aliquo, sed non est substans
736 1156 1241 1210 tia illius, de quo praedicatur. sicut di¬
741 1205 1237 1250 cimus quod triangulus habet tres angu¬
736 1236 1243 1287 los aequales duobus rectis. D.d. ista
734 1274 1240 1314 autem, &c. i. & istud accidens differt
734 1324 1239 1366 ab accidente praedicto in hoc, quod ex¬
732 1356 1231 1396 isto inuenitur aliquod necessarium,
734 1391 1237 1434 in praedicto autem nullum est necessa¬
732 1431 1229 1474 rium. & d. hoc, quia accidentia, qui
741 1468 1229 1517 dicuntur positione substantiae, quae¬
734 1515 1242 1562 dam sunt necessaria, quaedam non
736 1548 1243 1593 necessaria. scilicet separabilia. & sermo
735 1589 1239 1638 de hoc est in aliis, i. & loqui de acci¬
741 1628 1238 1678 dentibus, & de modis suis pertinet
777 1675 1207 1706 ad alium tractatum. etenim
813 1708 1161 1746 hic non intendit nisi ex¬
876 1756 1110 1802 ponere tantum
927 1788 1061 1826 nomina.
