1475 2066
224 152 746 210 AM 2SFor pe Trs
272 235 709 274 MExAprivs Iconv
328 293 639 339 22M2MSExEVS
320 366 657 411 Cum Auer. Commen
298 445 681 483 SVMMAE22222
262 501 744 530 in Prima declaratur, de quo ente prima
230 529 740 562 Philosophia consyderet, ex distinctione con
233 560 745 594 syderationis, & modi definiendi aliarum
239 590 652 626 scientiarum, quarum hic sit diuisio
271 621 742 659 in Secunda declarantur quaedam entis spe
233 654 677 698 cies, quae ab hac scientia secluduntur.
441 722 747 778 Frincipia, & causae
444 767 745 818 entium quaeruntur.
443 813 747 866 & patet, quod prout
443 853 735 898 entia sunt. Est et
442 899 738 947 enim aliqua sanita
236 941 744 985 tis, bonaeque habitudinis causa¬
230 985 742 1026 mathematicorum quoque princi
234 1025 744 1073 pia, elementa, & causae sunt, &
228 1066 746 1125 simpliciter omnis intellectualis
237 1115 743 1155 scientia, siue aliquo modo intel¬
239 1155 734 1194 lectu participans, circa causas
235 1196 747 1243 & principia, aut certiora, aut
242 1237 737 1290 simpliciora est. Attamen hae om
231 1281 731 1330 nes, circa vnum quid, & quod
236 1325 740 1362 dam genus circunscribentes, de
240 1365 739 1410 eo tractant, sed non de ente sim¬
234 1405 735 1461 pliciter nec prout ens est, neque
243 1448 737 1494 ipsius quid est vllam rationem
235 1493 745 1538 faciunt: sed ex hoc, quaedam sen
233 1540 735 1577 su illud manifestum facientes
242 1581 742 1619 quaedam suppositione ipsum quid
239 1619 743 1670 est accipientes, consequenter ea,
236 1674 743 1713 quae per se generi insunt, circa
240 1705 741 1753 quod, unt, aut magis necessario
238 1749 746 1796 aut debilius demonstrant. Qua
241 1790 746 1835 re manifestum est non esse demon
240 1837 737 1882 strationem substantiae, ipsiusue
768 131 1317 186 quid est ex ipsa inductione, sed
775 188 1283 226 alium aliquem manifestationis
764 222 1282 268 modum. Similiter autem nec si
773 266 1281 313 est, aut non est geneus, circa quod
773 307 1279 363 tractant, quicquam dicunt, eo quod
766 349 1280 404 eiusdem mentis est & ipsum quid
773 389 1282 435 est manifestare: & si est hoc. Cum
770 434 1286 486 autem Naturalis etiam circa quod
776 477 1281 531 dam entis geneus scientia sit (et¬
773 517 1278 568 enim circa talem substantiam est,
775 563 1283 601 in qua principium est motus, &
769 604 1279 661 status, qui in ea est) patet quod neo
774 644 1281 691 actiua, nec factiua est. Factiuarum
775 693 1280 743 etenim in faciente principium
775 733 1275 778 est, aut intellectus, aut ars, aut ali¬
773 773 1283 820 qua potentia. actiuarum vero in
772 817 1287 866 agente electio. idem enim agibi
771 860 1277 904 le & eligibile. Quare, si omnis
779 901 1275 947 intellectus, aut actiuus, aut facti
777 944 1273 987 uus, aut speculatiuus est. Natu¬
774 989 1280 1042 ralis speculat iua, quaedam pro¬
769 1029 1285 1074 fecto est. sed speculatiua circa ta
775 1069 1278 1114 le ens. quod possibile moueri, &
774 1116 1281 1154 circa substant iam secundum ra
777 1157 1275 1202 tionem vtplurimum in separa¬
774 1199 1034 1242 bilem solum est.
812 1237 1271 1308 Manifestum est, quod principia,
775 1290 1263 1350 & causae entium sunt quaesita, se
777 1341 1273 1401 cundum quod sunt entia simpliciter.
768 1387 1270 1449 Aliqua enim est causa sanitatis,
770 1437 1274 1483 & infirmitatis. & res exercitabs
772 1485 1271 1547 les habent principia, & elementa
780 1533 1275 1594 & causas. & vniuersaliter omnis
770 1581 1273 1643 scientia cogitatiua habet principia.
772 1629 1271 1691 aut secundum finem perscrutatio¬
775 1681 1277 1730 nis, aut secudum perscrutationem
774 1733 1273 1794 simplicem. Et quia vnaquaeque, ista¬
773 1781 1279 1834 rum continet aliquod ens, & ali¬
770 1829 1280 1899 quod geneus, ideo vtitur illo, & non
