1475 2066
198 139 709 188 principium rerum artificiatarum, quod
209 177 702 219 est in nobis scilicet in artifice, est volunm¬
208 218 704 258 tas: artificiatum enim & voluntas idem
211 253 705 300 sunt in forma. Et intendebat ipse per
210 295 714 339 hoc, quod illa, quorum principium est
207 333 713 386 voluntas, sunt alia ab illis, quorum
202 375 713 421 principium est natura, & quod scientiae
210 413 716 458 istarum sunt diuersae. D.d. Omnis
211 452 705 507 igitur cogitatio, i. omnes igitur co¬
212 497 709 545 gitationes agentes & operantes, & qua
206 533 708 583 vtuntur argumentatione, sunt ar¬
209 581 711 626 guentes secundum aliquid, non arguentes
208 609 717 650 simpliciter, cum scientia in eis non
208 653 707 702 sit nisi propter opus. & per hunc ser
210 692 709 731 monem videtur quasi dare differe,
205 732 714 770 tiam inter scientias speculatiuas &
204 767 715 819 operatiuas: & si tantum det exemplum
213 807 713 858 de scientia Naturali. D.d. & ipsa per
208 844 706 885 scrutatur, &c. i. & intendit scientiam
208 886 710 932 Naturalem. & intendit per hoc, quod
210 922 699 962 dixit, formam & animam: sunt. enim im
207 965 701 1002 mobiles essentialiter: & plures par
204 1000 697 1042 tium eius animae non sunt abstra
207 1041 705 1091 ctae per de finitionem. Et dixit, in ma¬
204 1081 717 1122 iori parte, propter intellectum. Et
205 1124 716 1162 si fuerit lectus iste locus, & de substan
213 1158 707 1210 tia, quae impossibile est moueri, ad
209 1198 707 1250 dito illo aduerbio, non, tunc poteri
202 1237 701 1293 mus intelligere ex eo omnia, de qui
211 1277 693 1327 bus consyderat scientia Naturalis
204 1322 698 1369 sed in omnibus libris, a quibus con
212 1361 707 1411 reximus istum librum, quem glosa¬
210 1396 577 1442 mus, inuenimus sine non
258 1445 713 1490 Oportet autem vt non lateat.
211 1487 709 1530 quomodo ipsum quid erat esse
220 1529 713 1578 & ratio sit. nam absque hoc quae¬
218 1573 713 1627 rere, nihil est facere. Forum igitu
224 1613 721 1666 quae definiuntur, & ipsorum quid
216 1657 720 1704 est, quaedam quidem ita sunt, vt
213 1695 719 1750 ipsum simum, quaedam, vt ipsum
214 1749 709 1784 concauum. differunt autem haec
215 1777 719 1834 quoniam simum quidem vna acceptum,
198 1824 717 1867 est cum materia: est enim simum
733 132 1241 180 concauus nasus, concauitas ve¬
738 175 1238 226 ro absque materia sensibili. Si cur
737 221 1243 267 cta igitur naturalia ita, vt simum
745 264 1237 306 dicuntur, vt nasus, oculus, facies
745 310 1233 355 caro, os: omnino animal: folium,
743 349 1243 402 radix, cortex, omnino planta (nul¬
745 393 1240 450 lius enim eorum ratio absque mo
745 442 1247 482 tu, sed semper habet materiam)
737 485 1243 522 manifestum est quomodo in natu¬
734 521 1239 570 ralibus oportet ipsum quid est
740 561 1253 611 quaerere, & definire. & cur etiam
740 605 1243 651 de quandam anima speculari Na
745 647 1248 701 turalis est, quaecunque non sine
749 693 1253 746 materia. Quod igiturNaturalis
746 732 1250 778 speculatiua est, ex his patet. sed
746 776 1251 819 & Mathematica speculatiua est.
742 821 1248 858 verum si immobilium & sepa¬
743 862 1241 907 rabilium, adhuc non est manife¬
737 903 1239 945 stum, quod autem aliqua mathema¬
744 946 1238 986 tica, prout immobilia, & prou
743 989 1243 1034 separabilia sunt speculatur, dilu
743 1029 1236 1082 cidum est. Quod si quippiam est
745 1071 1237 1129 immobile, & perpetuum, & se
746 1117 1252 1165 parabile, patet quod speculatiuae est
740 1157 1249 1203 cognoscere, & non Naturalis: de
745 1199 1249 1242 mobilibus nanque quibusdam Na¬
747 1242 1251 1293 turalis est, nec Mathematicae, sed
747 1285 1255 1333 prioris ambabus. etenim circa
744 1326 1240 1370 inseparabilia quidem, sed non im¬
740 1370 1243 1411 mobilia. ipsius vero Mathema¬
745 1413 1243 1457 ticae nonnullae sunt circa immo
744 1453 1250 1507 bilia quidem, non tamen separa
741 1495 1259 1538 bilia fortasse, sed vt materia. Pri¬
748 1538 1252 1579 ma vero etiam circa separabilia
740 1581 1254 1626 & immobilia. Necesse autem est,
755 1629 1249 1666 omnes quidem causas perpetuas
744 1662 1255 1706 esse, maxime vero has. hae etenim
748 1705 1241 1746 causae manifestius diuinorum sunt,
756 1749 1236 1804 Quare tres vtique erunt specula¬
755 1789 1236 1836 tiuae Philosophiae, Mathemati
742 1831 1250 1884 ea, Naturalis. Theologia. Mani¬
