1475 2066
221 141 734 186 festum est enim quod, sicubi diui¬
232 184 734 229 num existit, in tali natura existit.
234 229 737 274 & honorabilissimam oportet cir¬
237 269 728 315 ca honorabilissimum geneus es
242 315 735 354 se. speculatiuae itaque aliis scien
234 355 730 410 tijs praeponem dae sunt, haec vere
236 396 444 450 speculatiuis.
282 459 734 528 Et oportet nos non ignorare il¬
231 510 734 575 lud, quod significat aliquid, qui
235 563 729 618 sit secundum essentiam & definitio
235 609 729 670 ne, qualiter est, quasi quaerere ab
234 651 725 714 que hoc, est facere nihil illa aut, u
234 706 726 767 determinmant & significant quid,
233 757 734 814 quadam sunt sicut simus, & quaedam si¬
228 802 735 866 cut profundum. & differentia etiam est,
229 853 733 918 quia quiodam accipiuntur cum materia,
234 901 740 959 profundum aut no. simus enim est pro¬
232 949 731 1002 fundum in naso: profunditas aut
236 997 738 1050 est sine materia sensibili. Et omnia
230 1044 732 1102 naturalia dicuntur modo simili il¬
228 1099 730 1154 li, quo dicitur simus, vt manus, &
230 1141 739 1202 oculus, & nasus, & caro, & os, et
233 1187 733 1249 totum animal: & folia, et radices.
238 1237 739 1299 & tota planta. definitio enim non fit
238 1285 733 1347 in aliquo istorum sine motu. man¬
232 1332 740 1400 festum est igitur, quod in rebus na
241 1381 731 1443 turalibus quaeritur quid sit mate¬
234 1438 735 1489 ria, & determinmatur, & quare sit
239 1477 733 1538 etiam. Naturalis enim habet consyde
234 1527 734 1587 rare de aliqua forma sci sa illa, quae est
235 1580 731 1634 non sine materia. Manifestum est
230 1629 726 1692 igitur ex hoc, quod scientia Natu¬
231 1676 736 1738 ralis est aliqua scientiaris specula¬
241 1725 733 1778 tiuarum. & et scientia Mathematica
230 1772 723 1834 est scientiarum speculatiuaru. sed ma
228 1821 733 1883 nifestum non est, si scientia rerum,
768 141 1292 202 quae non mouentur, est abstracta
773 193 1275 258 etiam. & si sit manifestum, quod
767 242 1271 297 quaedam mathematica non mouen¬
766 285 1265 346 tur, & sunt abstracta. Et si ali¬
769 333 1268 397 quid sit sempiternum non mobile.
766 386 1274 442 aut abstractum etiam, manifestu
770 437 1266 498 est etiam, quod cognitio eius eris
761 481 1273 543 in aliqua scientia speculatiua alia
771 531 1266 578 a Naturali. scientia. enim Naturalis
765 576 1273 634 est rerum mobilium. neque. Matbe¬
763 629 1267 691 matica, sed illa, quae est ante omnes
769 674 1275 729 istas, scientia enim Naturalis est,
767 723 1292 787 rerum inseparabilium, sed non im
766 773 1266 818 mobibum. Et Mathematicarum
765 819 1259 874 quaedam sunt rerum immobilium
764 869 1267 926 sed non videntur abstracta, sed quae
772 918 1266 970 si in materia. prima autem scien¬
765 965 1267 1026 tia erit rerum abstractarum, &
765 1013 1275 1075 quae non mouentur Vnde necesse
768 1060 1272 1122 vt omnia sint aeterna, & maxime
771 1108 1271 1171 ista, quoniam ista sunt causae ve¬
769 1156 1271 1219 rum apparentium ex diuinis. Mo¬
768 1205 1268 1266 di igitur Philosophiae essentiales
771 1253 1274 1304 sunt tres, Mathematicus, Natura.
765 1301 1292 1366 lis, & Diuinus. Nullus enim igno¬
764 1349 1272 1410 rat quod, si diuinus est, quod est in
773 1397 1268 1458 tali natura. & scientia nobilis de¬
769 1445 1273 1509 bet esse nobilis generis. aliae enim
764 1493 1269 1554 scientiae speculatiuae sunt valde bo
766 1545 1275 1595 nae. sed ista scientia est melior om¬
765 1595 1168 1651 nibus scientiis speculatiuis.
804 1669 1291 1723 Quia diuersitas artium fit per di a
769 1716 1268 1754 uersitatem modi terminorum vten
769 1750 1261 1793 dorum, incoepit declarare hoc, & d. Et
768 1789 1259 1834 oportet, &c. i. & oportet nos non igno
767 1828 1263 1873 rare modum vtendi definitionibus
