1475 2066
197 141 715 194 set hic alia substantia a sensibili, quod
213 183 697 226 non esset scientia prior Naturali.
212 222 709 266 D.d. Et si aliqua substantia mobilis,
214 260 708 314 &c. i. & manifestum est quod, si aliqua
214 301 703 351 substantia inmobilis est, quod ista sub
212 341 713 394 stantia est prima, & quod scientia istius
217 386 705 426 est scientia vniuersalis, & Philoso¬
212 420 702 471 phia prima. Et dixit in esse, quia or
217 458 711 499 do addiscendi istam scientiam est poste
197 495 713 554 rius, & ideo discimus eam post Physicam,
250 556 712 610 Et deente, put ens est, ac quid
212 604 706 650 est, & quae ei insunt, prout ens et
209 644 517 698 speculari huius est.
278 709 641 746 SVMMA SECVNDA.
242 755 708 794 Declarantur quaedam entis species, quae
197 781 540 818 ab hac scientia secluduntur,
230 837 680 882 Dari ens per accidens, quidque illud sit.
411 874 539 930 Cap. 2
379 930 717 989 Ed cum ens illud, quod
376 981 711 1034 simpliciter dicitur, multa
378 1028 710 1075 pliciter dicatur, quo¬
210 1056 359 1102 Ea: :at: ni
372 1069 705 1118 rum vnum quidem
206 1109 703 1155 erat, quod secundum accidens, aliud ve¬
209 1158 706 1204 ro, quod vt verum, & non ens vt
202 1197 709 1234 falsum: praeter haec autem sunt
211 1234 708 1290 praedicationis sigurae vt quid,
214 1264 706 1338 quale, quantum, vbi, quando, & si quid
205 1332 713 1370 aliud hoc modo significat: intem
208 1365 711 1418 praeter haec omnia, quod poten
208 1406 700 1450 tia, & actu: cum itaque ens multi
208 1445 713 1501 pliciter dicatur, primo de eo, quod
205 1493 707 1538 secundum accidens est, dicendum,
204 1532 704 1593 quod nulla circa illud specula¬
208 1580 714 1632 tio est. Signum autem, quod nulli scien
204 1620 699 1666 tiae curae est illud, neque actiuae
207 1666 716 1721 neque factiuae, neque speculatiuae.
212 1707 704 1753 Nec enim qui facit domum, fa
209 1754 707 1794 cit simul quae accidunt domui
205 1789 708 1845 factae. infinita namque sunt. quibus
210 1837 715 1890 dam enim delectabilem, quibus
732 140 1289 195 danoxiam, quibusdam vtilem D.
739 189 1243 230 nihil prohibet factam esse, & vt
742 229 1242 275 ita dicam, ob eas res omnes esse
742 269 1249 315 aliam, quarum nullius factiua est
742 311 1245 353 aedificatiua simili modo, Nec Geo
744 354 1242 410 metra ea, quae ita siguris accidunt
736 394 1243 443 speculatur, nec si diuersus trian¬
744 444 1242 490 gulus duos rectos habens. & hoc
742 485 1249 524 rationabiliter contingit. nam qua
733 524 1238 570 si nomine solum ipsum accidens
742 573 1246 623 est. Quare Plato non male quo¬
740 612 1250 666 dam modo circa Sophisticam ip¬
743 652 1244 698 sum non ens applicuit. Sophista
735 700 1245 738 rum etenim rationes circa acci¬
742 741 1239 794 dens, vt ita dicam, maxime om¬
737 781 1243 826 nium sunt. vtrum diuersum an¬
739 827 1244 876 idem musicum & grammaticum,
739 869 1241 914 & musicus Coriscus ac Coriscus,
736 917 1241 954 & si omne, quod est, non autem
739 951 1243 1003 semper factumest, quare si musicus
743 998 1236 1049 existens grammaticus factus eti
738 1035 1243 1082 & grammaticus existens musi¬
739 1083 1245 1135 cus, & quaecunque aliae orationum
742 1130 1242 1162 tales sunt. Videtur etenim acci¬
744 1165 1253 1212 dens propinquum quiddam est
739 1206 1249 1251 se non enti. hoc autem ex his etiam
751 1251 1245 1291 orationibus manifestum est. eo¬
744 1295 1236 1339 rum etenim, quae alio modo se
739 1333 1244 1378 habent, est generatio & corruptio:
738 1379 1245 1430 eorum autem, quae secundum
742 1421 1022 1474 accidens, non est.
784 1485 1250 1547 Et quia habet consyderationem
732 1533 1241 1594 de ente, secundum quod est ens, &
738 1581 1250 1644 quid sit. Sed cum ens, quod dicitur
735 1634 1224 1690 simpliciter, dicitur multis modis:
742 1685 1246 1738 quorum vnus, vt diximus, dicitur,
738 1733 1250 1794 per accidens, & vnus dicitur quae
736 1780 1243 1845 si verum, & non ens quasi falsum,
745 1829 1252 1896 & aliis modis ab istis modis sigu¬
