1475 2066
189 149 708 194 Aut de necessitate, aut in maiori par
210 191 699 242 te. & ideo in hoc genere impossibi¬
211 230 705 282 le est aliquam cognitionem esse. Et
209 268 705 314 hoc, quod d. quod scientia permanens
204 305 698 354 nonest nisi rerum necessariarum, aut
204 344 698 394 earum, quae sunt in maiori parte, ma
211 384 699 435 nifestum est per se. & quod impossibile
204 421 695 466 est addisci, aut sciri quid non est alte
211 461 704 517 rius istarum duarum dispositionum, quoniam,
204 502 688 556 sicut dixit, omne, quod definitur, aut dispo
205 549 699 593 nitur aliqua dispotiere, aut illa dispositio
209 583 701 631 erit ei necessaria, aut in maiori par¬
204 620 702 666 te. sicut dicimus, quod syrupus aceto sus
206 660 700 698 adiuuat febricitantes, quia adiuuat
210 708 697 754 eos in maiori parte. & si contingen
208 748 704 786 ter adiuuaret eos, aut in minori par
211 781 693 827 te, non haberemus scientiam perma
211 813 697 858 nentem in eo. D.d. Et impossibile est vt
207 857 689 898 aliud dicatur, &c. ita accidit in Luna
200 894 692 945 & intendit quod nouitas mensis est ne¬
204 936 694 979 cessaria non in maiori parte, sed il
203 972 699 1022 lud, quod est per accidens, neque est ne
205 1010 617 1067 cessarium, neque in maiori parte,
246 1066 690 1122 Quid itaque accidens est: & ob
197 1117 699 1172 quam causam, & quod non est eius scien¬
205 1162 695 1210 tia, dictum est. Quod autem sint pri
202 1198 703 1247 cipia & causae generabiles, &
194 1238 694 1290 corruptibiles, absque eo quod gene¬
202 1285 698 1336 rentur, & corrumpantur, mani
201 1324 703 1370 festum est. Etenim si non hoc, ex
201 1365 693 1418 necessitate omnia erunt, si eius
202 1408 695 1451 quod generatur, & corrumpitur non
198 1452 694 1502 secundum accidens causam aliquam ne¬
198 1492 693 1540 cesse sit esse. Vtrum enim erit hoc
192 1539 691 1578 an none Si hoc, fiet. sin vero non
196 1576 697 1618 minime. hoc vero, si aliud. &
200 1621 699 1666 hoc modo videlicet (tem pore sem
191 1660 690 1712 per dempto a tempore finito) de¬
195 1707 699 1763 uenies vsque ad nunc, quare hic
189 1748 689 1794 morietur aegritudine, aut vi, si. exi¬
189 1788 693 1842 uerit: hoc autem si aliud. & sic deue
193 1836 696 1890 niet ad id, quod nunc est, aut ali
735 149 1227 201 quid eorum, quae facta sunt. vt puta
731 194 1230 243 si sitiuerit. hoc vero, si comede¬
732 241 1231 282 rit acria. hoc vero aut est, aut non.
734 285 1233 325 quare necessario morietur, aut non
728 325 1234 377 morietur. Siliter & siquis ad iam fa¬
728 365 1232 410 cta ascenderit, eadem ratio est. iam
731 408 1237 451 enim hoc in aliquo est. dico autem,
735 450 1231 497 quod factum est. ex necessitate er¬
729 493 1228 546 go erunt omnia futura, vt mori vi¬
736 539 1220 592 uentem. iam enim aliquid factum est
734 579 1226 618 vt puta contraria in eodem corpo
731 621 1225 676 re. sed si aegritudine aut vi, non¬
728 660 1230 706 dum, sed si hoc factum fuerit. Pa¬
730 707 1224 761 tet igitur quod vsque ad aliquod vadit
730 749 1222 794 principium: hoc vero non am¬
730 789 1226 837 plius ad aliud. erit igitur hoc eius.
728 828 1232 881 quod vtcunque contingit, causaque
730 872 1231 923 generatio nis eius nulla. Sed in
730 917 1228 962 quale principium, & qualem cau
722 956 1065 1002 sam talis reductio est.
773 1004 1236 1067 pictu est igitur quid est acci¬
725 1052 1237 1114 dens, & quid ca accidentis. & quod
727 1100 1228 1166 nulla habet scientiam permanente. Quo¬
727 1149 1238 1218 niam aut principia, & causae sunt ge
724 1196 1229 1258 nerabilia & corruptibilia, et abs¬
729 1246 1235 1309 que eo quod generentur aut corru¬
728 1292 1240 1358 pantur, manifestu est. Quoniam, si
730 1353 1230 1394 hoc non fuerit, tunc omnia erunt nece,
729 1389 1229 1459 saria, quoniam, si illud, quod gene¬
732 1438 1233 1498 ratur & corrumpitur, non habuerit
729 1483 1243 1539 aliquam causam modo accidentali, tuc
733 1536 1245 1586 erit necessariu. Sicut dicimus, utru
730 1586 1242 1640 erit hoc aut non eritem hoc enim erit, si
732 1631 1242 1690 erit hoc, & si non, non. & hoc, si fue
722 1681 1236 1743 rit aliquid, & secudum hanc disponem,
732 1729 1243 1786 et manifestum est, quod seper diminut
725 1776 1233 1841 tur tempoes ex tempore finito. et siciter per¬
727 1823 1243 1890 uenit ad illud, quod est in instanti¬
