1475 2066
221 139 729 202 cognitione. & nulla cognitio est
232 188 728 250 de simplicibus, aut de illo quod
235 237 729 298 est. Oomnia igitur perscrutanda de
239 274 737 339 ente, quod est huiusmodi, & de eo,
237 333 739 394 quod non est, dicenda sunt post. Et cum
234 385 729 443 in cognitione est aut compositio, aut
230 429 726 491 diuisio, non in rebus, quod est. aliud
233 474 727 531 secundum hunc modu: ex rebus enim,
237 524 739 586 quae sunt in rei veritate, est illud
232 573 733 634 quod significat aut quid, aut qua¬
234 621 732 683 le, aut quatu, aut quod copulatur,
231 669 733 730 cu alio, & cogitatio diuidit illud:
221 716 730 781 dimittamus ergo ens, quod est quas
228 765 737 827 accidens, & quod est quasi veru.
228 813 734 858 causa enim vnius eorum non habet
232 861 730 920 definitione, & causa alterius est
229 909 734 976 cognitio. & vtrunque, est in genere,
235 957 733 1018 diminuto generm entis, & non sunt
237 1005 722 1067 ex eis, quae significant esse entis,
227 1052 725 1114 Et ideo dimittatur, & perscrutes
225 1100 724 1147 tur. Album in exemplari. Iam d.
231 1148 739 1210 clarauimus vbi diximus quod
236 1197 726 1258 vnaquaed rerum dicitur multis mo¬
230 1244 726 1306 dis. quoddam enim significat quid
221 1285 572 1354 Album in exemplari.
272 1348 731 1399 Modo narrat quid persrutandum
228 1388 726 1426 est de causa, ad quam ascendunt omne,
229 1424 735 1466 causae, quae sunt accidentales, aut essen
226 1469 731 1507 tiales, & d. Et oportet nos, &c. i. &
229 1515 739 1546 oportet nos multum persrutari de
228 1542 738 1586 causa accidentali, vtrum reducatur ad
224 1581 730 1635 causam materialem, vel finalem, vel agen¬
228 1627 737 1666 tem. & ipse iam declarauit in Secun¬
231 1660 737 1706 do Physicorum, quod reducitur ad cau
229 1701 733 1755 sam agentem. & forte propter hoc
229 1741 730 1791 dimisit hic loqui de illo. Et cum iam
226 1780 724 1833 declarauit, quod in hoc ente, quod est i
223 1828 737 1867 acis, non consyderat ista ars, d.
767 140 1265 193 Dimittamus igitur, &c. i. quia iam
763 181 1265 231 determinauimus de natura eius, quid
762 221 1262 258 sufficit. D.d. Et loquamur de vero
759 261 1269 298 ente. i. & cum iam locuti fuerimus
760 297 1268 339 de ente accuntali, loquamur de ente
766 341 1265 387 veridicanti, secundum quod est veridicans. &
760 372 1262 418 hoc est illud, quod est in anima. haec
762 415 1262 458 enim entia facta sunt ab intellectu,
765 455 1267 497 quando diuidit entia abinuicem, aut con¬
768 492 1266 544 ponit ea adinuicem. hoc igitur ens est
768 531 1262 583 vnum geneus generum entium, & est
769 570 1259 611 niversaliter istud ens tantum in affrmatio¬
762 614 1268 651 ne aut negatione. D.d. quia habet
762 649 1256 690 affirmationem, &c. i. vera enim affir¬
766 685 1264 738 matiua significat compositionem in
763 730 1265 778 entibus, & vera negatiua diuisionom,
770 764 1258 814 Et quia idem ens impossibile est quod sit con¬
762 804 1268 850 positum & diuisum insimul, ideo, si¬
762 842 1267 893 affirmatiua fuerit va, negatiua erit
760 885 1267 923 falsa. & quasi dicat, affirmatiua autem
762 918 1263 961 quia est vera, est ens in compositione,
762 959 1258 1012 quasi haberet negatiuam, cuius fals
760 1004 1258 1042 tas existit in diuisione, quoniam, cum affir¬
762 1045 1256 1079 matiua est vera per compositionem, ni
762 1077 1252 1128 gatiua est falsa per diuisionem. & simili
764 1116 1253 1168 quando negatiua est vera per diuisionem
760 1151 1252 1194 affirmatiua est falsa per componnem
784 1197 1257 1233 D.d. Qumodo antem accidit simul, &c.
761 1231 1259 1275 & intendebat per hunc sermonem declae
764 1272 1271 1314 iare diuersitatem duorum entium. scilicet
769 1310 1256 1360 entis, quod est in intellectu, & entis, quod
766 1350 1267 1400 est extra intellectum. Quod enim est
766 1389 1263 1440 in anima, contingit vt recipiat duo oppo
768 1428 1260 1466 sita insimul: quod autem est extra animam
760 1466 1258 1506 non & quasi dicat quoquomodo autem acc
764 1504 1254 1557 dit quod anima intelligit duo opposita in
766 1545 1260 1600 simul, quod non potest esse extra animam
764 1584 1258 1626 quia ma recipit contraria successiue
764 1622 1258 1666 loquendum est de eo in alio loco, & in
767 1661 1254 1706 nuit librum de Aima. D.d. in hoc cau
759 1700 1265 1739 sam, & d. Verum enim & falsum, &c.
760 1740 1263 1779 id est, & causa in hoc, quod intellectu
766 1778 1271 1835 comprehendit insimul duo opposita
766 1821 1265 1874 est, quia natuma primorum opposiiorum
