1475 2066
418 141 739 194 Ns multipliciter di
429 184 739 241 citur, que madmodum
427 224 733 277 in his quae de * quo¬
428 268 717 317 ties prius diuisimus
362 309 735 363 axdi sigenat enim aliud qui
237 349 729 394 dem quid est, & quod quid, aliud
239 397 722 449 vero quod quale, aut quantum
234 421 736 483 aut singula aliorum, quae ita praedicantur.
271 485 730 530 Ens dicitur multis modis, vt
230 533 733 595 prius liximus in sermone, in quo
224 581 725 633 diximus quot modis dicitur ali¬
230 628 724 698 quid. quoddam enim significat qui
236 677 719 738 est aliquid, & quod est hoc &
234 725 727 786 quoddam significat quod est quae¬
229 764 729 834 le, aut quantum, aut aliud eorum,
235 820 733 883 quae praedicantur in sermone secun¬
231 869 512 915 dum hunc modum.
405 917 726 962 lcit. &, cum sit declara¬
390 957 725 995 tum quod hoc nomen en
394 997 736 1043 dicitur mntltis modis, vt dictum
380 1026 730 1089 lem intra ctatu, in quo decla
232 1076 726 1114 rauimus nomnia vsitata in hac scientia. il
228 1115 734 1154 lic enim distinximus quod hoc nomon
234 1154 725 1207 ens quando quid significat quiditatem sub
228 1190 735 1235 stantiae demonstratae, & quandomques ipsam
228 1230 734 1282 substantiam demonstratam, & qunque
232 1270 729 1314 aliquod accidens in istis substantiis
219 1308 730 1361 aut quantitatem, aut qualitatem, aut
230 1349 732 1400 aliud eorum, quae praedicantur de substan
232 1389 728 1438 tiis non praedicatione declarante sub¬
228 1428 736 1466 stantias eorum, nec in responsione
232 1463 726 1507 ad quid est haec substantia demon¬
236 1503 730 1546 strata. Et hoc intendebat, cum d. &
234 1545 731 1590 quoddam significat, &c. i. & hoc no
229 1582 726 1626 men ens quandoque significat in substan¬
228 1629 735 1674 tiis qualitatem, aut quantitatem, aut
230 1661 731 1714 aliud accidentium praedicabilium
232 1701 720 1748 de eis: non ita quod declarent substan
234 1748 734 1784 sed praedicantur secundum quale, aut
236 1778 733 1827 quantum, aut vbi, aut quando,
231 1817 457 1858 aut alio modo.
810 69 1258 186 qusag.. cexd.
765 180 1269 234 patet primum horum ens esse ip¬
768 228 1264 282 sum quid est: quodque substantiam.
767 263 1273 320 significat. cum enim dicimus qua
762 309 1268 354 le quippiam hoc, aut bonum di
769 351 1265 394 cimus, aut malum, sed non tri¬
765 394 1265 442 cubitum, aut hominem. cum au
768 444 1271 491 tem quid est, non album, nec ca
761 477 1259 523 lidum, nec tricubitum, sed ho¬
759 517 1263 562 minem autur deum. Caetera vero
760 559 1257 602 entia dicuntur, eo quod vere entiae
759 612 1265 658 quaedam sunt quantitates, quae
766 645 1254 700 dam qualitates, quaedam passic
759 686 1259 731 nes, quaedam aliquid aliud tale¬
809 749 1264 794 Et, cum ens dicitur multis mo¬
763 796 1265 858 dis, manifestum est, quod primum
765 844 1263 906 ens istorum est illud, quod signifi¬
761 892 1257 957 cat quid, & hoc est illud, quod si¬
760 940 1262 1002 gnificat substantia, quoniam, cum
759 988 1269 1050 dicimus de aliquo quale est, dici¬
756 1037 1258 1090 mus aut bonum, aut malum, &
767 1084 1263 1138 non dicimus homo. &, cum inter¬
768 1133 1265 1195 rogatur quid est, non dicimus al¬
767 1180 1263 1226 bum, aut tricubitu, sed homo, aut
766 1229 1267 1290 deus. Et alia dicuntur entia, quia
766 1276 1265 1338 sunt entis, quod est huiusmodi, quae
757 1324 1271 1387 dam quantitates, & quaedam qua
767 1373 1251 1435 litates, & quaedam passiua, &
767 1421 1051 1482 quaedam aliud tale.
790 1468 1260 1520 Cum declarauit, quod hoc nomen ens
760 1509 1258 1558 significat substantiam, & accidentia
756 1548 1256 1594 substantiae, quae sunt nouem praedi¬
761 1584 1263 1634 camenta, intendit declarare, quod hoc
763 1623 1263 1676 nomen ens principaliter, & simpli¬
765 1660 1267 1713 citer significat praedicamentum sub¬
762 1700 1262 1739 stantiae, & secundario & determina
759 1741 1263 1779 te, scilicet relatiue ad substantiam, alia prae¬
762 1781 1259 1818 dicamenta accidentium, quae non
758 1820 1267 1866 dicuntur esse, nisi quia accidunt enti,
