1475 2066
216 141 745 186 quod est ens per se, scilicet substantiae. Et
232 185 725 226 d. Et, cum ens dicitur, &c. i. &, cum
232 225 730 267 declaratum est, quod hoc nomen ens di
228 268 723 305 de generibus praedicamentorum, ma
226 303 729 360 nifestum est, quod primum, de quo di
228 348 727 386 hoc nomen simpliciter, & principa
223 384 728 425 liter, est illud, quod dicitur in responsio¬
223 424 726 467 ne ad quid est hoc indiuiduum de¬
230 470 728 507 monstratum perse existens: & ista
222 509 730 547 interrogatio est de substantia. D. in
228 549 728 586 coepit declarare hoc ex modo intel
220 581 728 634 rogandi, & respodendi, & d quoniam, cum
224 621 730 666 dicimus de aliquo, &c. i. & signum
228 660 734 713 eius, quod illud, de quo interrogatur per
234 698 732 749 hoc nomen quid in indiuiduis sub¬
222 741 730 791 stantiae, est dignius hoc nomine ens,
232 774 722 830 est, quoniam, si interrogatur per alia non
224 816 739 867 mina interrogantia de indiuiduis
222 857 730 907 substantiae, non respondetur per ali
232 895 710 941 quid determinans quiditatem ei
228 933 730 987 v.g. quoniam, quando interrogatur, quale est
226 972 728 1011 istud demonstratum, aut eiusmodi
224 1011 726 1063 respondemus bonum aut malum
228 1055 736 1101 calidum aut frigidum: & non respon
233 1092 731 1142 demus ipsum esse hominem aut orben
232 1131 727 1177 quod intendebat per deum. Et cum
233 1172 729 1224 hoc interrogatur quid est illud ind
233 1210 729 1250 uiduum existens, quod dicitur sub¬
235 1249 721 1290 stantia, non respondemus ad hoc
226 1278 727 1345 aliquid extra essentiam eius. v. g. al
222 1327 728 1370 bum, aut calidum, aut tricubitu, sec
226 1369 735 1409 homo, aut orbis. Et intendehat per
235 1406 737 1450 hoc, quod praedicabilia, quae declarant
232 1446 733 1488 quiditatem indiuidui substantiae de
226 1489 726 1537 monstratae, sunt di gniora hoc nomni
224 1533 729 1574 ens, qua praedicabilia aliorum acciden
228 1564 714 1610 tium, cum nunquam notificent quod
230 1605 734 1657 ditatem substantiae. & ideo quod de¬
230 1645 723 1690 clarat quiditatem indiuidui substan
224 1682 728 1730 tiae est substantia. In hoc ergo capse
230 1722 725 1762 intendit declarare, quod quiditas indi
231 1760 721 1810 uidui substantiae est prior in esse qui
229 1797 731 1841 ditatibus accidentium. indiuiduum
220 1839 736 1891 enim substantiae prius esse aliis indi
767 141 1268 194 uiduis accidentium manifestum est
762 184 1246 234 per se. Et sciendum est, quod ista decla
768 225 1253 267 ratio est logica. & plures demonstra
764 266 1258 314 tiones in hac scientia sunt logicae, scilice
762 303 1264 354 quoniam propositiones eius sunt acceptae
759 344 1263 385 a Dialectica. Dialectica enim vsita¬
757 384 1259 425 tur duobus modis. vno modo, secundum
760 421 1266 466 quod est instrumentum: & sic vsitatur,
761 461 1267 507 in scientiis aliis. & alio modo, vt ac¬
760 501 1267 539 cipitur illud, quod declaratum est in
763 540 1262 590 illa in aliis scientiis, secundum quod accipitur,
767 579 1263 630 & secundum quod accipitur illud, quod decla¬
756 628 1268 666 ratum est in aliqua scientia specula¬
761 661 1270 698 tiua ad aliam scientiam, est cum ista
765 695 1261 745 consyderat de ente simpliciter. & pro¬
764 735 1264 784 positiones dialecticae sunt entis sim
760 772 1258 826 pliciter, sicut definitiones & descri
766 815 1132 863 ptiones, & alia dicta in eis.
806 867 1274 925 Vnde dubitauerit aliquis, vtrum
767 916 1256 965 ipsum ambulare, & sanum esse
764 963 1264 1003 ac sedere, & vnumquodque horum
765 997 1273 1042 ens an non ens est, similiter & de
761 1044 1265 1094 quocunque caeterorum similium.
761 1085 1265 1130 nihil enim horum est per se na¬
760 1133 1265 1171 tura aptum, neque possibile a sub
762 1166 1271 1217 stantia separari: sed magis, siqui
763 1213 1265 1263 dem ambulans entium aliquidam
758 1252 1269 1298 & sedens, & sanum. haec autem
756 1298 1256 1338 magis entia apparent, quoniam subit
766 1337 1269 1378 ctum eis determinatum est. hoc
762 1381 1272 1432 autem substantia. & singulare
761 1429 1261 1476 est: quod in tali praedicatione ap
762 1464 1271 1513 paret. bonum enim, aut sedens
763 1509 1264 1554 absque hoc non dicitur. patet igi
761 1549 1260 1594 tur quod propter hanc illorum
760 1591 1098 1643 quo que singula sunt,
809 1632 1262 1690 Et ideo quaeret aliquis vtru am
765 1677 1263 1741 bulatio, & sanitas, & sessio quae¬
765 1729 1254 1793 libet significet ens, aut non ens, &
759 1786 1268 1839 similiter in vnoquoque, talium. quo¬
759 1825 1269 1891 nia nullum eorum est existens per se, nec
