1475 2066
227 147 730 204 tium vero, quod ex his est. Di¬
240 196 731 234 co autem materiam quidem. vt
239 232 735 274 aes: formam autem siguram ideae:
240 283 739 328 quod vero ex his est, totam statuam.
244 317 728 362 vnde, si forma pi r materia est
233 360 731 411 & magis ens, illud quoque, quod
235 401 739 442 ex ambobus est, prius erit ob eam
240 445 731 493 dem rationem. Nunc itaque quid
230 482 731 530 nam substantia sit, quasi sigura
232 521 730 570 dictum est, quod non de subie¬
241 573 593 620 cto, sed de quo caetera.
282 604 728 666 Et oportet ante distinguere sui
234 653 732 715 stantiam. quoniam substantia, etsi
239 701 729 762 dicitur multis modis, tamen qua¬
234 749 729 811 tuor. existimatur enim, quod est e.
233 797 729 858 sentia, & vniuersalis etiam, &
234 844 736 906 genus existimatur esse substantiae
231 893 737 954 cuiuslibet, & quartum isiorum
234 941 720 1003 est primum subiectum. & subie
234 988 731 1050 cru est illud, de quo dicitur aliud
236 1036 727 1096 ipsum autem non dicitur de alio
234 1085 737 1146 Et ideo primo perscrutemur de
230 1133 736 1194 hac substantia. primum enim sub
239 1180 733 1242 tectum existimatur esse substan¬
234 1229 730 1290 tia magis quam aliud. Et dicitur
238 1277 734 1338 tale quo quo modo materia, & alio
241 1325 731 1386 modo forma, & tertio modo illud,
236 1372 725 1429 quod est ex eis. Et dico mat eriam
234 1421 738 1483 vt cuprum: & formam, vt sigura
235 1469 735 1531 statuae: & quod est ex eis, statua.
237 1522 735 1574 si igitur forma fuerit ante mate¬
234 1577 740 1630 viam, & magis ens, erit etiam an¬
231 1612 733 1679 te illud, quod est ex vtroque, eadem
235 1675 727 1728 ratione. Distinctum est igitur mo
234 1709 733 1771 do quid sit substantia, & quod est
228 1761 742 1818 non illud, quod est de subiecto, sed
236 1811 558 1866 illud, de quo est aliud.
805 149 1279 200 Idest, & oportet prius distingue.
764 189 1264 234 re secundum quot modos dicitur substantia, &
768 232 1261 266 consyderare quis istorum est causa¬
765 268 1259 319 substantiae quaesitae. D.d. quoniam sub¬
761 309 1262 346 stantia etsi dicitur, &c. i. substantia enim
767 342 1267 386 & si dicitur multis modis, tamen concludun¬
769 380 1269 426 tur in quatuor modis famosis. Hoc
771 421 1263 458 nomen enim substantia dicitur de qui¬
767 457 1267 505 ditate rei, & dicitur de vniuersali prae¬
765 498 1265 546 dicabili de aliquo secundum quid,
765 541 1259 587 & similiter existimatur, quod geneus, pro¬
764 573 1260 626 pinquum praedicabile de aliquo sit
764 612 1258 650 substantia. Et forte dixit hoc, quia
764 649 1254 695 Antiqui diuersabantur in hoc. & qui
766 685 1264 730 dam dicebant, quod vniversale commune est
762 733 1257 770 dignius hoc nomine substantia quae
773 765 1261 810 vniuersale propinquum. & ista est
764 804 1264 857 sententia Platonis. Deinde d. & quar¬
767 845 1263 882 tum istorum est subiectum. i. indi¬
764 891 1267 922 uiduum substantiae. Et ideo induxit
764 924 1267 963 suam definitionem, qua definiuit
766 962 1263 1003 ipsam in libro Categoriarum. & d.
764 998 1259 1042 & subiectum est illud, &c. i. & illud,
771 1039 1265 1091 de quo praedicantur alia, sed de ni¬
773 1076 1259 1128 hilo praedicatur. Deinde d. Et ideo
770 1117 1252 1165 primo perscrutemur de hac substan
764 1156 1260 1194 tia. i. & ideo primum perscrutandum
768 1197 1257 1234 est de causa istius substantiae, quae
770 1231 1264 1274 est subiectum. quoniam subiectum aliarum
768 1272 1263 1315 rerum conceditur esse substantia ma
770 1311 1260 1362 gis quid aliud. D.d. Et dicitur tale quo
764 1357 1269 1394 quo modo, &c. i. & substantia dicitur de
764 1396 1261 1439 materia quo quo modo, & de forma
766 1428 1261 1466 etiam alio modo, & de composito
766 1477 1259 1519 ex eis tertio modo. & d. quoquo mo
769 1508 1268 1546 do materiam & alio modo formam:
768 1543 1272 1594 quia materia est substantia, secundumquod sub
766 1582 1264 1626 stat formae: & forma est substantia,
767 1628 1271 1672 secundum quod constituit & compositum ex eis
765 1669 1273 1699 est substantia, secundum quod compo¬
771 1700 1268 1738 situm est ex eis Deinde dedit exem
764 1740 1264 1787 plum, & d. Et dico materiam, &c. i. & in¬
764 1781 1273 1831 telligo per materiam, cuprum subiectum
763 1817 1273 1874 statua: & per formam, siguram statuae:
