1475 2066
207 132 724 187 ficat definitio, & congrecatum etiam ex
222 165 715 218 forma & materia est substantia, &
224 215 692 266 quod haec duo magis sunt substantia
222 254 714 302 materia. Et isti sermones, quos in¬
222 293 716 343 duxit hic, sunt logici famosi. & ideo
220 333 717 370 induxit eos ad destruendum, & ac
223 370 712 412 confirmandum formam esse sub
216 410 721 450 stantiam. deinde perscrutabitur de
217 453 723 498 hoc persrutatione demonstratiua.
242 501 705 548 At illa substantia, quae ex ambobus
216 547 715 594 dico autem quae ex materia & for¬
214 589 721 643 ma est, omittenda est. posterior
224 632 715 674 enim, et manifesta est. manifesta
216 677 710 724 vero quodam modo etiam ipsa ma¬
223 717 707 763 teria. At de tertia consyderan¬
220 758 711 802 dum est. haec enim maxime dubi¬
216 804 717 853 tabilis. Conceditur autem quas¬
216 853 712 899 dam esse substantias sensibilium, qua
216 886 715 930 re in his primum quaerendum est.
266 927 713 987 Dimittamus igitur nunc loqui
217 973 698 1026 de substantia, quae e ex ambobus
212 1025 713 1082 scilicex materia, et exemplari, quia
221 1077 709 1131 est vltima substantia, & manife¬
214 1122 714 1178 sta est etiam, & materia quoquo
216 1168 713 1233 modo. Et persrutemur igitur de¬
210 1219 705 1267 tertia. est enim in ea maximus error,
217 1265 712 1323 Et concessum est aliquas substan¬
212 1313 710 1376 tias esse sensibiles. quaeramus er¬
210 1361 376 1426 go de istis.
255 1428 717 1483 Idest. Dimittamus igitur persru¬
218 1466 718 1518 tationem de substantia composita ex
215 1516 709 1555 materia & forma, quia est posterios
221 1544 712 1598 duabus substantiis, ex quibus com¬
217 1584 711 1634 ponitur t & perscrutari hoc non est
220 1625 719 1666 nisi de causis, non de causatis. & est
220 1662 718 1718 etiam manifestum per se ipsam esse
214 1701 705 1746 substantiam. Deinde dicit: & ma¬
212 1740 715 1794 teria quo quo modo. i. concessum est
211 1779 713 1827 ab omnibus materiam esse substan
219 1824 711 1875 tiam. & d. quo quo modo, quia An¬
748 132 1245 187 tiqui diuersantur in materia. Qui¬
753 175 1245 218 damen dicunt partes indiuisibiles es¬
750 215 1242 265 se: & quidam corpora consimilium
751 252 1249 302 partium, & alia numerata in Natu¬
746 293 1242 344 ralibus. Et quia omnes Antiqui con¬
748 332 1249 370 cedunt materiam esse, sed differunt
753 372 1237 421 in ea, dixit: quo quo modo, notan¬
750 412 1246 462 do quod conueniunt in ea secundum genus tam
755 452 1243 490 tum, & non simpliciter. fortasse di¬
747 485 1243 530 xit: quo quo modo, quia est substan
750 526 1239 570 tia diminuta, quia est in potentia,
747 573 1241 618 D.d. Et perscrutemur igitur de ter¬
744 613 1243 650 tia, idest forma. D.d. Et concessum
744 645 1251 690 est, &c. & quia manifestum est per
746 684 1240 733 se, quod indiuidua substantiae sunt sub¬
746 725 1249 777 stantiae, oportet vt primo quaeramus
740 762 1238 802 de substantia, quae est prima substan
740 800 1247 851 tia istarum substantiarum, & causa eax
740 841 1246 882 rum, idest sine medio. Et sciendum
752 879 1234 922 est, quod ista perscrutatio differt ab ea
746 917 1236 970 quae est in primo Physieorum. quandom
745 963 1233 1012 illic, quia est persrutatio naturalis
747 997 1235 1043 non persrutatur nisi ad declaran¬
748 1044 1229 1082 dum primam materiam esse, secun¬
753 1076 1238 1128 dum quod est materia, non secun¬
747 1117 1236 1170 dum quod est substantia, & ad declaram
751 1159 1236 1194 dum formas naturales esse tantum
741 1193 1227 1234 non primam formam omnium sen
744 1233 1234 1274 sibilium rerum, nec formam secun
748 1273 1231 1322 dum quod est substantia. & ideo con
748 1309 1234 1356 syderatio de formis naturalibus, se
748 1349 1225 1402 cundum quod sunt naturales, non in
744 1387 1228 1441 ducit ad primam formam. Consi
744 1434 1239 1467 deratio enim de forma, inducens ac
744 1470 1239 1522 primam formam, est consyderatio
746 1509 1231 1557 de ea secundum quod est substan
740 1546 1236 1586 tia, & scientia Naturalis non con¬
742 1584 1242 1627 syderat de rebus secundum quod sunt
746 1625 1231 1665 substantiae. De prima autem mate
749 1661 1243 1706 ria consyderat vtraque scientia. sed
751 1697 1237 1746 Naturalis consyderat de illa, secun¬
745 1741 1235 1794 dum quod est principium transmu
748 1789 1229 1824 tationis. Philosophus autem con
744 1821 1240 1873 syderat de illa, secundum quod est
