1475 2066
184 165 731 218 NDiscutiuntur opiniones eorum, qui entia
228 207 733 262 aliqua praeter sensibilia ponebant: primumque
231 247 733 301 reprebenduntur Puihagorici, principus
227 285 724 330 alieniori modo quam Naturales vtentes
428 327 534 373 Cap. 2
266 365 728 417 VErum hae quidem illarum,
336 405 730 450 quae circa generationem, et
342 447 732 498 corruptionem, & motum
229 493 736 531 sunt rationum, propriae sunt solum.
227 533 724 579 fere enim de tali substantia & prin¬
225 573 733 625 cipia, & causas inuestigant solum¬
227 613 728 666 Quicumque vero de cunctis quidem
220 659 733 707 entibus speculantur, entium autem,
231 698 731 738 quaedam sensibilia, quaedam non sen
225 740 721 787 sibilia ponunt, manifestum est, quo
227 781 729 836 de vtrisque generibus perscrutant.
224 826 729 875 Quare magis immoretur quispiam
226 861 726 906 de ijs quid bene, quidue non be¬
224 908 729 964 ne dicant, ad eorum, quae nobis
224 946 712 1003 proposita sunt, inquisitionem.
265 1012 718 1074 omnia autem sunt admixta. &
221 1060 729 1129 rursus dicit omnia quidem praeter
215 1108 725 1172 intellectum. purus enim est non mix¬
222 1157 723 1210 tus. Et in istis. rebus contincit dic¬
227 1197 719 1270 quo ad principia quandoqu, esse vnum,
220 1253 731 1322 & simplex, sicut posuimus ipsum
217 1306 717 1363 esse indeterminmatu, ant equa deter
215 1349 729 1418 minetur alio modo. Qui igitur di¬
227 1397 717 1450 xerunt aliu sermonem, aut consimi¬
218 1452 718 1512 lem non recte dicunt, & praecipus
218 1492 725 1559 illi, quos modo diximus. Sed isti ser¬
219 1556 717 1607 mones non conueniunt nisi in gene¬
216 1604 728 1651 ratione, & corruptione, & motu
225 1641 725 1705 tantu. & ista perscrutatio de sub¬
218 1693 718 1747 stantia & principiis, et causis sus
216 1738 716 1796 ficit Et qui ponit suam consyderatio¬
217 1784 721 1832 nem in omnibus entibus, dicit entium
212 1829 724 1890 quaedam sensibilia, quaedam insen¬
763 157 1284 226 sibilia. & manifessum est secundum
766 209 1266 270 hunc modum, quem posuerunt in
772 258 1273 323 vtroque genere. Et ideo, siquis volue
758 305 1266 368 rit experimentari hoc, quod dixe¬
760 354 1265 403 runt vtrum recte dixerunt, aut non,
767 402 1265 458 poterit hoc facere ex perscrutatio¬
762 449 1124 506 ne, quam diximus modo.
806 508 1284 564 Ex his igitur, quae diximus, contingit,
763 549 1263 601 dicere in principiis quandoque esse deter¬
754 583 1263 639 minata, qunoque esse non determinata.
758 629 1256 666 Sunt enim non determinata & in po
762 659 1269 719 tentia: quia, si non essent sic, non esset
762 704 1258 755 generatio. Sunt autem determinatas
761 744 1259 785 quia si non essent sic, tunc generatum
761 781 1263 826 non esset determinatum. Deinde dicit:
760 823 1259 873 qui igitur dixerunt alium sermonem, &c.
760 865 1257 904 idest & qui dixerunt alium sermonem,
757 905 1267 953 scilicet quod elementum, & principium est
759 940 1261 994 in actu ex natura rerum, quarum est
754 980 1256 1029 principium, non dixerunt recte. & in¬
756 1020 1263 1071 nuit omnes. Vnusquisque enim eorum non
759 1061 1259 1114 posuit principium materiale aliquod
756 1100 1255 1154 extra ea, quae generantur ab eo. & sic non
752 1149 1256 1195 erit illic generatio. generatio enim
758 1180 1258 1231 est ab eo, quod est in potentia, non in
756 1221 1263 1266 actu. Deinde dicit: & praecipue illi,
759 1261 1260 1300 quos modo diximus. & innuit Em
758 1298 1256 1344 pedoclem, qui ponebat elementa esse in
754 1336 1244 1386 actu, & quod non alterantur adinuicem
760 1376 1244 1418 Et, quia perscrutatio de elementis reri
752 1417 1253 1468 mobilium est propria scientiae Naturali,¬
754 1452 1250 1492 & consyderatio de eis in hoc loco non
752 1493 1253 1542 est nisi secundum quod sunt principia substan
756 1533 1246 1569 tiarum existentium per se, & tamen locutu
754 1568 1247 1610 fuit hic cum illis sermone naunli, dixit
748 1608 1246 1650 Sed isti sermones non conveniunt, &c.
752 1649 1253 1694 idest quod sermo verus conveniens huic
752 1681 1246 1732 principio est sermo acceptus ex re
753 1725 1265 1762 bus naturalibus. Perscrutatio autem de
753 1755 1265 1804 hoc principio, quod modo perscrutati
761 1795 1269 1835 sumus sine distinctione, sufficiens est
757 1833 1265 1874 in hoc loco, secundum quod oportet in hac con¬
