1475 2066
240 165 750 227 Et ista sunt omnia, quae sunt in
245 213 747 274 eis, aut definitio, aut nomen, cuius
247 260 751 323 est ista passio: & non potest signi
252 309 731 362 ficare sine ipso alio modo, sicut al
250 356 747 419 bum potest sine homine, sed foemi¬
248 410 745 470 na sine animali non potest. Erge
247 452 737 514 aut non est habitum ab istis illud
250 501 747 563 quod est per essentiam, & definitio
251 554 749 617 etiam: aut si fuerit, erit alio mo¬
249 600 507 659 do, sicut diximus.
290 670 745 714 Dixit: Si igitur aliquis dixerit, &c.
251 708 743 762 i. si igitur aliquis dixerit, quod definitio¬
244 748 742 797 nes, in quibus additur natura alia a na
249 789 755 827 tura definiti, non sunt definitiones
246 826 749 873 omnino, in hoc erit dubitatio. D.d quoniam,
251 864 747 906 si non fuerit, &c. i. sed huic positio¬
244 902 745 956 ni continget improbabile: & est, v
252 942 745 986 definitiones sint simplicium, & non
252 981 740 1026 compositorum ex substantia & ac
252 1020 747 1066 cidente compositione essentiali, non
253 1060 745 1099 compositione accidentali: vt homo
244 1101 740 1151 albus. Et ideo d. Necesse est igitur, &c.
256 1136 743 1191 i, necesse igitur dicere in definitionibus
250 1177 754 1219 qua sigenant res compositas essentialiter
251 1212 744 1258 ex substantia & accidente, eas reci¬
252 1258 748 1308 pere additionem. D.d. v. g. nasus, &c. i.
256 1300 748 1349 v. g. nasus, & concauitas, & simitas, qua
255 1333 754 1386 sigunant nasum, & concauitatem. D.
250 1373 751 1410 d. hoc enim in hoc, &c. i & est necesse,.
258 1410 743 1450 vt definitio simitatis sit ex ambobs
252 1460 757 1504 quia simitas sigenat nasum & conca
258 1491 749 1541 uitatem, & concauitas non est passio
258 1528 751 1580 existens in naso per accidens, sed per se
257 1568 742 1610 & etiam simitas non est in naso, sicut al
260 1608 761 1650 bedo in Socrate, aut in homine. simitas
256 1644 752 1683 enim est in naso de accidentibus essen
258 1685 747 1722 tialibus: albedo autem est in homine de ac
253 1721 749 1763 cidentibus non essentialibus, & ic
248 1760 748 1803 non necesse est vt homo accipiatur in de
243 1798 755 1842 finitionealbedinis, sicunt est necesse
255 1839 739 1882 vt nasus accipiatur in definitione simi¬
776 165 1295 218 tatis. hoc enim nomensignat ambo, scilicet I
776 207 1269 250 concauitatem, & nasum. D.d. acci¬
778 245 1281 287 dit enim ei, &c. i. accidit enim albo, quod sit
772 285 1272 325 Soer, aut homo. D.d. sed sicut mascusi
774 326 1279 363 num, &c. i. sed concauitas in naso est si
773 365 1273 402 cut masculinitas in animalibus, & aequa
772 404 1273 446 litas in quantitate. Et intendit, quod na
779 440 1279 483 sus diuiditur in simum & non simum, sicut
772 476 1271 528 animal in masculum & foeminam, & quam
774 522 1279 571 tum in aequale & in inaequale. D.d.
778 556 1274 594 Et ista sunt omnia, &c. i. & ista acciden
773 596 1274 634 tia sunt accidentia & passiones, in quo
772 636 1272 674 rum definitione accipitur, aut defi¬
777 671 1279 721 nitio rei, cuius est ipsa passio, aut non
780 717 1265 764 men eius. D.d. & non potest significa
776 749 1272 794 re sine ipso, i. & nomen istius passio
780 789 1264 836 nis, & definitio eius non possunt si¬
778 829 1274 881 gnificare ipsam sine eo, quod signi¬
782 861 1281 917 ficat suum subiectum, sicut est possibile
777 909 1278 948 in albo & sua definitione, scilicet quod non in
781 949 1283 994 digent significare hominem: sed quem
780 983 1281 1039 admodum foemina non potest signifi
781 1024 1283 1066 cari a suo nomine, aut a sua definitio¬
783 1064 1282 1114 ne sine animali, ita simitas non potest
781 1100 1285 1156 intelligi sine naso. D.d. ergo aute non
786 1147 1286 1193 est habitum, &c i. ista ergo aut non
786 1181 1282 1218 habent quiditatem veram & defini
784 1219 1288 1258 tionem veram: aut si habent, habent
782 1256 1286 1299 alio modo. i. secundario. Et hoc est
785 1298 1280 1339 ita. quoniam subiecta talium accidentium
784 1340 1276 1391 non sunt sicut genera differentiarum,
785 1380 1279 1418 sunt enim diuersa secundum genus, & secundum natu
783 1420 1287 1468 ram: quod non contingit in genere
787 1448 1281 1498 & differentia differentiarum, neque
786 1492 1281 1547 illud, quod congregatur ex eis & ex sub
781 1533 1285 1576 iecto, est vnum in actu, sicut illud,
788 1578 1287 1618 quod congregatur ex differentia &
791 1608 1291 1662 genere. & ideo substantiae sunt di¬
788 1650 1280 1706 gniores definitionibus, & quiditatibus,
808 1708 1282 1768 Est autem alia quoque de eis du
784 1749 1288 1795 bitatio. Si enim idem simus na
783 1796 1282 1836 sus, & concauus nasus, idem erit
779 1835 1291 1882 simum, & concauum. Quod si
