1475 2066
218 145 728 202 dere eis vt essentia albi et musici,
219 201 718 259 sed hoc non videtur. In eis autem
221 244 735 303 quae dicuntur per se, rectum est vt
225 293 744 355 sint idem necessario. sicut dicimus
226 341 742 402 si aliquae substantiae sint primae, et
231 388 745 451 non sint substantiae aliorum, nec
231 437 739 499 naturae aliorum, sicut quidam di¬
234 484 738 547 cunt. de formis. Quoniam, si bonum
236 533 729 594 est illud, quod bonum est, erit &
236 581 739 644 essentia boni etiam, & animla et
243 628 743 695 essentia animalis, & essentia en¬
237 677 732 738 tis & ens, & aliae substantiae, &
241 724 746 787 naturae, & formae aliae ab eis, quae
240 772 742 834 dicuntur, & illae substantiae, sunt
243 820 743 883 priores, si quid est per essentia sub¬
236 867 749 930 stantia. Et, si fuerint absolutae abin
247 917 737 978 uicem, quaedam non scientur per
242 966 737 1026 sctentiam, & quaedam non erun¬
243 1013 747 1074 entia. Et dico ea esse absoluta, si bo
243 1061 740 1127 num per se non habet essentiam bo¬
242 1111 741 1178 ni, neque, illud, quod dicitur hoc, ha¬
243 1160 741 1211 bet essentiam boni. Scire enim cu¬
251 1207 745 1270 iuslibet rei, hoc est scilicet scire
249 1252 747 1318 quid est per essentiam. & similiter.
249 1301 746 1369 inbono, & de aliis similiter. Si igi
248 1345 738 1410 tur bonm non habet essentiam bo¬
248 1402 746 1462 ni, ergo ens non habet esse, neque
260 1448 744 1513 vnu vnu. & similiter omnia aut
251 1493 738 1556 habebunt quid est per essentiam
248 1543 740 1602 aut non habebunt. & si ens non ha¬
249 1596 747 1659 bet, ergo neque omnino aliud. Et
253 1645 752 1704 etiam quod non habet quiditatem
247 1690 748 1751 boni non est bonum. ergo necesse est
248 1741 737 1799 vt bonum & essentia boni sint idem
244 1789 748 1850 & studium & essentia studi sint
245 1837 746 1898 idem, & omnia quae non dicuntur,
764 141 1294 195 de aliis, sed sunt prima per se etiam.
773 193 1287 256 in istis enim est sufficientia, si fue¬
764 244 1280 306 rit forma, & si non fuerit. sed re¬
775 293 1274 349 ctum est etiam vt sint formae, &
774 340 1276 401 non est manifestum si sint insimul
796 388 1278 440 Cum declarauit, quod quiditates sim
772 430 1272 478 plices non inueniuntur nisi in sub¬
774 469 1275 519 stantiis, & quod per illas sunt substantiae
781 509 1283 559 vult hic perscrutari vtrum ista sub¬
773 549 1277 597 stantia, quae est quiditas, & substan¬
780 589 1271 639 tia singularis scilicet indiuiduum substan
770 626 1278 674 tiae, sint idem: ita quod quiditas, quae est
771 664 1268 705 substantia eius, sit quiditas singula
774 708 1274 746 ris, & illud singulare est substantia
778 741 1285 794 per istam quiditatem, aut quiditas rei
772 781 1274 833 sit aliud a re in actu. Et quaesiuit hoc
784 820 1279 872 popter formas, quas dicit Plato, quoniam
772 861 1281 899 secundum illam opinionem erunt quidita
774 901 1280 938 tes primarum substantiarum aliae a
772 934 1278 985 primis substantiis: quia sunt etiam
776 982 1279 1027 primae substantiae existentes per se.
783 1015 1281 1058 Et d. Sed persrutemur, &c. i. &, cum
775 1052 1275 1107 sit declaratum, quod quiditates sunt sub¬
775 1094 1277 1146 stantiarum singularium, persru:e¬
781 1132 1275 1187 mur igitur, vtrum substantia, quae¬
779 1172 1277 1223 est quiditas, & substantia singularis
777 1213 1279 1262 sunt idem, aut non, antequam persrute
772 1260 1281 1303 mur de substantia, quam significat
774 1288 1270 1342 definitio quid sit. D.d. Singulare
770 1338 1274 1383 enim existimatur, &c. i. apparet enim quod
778 1368 1277 1419 singulare nihil aliud est qua substan¬
779 1406 1281 1450 stantia cuius est scilicet quiditas eius. &
776 1449 1266 1498 apparet etiam econtrario scilicet quod substan
774 1485 1274 1534 tia, quae est quiditas, est substantia sin
776 1533 1268 1575 gularis. v. g. Socrates est animal ra¬
776 1565 1269 1602 tionale. Socrates enim nihil aliud
772 1600 1267 1651 est qua animalitas & rationalitas, qui
774 1642 1269 1694 sunt quiditates eius: nec animalitas
776 1678 1263 1722 & rationalitas sunt quiditates nis
772 1724 1264 1758 Socratis & Platonis. D.d. Illa autem
772 1755 1260 1806 quae dicuntur per accidens, &c. i. cem
779 1798 1271 1845 posita autem ex substantiis & acci¬
777 1840 1271 1882 dentibus, quae sunt vnum per acci¬
