1475 2066
207 132 715 190 Quod igitur de primis, & qua
220 182 721 232 per se dicuntur, vnicuique esse, &
222 221 711 267 vnumquodque idem, & vnum est
222 261 719 315 patet. Sophisticae autem ad hanc
222 305 717 354 positionem redargutiones ma¬
216 345 719 390 nifestum est quod eadem solutione
221 389 722 434 soluuntur, & si idem Socrates, &
220 429 721 482 Socrati esse. nihil enim differt,
224 472 717 521 nec ex quibus aliquis interroga
221 519 719 555 uerit, nec ex quibus soluens ob¬
222 557 724 602 tinuerit. Quo igitur modo idem
224 597 723 643 cuique est quod quid erat esse, &
221 645 699 685 quomodo non idem, dictum est,
273 678 715 738 Et formae si sint, sicut dicunt qui
218 725 718 783 dam, tunc subiectum non erit sub¬
219 773 713 834 stantia, quoniam necesse est, vt il¬
212 820 712 867 lae substantiae non sint de subiecto
223 877 721 930 & si non sint modo communicatio
212 914 714 978 nis. Ex hoc igitur sermone quodli¬
217 964 713 1025 bet & quid, est per essentiam idem,
220 1017 722 1069 & non modo accidentali. & quod
218 1057 714 1119 scientia cuiuslibet rei est ista, scilicet se
214 1108 717 1170 re quid est per essentiam. per hanc
216 1156 711 1223 igitur positionem necesse est ut an
221 1204 712 1267 bo sint idem. Quae autem dicuntur
214 1252 714 1315 per accidens vt musicum, aut al¬
219 1300 722 1362 bu, quia significant duo, ideo non
220 1349 718 1411 est necessarium dicere quod sint
212 1396 710 1458 idem per essentiam. illud etenim
221 1445 718 1498 cui accidit album, & accidens etiam
220 1496 712 1554 est secundum unum modum idem
212 1548 721 1606 & quid est per essentiam, & secun
213 1596 723 1655 dum alium non est idem, secundum
215 1644 717 1698 autem quod sunt hominis, & ho¬
216 1692 721 1747 minis albi, non sunt idem: secun¬
212 1741 719 1802 dum aute quod sunt passiones, sunt
212 1789 717 1851 idem. Et, si aliquis existimauerit,
219 1837 726 1899 quod quodlibet nomen habet quid
746 133 1267 196 per essentiam, apparebit contra¬
746 185 1252 243 rium. erit enim apud ipsum quid
757 229 1257 290 est per essentiam aliud etiam, ver
746 276 1247 345 bi g. equus est aliud, & quid est per
748 325 1249 386 essentiam equi est aliud. Et quid
752 372 1253 442 prohibet iquibusdam rebus, vt sit
748 421 1247 487 quidem per essentiam statim vt
752 469 1251 532 modo sit, si quidem per essentiam
746 517 1250 569 est substantiaem & etia non erit idem
748 565 1251 626 solum, sed definitio eius erit etiam
744 612 1253 674 idem, sicut manifestum est de di¬
752 660 1235 719 ctis etiam. essentia enim vnius &
754 713 1267 762 vnum non sunt idem modo acciden¬
748 757 1253 821 tali. Et si fuerit etiam aliud, proce
750 805 1255 866 detur in infinitum. quoddam enim
752 853 1250 914 quid est erit per essentiam vnum,
756 900 1253 970 & quoddam quod est vnum. iste
748 952 1251 1011 igitur sermo dicitur de illis etiam.
752 997 1252 1060 AManifestum est igitur, quod in re¬
750 1045 1249 1109 bus primis, quae dicuntur per se,
753 1092 1247 1154 etiam essentia cuiuslibet rerum sin¬
748 1144 1247 1210 gularium, & quodlibet singulare
746 1192 1255 1249 sunt idem, & vnu. Et manifestum
751 1241 1251 1302 est, quod redargutio Sophistarum
749 1289 1249 1346 dissoluitur hac solutione, & quod
748 1338 1247 1401 Socrates & essentia Socratis sunt
753 1385 1251 1442 idem. non enim est differentia in¬
753 1435 1240 1491 ter ea, neque ex illo, quod est re¬
750 1482 1234 1531 ctum quaeri ab aliquo, nec ex illo
746 1529 1249 1579 cuius dissolutio est difficilis. Dictu
748 1581 1246 1642 est igitur, quomodo quid est, per
757 1629 1244 1690 essentia est singulare, & quo non
789 1692 1245 1733 Idest. Et si formae sunt, vt dicunt,
754 1733 1257 1771 necesse est vt indiuidua substantia
745 1767 1251 1813 rum non sunt i. lem. Ista enim non sunt subae,
754 1804 1254 1858 nisi per formas. & formae separatae non
