1475 2066
209 141 725 186 iquartam, & sic in infinitum. D.d.
227 182 730 233 quoddam enim quid est erit per essentiam
228 229 727 266 &c. i. idem enim diuidetur in duas pertes, quae
234 260 724 314 rum vtraque: est vnum. scilicet in formam
229 301 733 343 & illud, cuius est forma. & intendit,
227 341 737 378 si forma habuerit definitionem, &
227 380 733 424 materia definitionem, cuius quoddam
222 420 732 467 est quiditas & vnum, & quoddam est il
228 458 732 499 lud, cuius est quiditas & vnum, aliud ha
225 497 737 538 bebit aliam definitionem. D.d. iste igitur
228 535 730 589 sermo dicitur de illis etiam. i. v. g. quoniam. forma
229 573 737 618 & materia, si habent definitionem, neces
228 616 735 666 se est vt diuidantur in duas partes: qua
226 653 730 706 rum vtraque diuiditur in definitionem, &
225 693 736 745 & definitum: & cum hoc quod congregatur
233 732 737 782 ex eis, est vnum. D.d. Manifestu est igitur
231 772 736 818 quod in rebus primis, quae dicuntur per se, etiam essem
224 811 731 851 tia cuiuslibet rerum singularium, &
229 851 735 890 quodlibet singulare sunt idem, & vnum
228 885 737 930 &c. i. manifestum est igitur, quod quaelibet
220 925 730 968 primarum substantiarum est idem cum sua
232 965 731 1014 quiditate. D.d. Et manifestum est quod
230 1005 732 1057 redargutio, &c. i. *quoniam Sophistae quaere
232 1045 732 1082 bant si homo est vnus, si ran detur quod ita, di
230 1082 732 1123 cunt, nonne homo est animal & rationales ei
230 1121 727 1172 go est vnum & non vnum. & ideo dixit,
230 1158 736 1213 quod per istam eandem solutionem dissoluitur
223 1205 731 1242 ista quaestio, scilicet quod dicetur eis quod homo & sua
230 1237 727 1290 definitio sunt vnum in actu, & plure
230 1275 726 1326 in potentia. & hoc intendebat, cum di
230 1317 730 1361 & quod Soc. & essentia Socratis, &c. Et
227 1357 729 1405 forte quid Sophistarum est ista. qui¬
224 1397 737 1434 ditas hominis aut est eadem cum homine, aut
220 1436 727 1474 aliud. si aliud, tunc homo non habebi
220 1473 736 1522 quiditatem. si idem, tunc quiditas
228 1514 725 1566 hominis est homo: & homo habet quiditatem: ergo
224 1553 730 1598 quiditas habebit quiditatem. & sic
234 1589 735 1641 in infinitum. Et solutio est, quoniam qui
231 1634 729 1676 ditas hominis est homo vno modo: & non
228 1672 725 1707 est homo alio modo: & est forma hominis
226 1709 732 1761 & non est homo, qui est congregatus
232 1756 732 1786 ex materia & forma. & hoc intende
234 1785 726 1837 bat, cum d. neque ex illo, quod est re
230 1825 725 1866 ctum quaeri ab aliquo, &c. i. & per istum ser¬
765 141 1287 194 monem dissoluuntur omnes quidnes quae¬
766 182 1262 226 sitae in hac intentione, siue fuerint fa¬
762 221 1267 266 cilis dissolutionis, siue difficilis. D.
767 261 1261 314 d. Dictum est igitur quomodo quid est, per
766 301 1261 352 essentiam, &c. i. declaratum est igitu
761 338 1259 380 ex hoc sermone modus, ex quo ap¬
762 388 1255 427 paret quod substantia sola est definita,
766 416 1265 466 & quod est vnum, i. quoniam est vnum in actu,
766 459 1263 499 & non vnum in potentia, i. quod natu¬
760 497 1269 538 ra actus non est eadem cum natura
760 535 1262 586 potentiae. sed Sophistae accipiebant
766 573 1264 618 definitionem, & definitum vnum quodam
761 615 1261 658 modo, & non vnum quodammodo
761 669 1259 715 Entium alia natura, alia arte, alia cusu,
804 711 1217 762 omnia vero ab aliquo, ex aliquo,
844 749 1189 802 & aliquid fieri. Cap. 8.
796 813 1265 868 † Orum autem, quae fiunt,
796 846 1262 907 quaedam natura, quaedam ar
764 883 1260 947 E. Ate, quaedam a casu fiunt. Oum
766 948 1257 994 nia vero, quae fiunt, & ab aliquo
760 980 1260 1026 & ex aliquo, ac aliquid fiunt. Ali¬
765 1025 1265 1070 quid vero dico, secundum quodque
764 1066 1268 1114 praedicamentum, aut enim hoc, aut
769 1109 1265 1153 quantum, aut quale, aut vbi. Ge¬
763 1149 1264 1202 nerationes vero naturales quidem
766 1194 1265 1235 hae eorum sunt, quorum generatio ex
756 1232 1258 1282 natura est. ex quo autem fit, ea
756 1284 1266 1330 est, quam materiam dicimus. a
766 1317 1265 1366 quo vero, quippiam eorum est,
767 1364 1263 1408 quae natura sunt. ipsum autem ali¬
769 1405 1259 1455 quid, homo, aut planta, aut quic¬
765 1445 1259 1498 quam aliud similium, quae maxime
766 1485 1263 1530 dicimus substantias esse. Cun¬
758 1537 1264 1580 cta vero, quae aut natura, aut ar
766 1568 1268 1621 te fiunt, habent materiam. possi
758 1612 1263 1658 bile enim est esse, & non esse eorum
766 1667 1263 1707 vnumquodque. hoc autem cuique ma
760 1700 1259 1746 teria. Vniuersaliter vero & id
762 1741 1266 1793 ex quo natura, & illud, per quid
761 1781 1256 1834 natura. quod enim sit habet naturam
760 1810 1258 1874 vt planta, aut animal. Et a quo, na
