1475 2066
213 140 725 188 tes in anima, scilicet in prima substantia. & il
228 182 720 226 lae formae sunt quodammodo eadem
225 220 725 267 forma. Multotiens etiam scimus formam
228 268 729 315 per non esse, & non esse per formam: quoniam
226 301 719 345 non existunt insimul, vt sanitas, &
221 341 727 379 infirmitas, sed corruptio alterius est
220 389 728 434 generatio reliqui. Et sanitas dicitur duo
231 416 725 458 bus modis. dicitur enim de forma, quae est in
228 456 717 500 anima, & de habitu, qui est in corpore.
228 500 729 539 & ambo sunt idem: sed sanitas secun
220 535 726 585 do modo inuenitur ab ea, quae est secundum pri
223 572 724 621 mum modum. Et, cum ita sit, et post
224 610 720 662 istam, aut ista est sanitas. & post hunc
222 649 730 690 sermonem inuenimus sermonem Aris.
233 688 731 740 Et Nicolaus intendit per hoc, quod
221 733 725 780 dicit: & generabilia ab artificio, &c.
220 766 730 810 i. & res existentes ab artificio, sunt il
220 805 728 847 la, quorum formae, & quiditates sunt
225 845 731 883 in anima: & formae contrariae existentes
226 885 725 934 in anima, sunt quodam modo eadem for
224 932 711 973 ma: & ideo recipit anima contrarias for
224 964 724 1003 mas. D.d. causam in hoc, & d. multotiens
224 1004 730 1056 enim &c. i. & signum huius est, quoniam mul
231 1039 719 1084 totiens scimus formas per suas for¬
220 1079 721 1129 mas contrarias, & contraria per sua
225 1119 728 1168 formas. & hoc erit secundum illud, quod est
220 1156 729 1213 manifestius, non quia congregantur
224 1198 730 1243 in anima duae formae contrariae insimul
226 1238 731 1289 sicut non congregantur extra animam:
222 1277 737 1328 quoniam esse alterius est corruptio reliqui,
221 1317 724 1368 & corruptio alterius est generatio
228 1354 720 1394 reliqui. D.d & sanitas dicitur duobus mo
226 1389 725 1434 dis, &c. i. & cum ita sit, manifestum
228 1431 722 1475 est, quod forma artis dicitur duobus modis:
222 1473 730 1519 quorum vnus est forma, quae est in ani
220 1513 723 1554 ma, & alius est illa, quae est extra animam,
228 1556 728 1594 & sunt idem: & quod illa, quae est extra ani
221 1590 727 1637 mam. est ab illa, quae est in anima. v. g.
227 1639 725 1679 quoniam sanitas dicitur duobus modis. dicitur
224 1669 726 1714 enim de intellectu sanitatis, qui est
225 1710 731 1751 in anima, & dicitur de sanitate existente
224 1749 721 1798 in corpore: & quod sanitas, quae est in
225 1786 724 1838 corpore, est a sanitate, quae est in ani¬
222 1831 727 1882 ma. & hoc intendebat in hoc cap. de
751 140 1256 186 clarare, scilicet quod artificium in hoc est simile
756 183 1252 229 naturae. scilicet quod in hoc, quod illud, quod fit,
758 223 1249 264 sit ab eodem in forma, aut a simili.
756 261 1253 298 & ideo dicit, quod sanitas in anima est sani
754 303 1255 340 tas prima intentione. D.d. & cum ita
749 342 1249 393 sit, &c. i. sanitas igitur, quae est extra ani¬
761 380 1251 427 mam, est per sanitatem, quae est in ani¬
755 413 1257 468 ma: aut sanitas, quae est in anima, est
757 456 1253 498 sanitas simpliciter, & quae est extra ani
752 494 1241 549 maest posterior. D. incoepit dice
753 541 1241 582 re quo modo inuenitur sanitas, qui
760 572 1246 622 est extra animam, a sanitate, quae est
760 611 1255 650 in anima. & hoc est de verbis Arist.
759 653 1252 693 cum dixit. Sanitas vero est definitio,
761 693 1253 743 quae est in anima, & scientia etiam, &c.
758 729 1245 771 i. sanitas vero in rei veritate est defi
753 765 1243 810 nitio sanitatis, quae est in anima. & sci¬
755 806 1253 856 re ipsam non est sanitas, quae est ex¬
759 845 1241 890 tra animam. D.d. Et erit sanitas eius
754 885 1258 939 qui infirmatur secundum hunc modum, i. &
756 925 1254 974 sanitas, quae est extra animam, est a
761 964 1249 1016 sanitate, quae est in anima, secundum quod di¬
763 1004 1251 1042 cam D.d. cum illud fuerit sanitas, ne¬
758 1044 1261 1083 cesse est, &c. i. & cum iste infirmus est
759 1080 1257 1122 modo sanus, necesse est vt fluxus na
760 1118 1249 1162 turae fuerit: & si fiuxus naturae fue¬
759 1163 1259 1202 rit, necesse est calorem fuisse: & si ca
755 1195 1251 1249 lor est, necesse est potasse laxatiuum,
758 1237 1257 1274 & hoc intendebat, cum dixit: &, si hoc
758 1284 1257 1316 est, iam fuit calor. D.d. & secundum
756 1314 1253 1364 hunc modum dicemus vnum post
754 1353 1251 1402 aliud, &c. i. & sic dicemus vnum post
752 1392 1257 1435 aliud secundum dissolutionem scilicet in
760 1430 1251 1482 cipiendo a posteriori, & peruenien
758 1476 1250 1528 do ad primum principium in cogni¬
756 1516 1246 1554 tione. D.d. Deinde motus, qui est ex
756 1549 1245 1599 hoc, est actio, &c. i. deinde motus, qui
758 1592 1257 1643 incoepit ab vltimo in dissolutione,
754 1629 1252 1683 & est compositio, dicitur actio pro¬
758 1676 1257 1722 cedens ad sanitatem, ita quod accidat, quod
753 1707 1263 1759 sanitas, quae est extra animam, sit ad
759 1748 1263 1798 sanitatem, quae est in anima. Et intende
757 1789 1265 1841 bat, quod esse sanitatis, quae est in anima, est in
750 1836 1258 1882 compositione ad esse sanitatis, quae
