1475 2066
197 149 711 203 Manifestum igitur est, quod neque
205 197 715 242 species fit, aut quodcunque nomi
200 237 710 282 nare oportet formam, quae in sen¬
209 279 701 334 sibili est, nec est eius generatio
207 324 715 370 nec est haec ipsum quid erat esse.
205 365 712 411 Hoc enim est: quod in alio fit, aut
208 413 713 450 ab arte, aut a natura, aut poten¬
203 449 715 504 tia. aeneam vero sphaeram esse fa¬
206 501 708 548 cit facit nanque ex aere & sphaera
202 539 713 580 in hoc enim hanc formam facit: &
207 580 709 630 hoc est sphaera aenea. hoc autem
200 620 713 666 sphaerae esse. Fius vero, quod est
200 668 707 721 sphaerae esse omnino si generatio est
206 707 712 747 ex aliquo aliquid erit. oportebit
197 744 705 803 nanque diuisibile semper esse quod
206 789 712 845 fit, & esse, hoc quidem hoc, illud
200 829 708 888 vero hoc. dico autem quod hoc quidem
203 877 717 922 materiam, illud vero formam. Si
201 922 714 970 itaque sphaera est sigura, quae a me
202 959 708 1016 dio aequalis est: huius hoc quidem
208 1004 710 1055 est: in quo erit quod facit: illud
213 1040 700 1090 autem in illo: totum vero, quod fal
205 1084 711 1138 ctum est: vt puta ipsa aenea sphaera.
206 1124 712 1170 Manifestum igitur ex dictis est, quod il¬
207 1173 709 1220 lud quidem, quod vt forma, aut
209 1212 706 1258 substantia dicitur, non fit: copulatio
209 1251 707 1308 vero, quae secundum hanc dicitur fit. et quod in
206 1294 712 1346 omni, quod fit, materia inest: & est
197 1341 690 1394 hoc quidem hoc, illud vero hoc.
257 1397 713 1464 Declaratum est igitur, quod for¬
205 1445 709 1507 ma, & crcaetio debet dici exemplar.
205 1492 711 1554 & quod est in sensato non erit etia,
212 1540 711 1612 nec habet generatione, neque habet
210 1588 707 1651 istud, quod est per essentiam. Hoc enim
209 1637 713 1699 est illud, & est in alio, aut per arti
212 1687 705 1746 ficiu, aut per naturam, aut per poten
209 1733 707 1796 tiam. & ipse facit sphaera cupri.
208 1783 709 1847 faciendo ex cupro sphaera. & ipse
208 1835 715 1891 ponit istam forma in hoc: &. haec
743 148 1262 217 est sphaera cupri. Si autem est genera¬
741 205 1248 266 tio essentiae sphaerae modo vniuer¬
736 252 1238 306 sali, tunc aliquid erit ex nihilo, &
743 300 1241 358 tunc necesse est vt sit diuisibile, &
744 348 1246 410 quoddam erit hoc, & quoddam hoc.
741 395 1237 459 dico quoddam erit forma, & quod¬
745 446 1253 504 dam materia. Et forma, quae est
742 492 1251 554 sphera, si fuerit sigura, quae est ex
738 540 1245 594 medio, in quo est quoddam istius,
736 588 1238 652 & est illud, quod facit ex hoc: &
740 637 1252 691 quoddam in illo: & quoddam totum
739 682 1243 748 generatu, v.g. sphaera cupri. Ma¬
742 732 1253 795 nifestum est igitur ex dictis, quod
743 781 1239 834 substantia, quae est tanquam forma.
736 828 1245 892 non fit: congregatio vero, per quod
739 875 1243 942 dicitur generatur. & quod in om¬
738 933 1245 986 ni, quod generatur, e materia, quae
744 971 1181 1027 est in eo, & quoddam est hoc.
785 1021 1245 1070 Idest. Declaratum est igitur etiam ex
739 1053 1237 1098 hoc sermone, quod formae. & exempla¬
738 1093 1242 1147 ria. scilicet formae, quae debent dici exem¬
738 1134 1245 1187 plaria, quoniam non apparet quibus in sen
745 1177 1246 1218 sibilibus sunt exemplaria, nec gene
742 1212 1242 1258 rantur, nec habent vniversalter quiditatem.
764 1252 1243 1298 D.d. Hoc enim est illud, & est in
736 1301 1237 1346 alio, &c. i. artificiatum enim & genera
741 1333 1243 1370 tum constituitur ex actione alicuius
745 1373 1240 1427 ab agente, & est illud, quod dicitur forma
742 1411 1237 1460 in aliquo, & est illud, quod dicitur mam
741 1453 1245 1502 Si igitur forma esset artificiata, tunc
744 1492 1234 1530 constitueretur ex actione alicuius ab
733 1533 1242 1582 agente: & sic formae esset forma, &
738 1564 1248 1610 sic in infinitum. & similiter quiditas est ali¬
739 1607 1239 1660 cuius: ergo, si forma haberet quidi¬
740 1645 1239 1698 tatem, tunc constitueretur ex aliquo, &
742 1685 1240 1737 in aliquo. D.d. & ipse facit sphaeram
736 1725 1241 1777 cupri, &c. i. & cum dicitur, quod artifex
738 1765 1234 1802 facit sphaeram cupri, non dicitur hoc, nisi
742 1813 1234 1855 quia facit ex hoc cupro demonstrato
736 1845 1239 1891 sphaetam, facendo hanc formam demon
