1475 2066
225 133 733 178 duo numero, & vnum in intentio¬
234 171 737 222 ne vniversali. D.d. sed significat aliquid, &c.
232 205 726 250 i. sed generatum significat aliquid sil
229 244 733 298 generanti, sed non est idem nume¬
236 293 728 338 ro cum generante, neque generatum
228 325 735 362 est intentio terminata. Et intendit
238 365 732 413 per intentionem terminatam illud, quod
232 404 736 455 est commune generanti, & generato. D.d.
239 444 736 482 & vniuersalitas istius, &c. i. & inten
232 481 731 520 tio vniuersalis est vniuersalis indiui¬
230 516 736 562 duis. v. g. homo, qui est vniuersalis indi
236 557 728 609 uiduis hominum. v. g. Socrati & Cal
235 597 734 650 liae. & sphaera cuprea est vniuersalis
234 637 731 684 etiam isti sphaerae, & illi. D.d. & homo
236 677 733 714 & animal, &c. i. & homo & anima
239 717 728 767 vniversale est, sicut sphaera vniuersalis, qui
238 757 736 808 non generatur neque generat. Et, cum
239 791 724 836 declarauit, quod forma separata a ma
242 833 739 886 teria neque generat, neque generatur. d.
245 870 739 914 Manifestum est enim quod quidam homines as
235 909 728 946 sueti sunt, &c. i. & cum hoc sit decla
236 948 736 1000 ratum, est manifestum, quod hoc, quod qui
240 988 734 1026 dam sunt assueti dicere, scilicet formas esse
243 1022 725 1071 quae suunt causae formarum, si inten
242 1067 725 1119 dunt alias a particularibus, nihil i
237 1109 731 1146 sunt in generatione substantiarum
240 1149 734 1197 neque in generatione accidentium. i. quod
245 1183 731 1228 si intendunt quod formae vniversales sunt cau
241 1221 738 1267 sae agentes formas particulares, non
243 1261 722 1315 pro sunt in generation: bus scilicet in ge
225 1300 731 1339 neratione substantiarum, & accidem
240 1341 727 1394 tium. omnis enim generatio manife¬
234 1381 736 1418 stum est, quod fit per transmutationem
242 1428 741 1458 materiae: & materia est indiuiduum
242 1460 730 1501 generans. Et dixit hoc, quia impos¬
243 1488 737 1538 sibile est, quod formae separatae transmu
244 1536 737 1579 tent materiam. non enim transmu
244 1581 729 1628 tat materiam, nisi illud, quod est in
245 1612 731 1658 materia. & ideo contingit dicenti¬
242 1653 726 1703 bus mundum generari quod transmu
240 1692 732 1744 tans ipsum sit aliquod indiuiduum
241 1733 737 1785 lilicet corpus particulare D.d. & non erunt
240 1772 726 1824 substantiae per se propter ista, i. & i
237 1813 741 1858 possibile est, quod substantiae sint separatae
765 129 1269 182 existentes per se ad generandum sub¬
759 169 1267 220 stantias particulares. manifestum est
760 206 1267 250 enim in pluribus generabilibus, quod
764 246 1262 294 pater est similis filio in forma. sed
767 285 1268 335 et propter hoc non sunt idem, quoniam non est
768 324 1268 374 verum dicere, quod pater est filius, aut
766 364 1269 415 filius pater, sed vnum secundum formam.
769 405 1258 442 D.d. sicut est in rebus naturalibus,
766 442 1268 491 i. sicut est dispositio in speciebus ge
764 479 1264 522 nerabilibus, quarum generatio est
764 517 1260 563 naturalis, v. g. homo, qui generatur
766 558 1254 612 ab homine, & equus ab equo. D.d. ho¬
763 597 1269 650 mo enim generat hominem, &c. i. omnis
765 637 1262 689 enim species generat speciem sibi simi
762 676 1259 727 lem, v.g. homo hominem: nisi gene¬
766 723 1259 754 ratio sit per accidens, & non secundum na¬
760 755 1258 807 turam: vt mulus, qui generatur ab
767 797 1259 834 equo & asino. Et induxit hoc exem
762 829 1268 882 plum ad verificandam propositio¬
761 870 1265 927 nem vniuersalem, dicentem, quod omne, quod ge
765 909 1265 966 neratur, generatur a fuo simili in for¬
762 949 1273 990 ma. Dubitatur enim in hac propositio
769 989 1269 1039 ne ex animalibus propinquarum spe
766 1029 1262 1083 eierum, quorum congregatione ge
770 1067 1267 1116 neratur aliud animal in specie, vt ab equo &
761 1104 1263 1146 asino mulus. Et ideo ad verificandum
766 1144 1257 1194 hanc propositionem dicendum est, quod
765 1186 1258 1234 omne generatum generatione actua
764 1221 1251 1280 li. i. generatione non cessabili gene
762 1261 1257 1306 ratur a suo simili. Et respondetur ac
770 1300 1257 1354 hoc per hoc, quod dixit post: & hoc
764 1341 1265 1379 simile est etiam. nomniatur enim &c. i. &
766 1381 1259 1432 hoc non negat vniuersalitatem pro
764 1411 1267 1471 positionis, dicentis, quod omne, quod ge
760 1456 1266 1510 neratur, generatur a suo simili in
761 1500 1259 1538 forma. mulus enim generatur a natu¬
757 1531 1265 1578 ra sibi simili, & est natura communis
759 1574 1265 1626 equo & asino. D.d. testimonium
758 1613 1268 1658 famosum super hoc, & dixit ex hoc
761 1651 1265 1698 quod nomen muli apud eos significat
759 1692 1260 1747 communem naturam. D.d. rectum est igi¬
757 1732 1267 1782 tur, vt ambo sint aequalia, i. rectum
757 1773 1258 1826 est igitur vt ex duobus seminibus ge
757 1820 1250 1866 nueretur natura aequalis, in temperata.
