1475 2066
228 125 710 170 Omniaex vniuoco generari. Cap. io
340 181 738 234 HAnifestum autem est ex
359 229 735 279 his, quae dicta sunt, & quod
357 268 732 322 quodam modo omnia
236 312 729 354 fiunt ex vniuoco, quemadmo
238 357 734 394 dum quae natura sunt: aut ex par¬
242 397 740 434 te vniuoca, vt domus ex domo:
245 437 739 491 aut ab intellectu, ars enim forma
242 476 730 522 est: aut ex parte, aut habente ali¬
240 517 736 577 quam partem, si non per accins
237 564 723 611 stant. Causa enim faciendi, pri
244 612 736 651 ma secundum se pars. calor enim in motu
240 653 730 691 calorem in corpore fecit, hic ve¬
238 687 730 745 ro, aut sanitas est, aut pars, aut se
236 729 725 771 quitur eum aliqua sanitatis pars
241 773 733 814 aut ipsa sanitas, quare & dicitur
237 812 735 859 facere, quia illud, quod sequitur &
232 853 737 899 cui accidit calor, sanitatem efficit.
288 895 734 955 Manifestum est igitur ex dictis
237 941 741 1002 quidem, quo quo modo omne quod
237 988 733 1050 fit, sit a conuenienti in nomine, si¬
235 1037 733 1098 cut illud, quod est per naturam: aut
238 1085 736 1147 a parte eius, quod est conveniens in
238 1133 731 1191 nomine, vt domus a domo: aut per
235 1180 731 1243 actionem, artificium enim est for¬
239 1229 735 1294 ma: aut a parte, quae habet partem.
240 1277 733 1343 si non fuerit generatio per accidens.
232 1325 733 1387 Agens enim est per se pars. calor
238 1377 737 1434 per motum facit calorem in corpo
236 1421 740 1483 re. & hic est sanitas, aut pars, aut
240 1473 743 1525 sequitur ipsum aliqua pars sanita
238 1521 735 1583 tis per se. & ideo dicitur, quod con
240 1573 740 1627 picatio & exercitium agit, quia
230 1615 732 1674 facit sanitatem per illud, quod se¬
236 1661 731 1717 quitur ipsum, & accidit ei calor,
272 1717 743 1762 In hoc sermone facit rememora,
243 1765 741 1802 tionem de praedictis, & d. Manifestum
241 1797 737 1850 est igitur ex praedictis, quod omne, quod ge
772 125 1280 170 neratur, generatur a conueniente in
774 165 1269 214 nomine & ratione: vt illud, quod est
770 205 1269 252 per naturam id i. homo ab homine. D.d.
771 244 1263 290 aut a parte eius, &c. & intendit per com
766 281 1260 335 ueniens in nomine generabilia na¬
769 321 1265 362 turalia ex patre & matre, sicut dixi¬
770 357 1259 403 mus. Et intendebat per hoc quod dicitr
771 394 1266 442 a parte eius, quod est conneniens in
768 445 1267 491 nomine, illud, quod generatur ab arte.
771 477 1261 514 & d. hoc ex parte, quia artificiatum
765 517 1270 562 componitur ex materia & forma, &
768 557 1259 594 non est in anima artificis ex genera
767 591 1264 646 to, nisi forma tantum, quae est pars gene
768 629 1264 675 rati. & ideo d. artificium enim e for¬
763 667 1251 708 ma, i. quod artificium non est nisi for¬
765 716 1252 760 ma generati, non congregatum con
762 749 1262 792 gregatione materiae & formae: sicut
766 783 1253 838 est dispositio in generabilibus natu
760 824 1256 877 ralibus. & ideo non d. in istis genera
766 864 1258 906 ri torum a toto. D.d. vt domus a do
768 901 1246 947 mo, i. vt domus, quae fit ex laterib
771 946 1257 993 & lapidibus, generatur a domo, quae
762 981 1263 1026 est in anima artificis. & intendit per
767 1021 1256 1074 hoc, quod dixit, aut per actionem, i. aut
764 1060 1261 1109 per actionem aliquam artificis non
775 1100 1259 1146 per omnes actiones. D.d. aut a par¬
767 1143 1263 1191 te, quae habet partem, &c. i. aut ars agit
773 1177 1261 1218 in subiecto per aliquam partem ip¬
770 1214 1265 1259 sius in * substantia. scilicet quod habet partem,
767 1255 1263 1298 etiam ex partibus naturae. & ista ars
770 1293 1259 1342 est earum, quarum actio componi¬
766 1338 1263 1385 tur ex arte & natura. & ideo ars agit
770 1369 1254 1424 partem actionis, quoniam habet in talib
765 1410 1269 1451 istis. D.d. & spectat finem actionum
773 1453 1265 1491 naturae. ista enim est dispositio artis
774 1488 1271 1529 Medicinae, & Culturae cum virtuti¬
771 1528 1269 1576 bus naturalibus, quae sunt in corpo¬
773 1564 1261 1602 ribus animalis, & in seminibus, & in
772 1605 1261 1656 plantis. D.d. aut generatur alia par
768 1645 1259 1682 reim ab aliqua parte conueniente in
770 1681 1269 1722 nomine: & vtrunque est conueniens
769 1721 1261 1773 cum generato. D.d. si non fuerit ge
772 1765 1261 1813 neratio per accidens. i. & si generatio
771 1804 1263 1850 alterius duaram partium a reliqua
