1475 2066
200 149 712 194 non fuerit per accidens. & excepit hoc
218 191 708 243 quoniam illa, quae generantur abinuicem p
222 230 697 269 accidens, non sunt conuenientia.
222 266 713 322 D.d. Agens enim est per se pars, i. & pri
222 309 718 360 mum agens, quod est ex artificio, est
220 349 722 399 existens per partem agentem, quae est
214 391 713 434 in natura. calor enim per motum, &c.
217 429 717 479 i. v. g. calor, qui sequitur motum con
222 464 700 514 poris. est enim sanitas quo quo modo
224 513 713 556 quia generat in corpore aliquem ca¬
220 542 713 596 lorem, & generatio illius caloris est
214 580 712 626 sanitas, aut sequitur eam sanitas. &
220 621 717 666 vniversaliter alor, qui est in corpore, aut est
218 660 706 710 pars sanitatis, aut est sanitas in poten
222 708 713 750 tia, quia sequitur ipsum pars sanita
200 741 697 790 tis, quae est quasi vltima perfectio,
222 780 710 818 D.d. & ideo dicitur, &c. i. & ideo dicitur quod com
218 818 709 869 fricatio & exercitium agunt sanita
213 856 719 908 tem, quia agunt illud, quod sequitur
220 898 710 938 sanitas. illud enim, cui accidit calor
220 933 425 978 facit Medicus,
232 973 710 1029 Quare, sicut in syllogismis om
216 1019 714 1059 nium principium substantia est
216 1059 715 1114 sex ipso enim quid est syllogis¬
212 1103 715 1146 mi sunt) hic etiam generationes.
221 1148 707 1186 Similiter se habent & quae natu
218 1197 708 1238 ra constituta sunt. semen nanque
213 1232 717 1283 facit, sicut ea, quae ab arte sunt.
212 1269 709 1314 habet etenim potestate formam
214 1316 712 1369 & a quo semen est: quodam mo
219 1357 717 1403 do vniuocum (non enim omnia ita
220 1404 711 1453 oportet quaerere, sicuti ex homine
214 1442 721 1482 homo. etenim mulier ex viro.
214 1482 713 1531 vnde mulus non ex mulo)sed si
210 1533 713 1579 non laesura fuerit. Quaecunque ve
216 1565 714 1611 ro, quorum materia potest & a
216 1613 714 1650 seipsa moueri eo motu, quo se¬
208 1652 713 1695 men mouet, a casu, sicut ibi, fiunt,
212 1692 708 1746 quorum autem non, haec impossi¬
210 1733 713 1778 bilia sunt aliter fieri, quam ex ipsis,
265 1780 712 1843 Ergo, sicut dictum est, quod in
208 1829 721 1891 syllogismis est principium cuiusli¬
745 148 1264 211 bet substantia: quoniam syllogismi sunt,
741 197 1250 262 ex eis quid sunt: ita hic generationes.
746 245 1251 307 Et illa, per quae constituuntur natura
742 295 1239 355 similiter. semen enim facit, sicut illa.
744 343 1242 402 quae sunt ex artificio. forma enim est
741 396 1253 457 in potentia in eo. & istud ex quo est
749 445 1251 491 semen, conueniens in nomine, sicut
749 492 1245 551 illa quo quo modo. non enim oportet quae¬
744 541 1248 595 rere omnia in ista eadem dispositio¬
749 586 1242 649 ne, in qua generatur homo ex hoine.
746 634 1244 691 mulier enim est ex viro. & ideo
742 682 1248 730 mulus non est ex mulo, nisi sit qui
740 729 1264 779 dam. omnia enim quae fiunit ex se, sunt
748 776 1251 829 sicut illic omnia, quorum materia
742 835 1250 885 habet potentiam, vt moueatur ex
742 875 1230 939 se hoc motu, quo mouet semen. &
744 928 1225 977 omnia, quorum materia non potest
742 970 1214 1034 haec sunt alio modo, non ex istis,
778 1053 1247 1106 Dicit: Ergo sicut dictum est, &c.
746 1092 1246 1137 i. & intendit per substantiam quidi
744 1132 1249 1182 tatem rei factae, quae est similis syllo
740 1169 1251 1222 gismo. Et d. quemadmodum princi¬
740 1210 1239 1259 pium cuiuslibet rei factae est sua qui¬
744 1248 1248 1291 ditas, quae est similis, ita est etiam in omni
744 1289 1243 1344 bus generabilibus per naturam, scilicet quod
744 1329 1246 1370 sunt a quiditate praecedenti. Et hoc in
748 1366 1253 1410 tendebat, cum d. quoniam syllogismi sunt,
741 1412 1243 1451 ex eis, quae sunt. i. quemadmodum
746 1443 1241 1494 syllogismi, ex quibus fiunt artificia
745 1485 1229 1530 ta, sunt quiditates artificiatorum
743 1525 1241 1579 ita res generabiles sunt a suis quidi¬
743 1565 1245 1603 tatibus: & indifferenter est in hoc
744 1603 1249 1642 ars, & natura. & hoc intendebat, cum
748 1645 1244 1693 d. Et illa, per quae constituuntur, &c.
744 1682 1246 1724 i. & illa, quae inueniuntur a natura,
741 1721 1253 1762 sunt sicut illa, quae inueniuntur ab
745 1760 1249 1802 artificio. Deinde d. semen enim fa¬
744 1805 1253 1852 cit, &c. i. semen enim generat per
744 1838 1246 1891 potentiam in eo similem artificio, quae
