1475 2066
205 149 713 200 poribus coelestibus. Et ideo Aristo
218 188 713 242 magnificat hanc virtutem, & attribuit
216 229 712 266 illam principiis diuinis, non naturali¬
219 265 709 319 bus. sed istam virtutem * sesse intelligen
222 308 716 357 tiam separatam lest impossibile. Et demon
221 344 719 386 stratio Arist. in hoc est, quod formae non
214 381 706 431 generartur per se. quam, si sic esset, tunc ge
222 429 718 459 neratio esset non a materia. & cum
222 461 721 513 ita sit, generatum est formans. gene
218 508 708 551 rans igitur est illud, quod mouet mate
222 538 710 578 riam, donec recipiat formam, i. illud
218 576 712 618 quod extrahit ipsam de potentia ac
216 621 707 658 actum: & illud, quod mouet mate
213 651 715 702 riam, necessario est corpus, habens
214 693 715 742 qualitatem actiuam, aut potentiam, quae agit
225 732 719 775 per corpus habens qualitatem actiuam.
221 767 708 810 Et, si illud, quod generat subiectum for¬
216 812 710 851 mae, esset aliud a generante formam
214 846 715 889 tunc subiectum & sua forma essent duo
216 884 713 934 in actu: quod est impossibile. & quia subie
216 926 712 975 ctum, formae non habet esse nisi per formam
218 965 708 1018 ideo actio agentis non pendet ab il
209 1005 719 1053 so, nisi secundum quod pendet de forma estam: cum
212 1041 704 1094 actio agentis, non pendet a forma
214 1079 714 1123 neque de subiecto sine forma. Et cum
220 1118 717 1171 ita sit, manifestum est, quod actio agentis
223 1158 721 1208 pendet ex subiecto propter hoc, quod pen¬
217 1197 719 1250 det de forma. Illud igitur, quod generat
218 1237 709 1288 subiectum formae, est illud, quod ge
217 1276 717 1327 nerat formam: inmo non generat sub¬
212 1316 712 1367 iectum nisi quid generat formam. Et scilice
212 1357 712 1396 subiectum formae generaretur ab ali¬
217 1389 719 1434 quo agente & forma ex alio, tunc vnum
210 1429 715 1481 actum, secundum quod est actum vnum, genera
212 1474 713 1521 retur a duobus agentibus: quod est inmpossibile
212 1508 704 1563 Secundum hoc igitur debet homo susten
223 1547 715 1587 tari in hoc loco. Et homines errauerunt
223 1589 721 1627 in hoc, qui a non intellexerunt demon
222 1622 714 1666 strantionem Aris. & non est mirum
220 1662 720 1706 de Auicem. sed de Alfarabio. vt enim
220 1699 719 1742 in suo libro de duabus Philosophijs
221 1741 722 1778 dubitare de hoc. Et omnes homines de
220 1781 717 1830 clinant magis ad opinionem Platonis,
216 1821 716 1858 quia est similis ei, quod loquentes non
742 148 1269 202 strae legis opinantur scilicet quod agens omnia
747 189 1242 240 est vnum, & quod non operantur in se ad
738 228 1253 283 inuicem. Videtur enim, quod contingit,
747 269 1243 307 eis ex creatione eorum adinuicem, pro¬
750 304 1248 355 cedere in infinitum in causis agenti
753 345 1247 394 bus: & ideo posuerunt vnum agens
740 383 1247 427 non corpus. Sed illud impossibile est
748 421 1239 458 vt transmutet materiam, nisi mediams
750 461 1243 498 te corpore alio non transmutabili
742 501 1248 546 scilicet orporibus coelestibus. & ideo im
746 536 1253 585 possibile est vt intelligentiae separatae dent
746 574 1243 618 aliquam formam formarum mix¬
750 615 1248 658 tarum in materia. Sed mouit Arist.
753 653 1242 701 ad ponendum mouens separatum a
749 692 1241 730 materia in factione virtutum intelli¬
744 733 1249 776 gentium, quia virtutes intellectua¬
748 764 1251 810 les apud ipsum sunt non mixtae cum
750 807 1242 851 materia. Vnde necesse est vt illud
751 848 1243 892 quod est non mixtum cum materia,
744 893 1236 936 generetur quo quo modo a non mix
748 924 1232 971 to cum materia simpliciter: quemad
745 964 1245 1003 modum est necesse vt omne mixtum cum
750 999 1221 1045 ma genereretur a mixto cum materia
751 1036 1249 1082 Formam non geuerari, non tantum in sub¬
781 1079 1217 1131 stantia, sed & in caeteris praedicamen
831 1117 1170 1166 tis verum esse. Cap. 22
862 1153 1262 1203 On ant de suba solum ondit,
865 1199 1255 1251 ratio non fieri formam, sed de¬
862 1239 1247 1290 omnibus primis similiter communis ratio
747 1277 1252 1330 est: vt puta quatitate, qualitate, &
745 1332 1241 1373 aliis praedicamentis. Fit enim vtputa ae
750 1373 1250 1419 nea sphaera, sed non sphaera, neoc
750 1406 1248 1458 aes. & in aere fit: sper namque oportet prae
747 1448 1254 1491 existere materiam, & formam. ita &
746 1492 1253 1531 in ipso quod est, & in quaelitate, & quantita¬
748 1533 1249 1586 te, & aliis praedicamentis similiter non enim
745 1579 1247 1626 sit quaelitas, sed quale lignum: nec quanti¬
749 1613 1247 1658 tas, sed quantum lignum, aut animal. Caete
747 1661 1247 1706 rum ex his, proprium subae accipere est,
754 1704 1248 1754 quod necesse est praeexistetur sper aliam suba
751 1743 1259 1786 actu existentem, quae facit, vt puta animal
744 1780 1254 1826 si animal fit: quale vero, aut quantum non
746 1824 1260 1882 est necesse, nisi potentia solum.
