1475 2066
195 155 708 211 Et iste sermo non significat sub
204 204 702 266 stantiam tantu, quod forma non goe
208 251 707 298 neratur, sed est sermo communis om¬
211 296 709 360 nibus primis rebus, verbi gratia
209 346 702 403 quantitati, & qualitati, & alii¬
210 397 701 460 praedicamentis. Est enim sicut sphia
210 441 710 498 ra cuprea, sed non est sphaera, nec cum¬
210 500 700 546 prum. & si generatur ex cupro, opo¬
210 541 699 595 tet semper vt materia sit ante for
210 585 702 635 mam per essentiam, & forma et,
210 635 704 701 & similiter illud, quod est per quae
212 683 688 730 litatem etiam, & quantitate &
195 738 707 793 alia praedicamenta. non enim gene
212 775 700 838 ratur qualitas, sed lignum haben
208 824 696 883 qualitatem: nec quantitas, sed li¬
216 873 700 936 gnum quantum, aut animlal. Sec
210 917 696 979 inuenitur ex istis, quod substantia
203 968 704 1031 propriae habent semper necessario
208 1012 701 1075 aliam substantiam, quae est aut in
200 1060 692 1123 actu, vt animla si est animal: qua
206 1110 697 1176 litatem aut esse, aut quatitatem no
204 1156 698 1213 est necessariu, nisi in potentia tantu
195 1204 704 1258 Dicit, & hoc quod dicimus, quod for¬
204 1252 699 1297 ma non generatur, nec corrumpitur,
211 1287 702 1337 non est proprium substantiae, sed est
204 1325 702 1375 commune praedicamento substantiae, & etiam
207 1372 707 1414 aliis praedicamentis. D.d. Est enim
207 1405 709 1453 sicut sphaera cupraea: &c. i. generatur,
204 1440 699 1483 enim sphaera cupraea demonstrata
205 1478 702 1522 & non generatur sphaera. scilicet sigura
209 1516 700 1570 neque cuprum. D.d. & si generatur
204 1556 707 1607 ex cupro, &c. i. & si sphaera generatur
209 1604 694 1648 ex materia & forma, oportet vt ma¬
211 1634 695 1685 teria & forma praecedant composi¬
206 1674 693 1725 tum ex eis scilicet generatum. D.d. & si¬
206 1711 690 1764 militer illud, quod est, &c. i. & simi¬
206 1752 699 1794 liter praedicamentum qualitatis, &
203 1797 700 1841 alia praedicamenta, scilicet quod generatum
196 1833 706 1883 ex eis compositum est substantia, &
740 156 1241 206 accidente secundum tempus. D.d.
732 197 1235 247 non enim generatur qualitas, &c.
734 236 1232 286 idest, non enim generatur qualitas,
735 270 1229 325 quae est tanquam forma, sed gene¬
740 319 1233 354 ratur corpus habens qualitatem ali¬
740 349 1235 403 quam. v. g. hoc lignum demonstratum,
741 389 1237 437 in quo est albedo aliqua: & similiter in
734 429 1236 479 substantia non generatur forma. v. g.
729 475 1236 506 animal. & hoc intendebat cum d. aut
733 504 1235 550 animal. D.d. Sed inuenitur ex istis, &c.
741 548 1231 586 & est proprium substantiae inter alia
745 585 1231 634 praedicamenta vt ante generatum sit
731 620 1237 667 alia substantia agens ipsum, quod est
736 658 1229 711 in actu ex specie illius, quod aget. vt
728 698 1223 738 animal, quod generat animal sibi sile¬
753 735 1229 786 D.d. qualitatem autem esse, &c. i.
736 774 1225 824 sed non est necesse vt ante qualita¬
736 818 1227 862 tem generatam sit alia qualitas agens
733 853 1217 893 sed est necesse vt ante qualitatem ge
734 891 1219 943 neratam sit aliquid, quod est in po
738 930 1222 968 tentia qualitas, idest materia. Et di
732 967 1226 1010 hoc quoniam qualitas alia generatur a sib
735 1012 1223 1050 simili qualitate: & alia est, cuius ge
729 1044 1237 1094 neratio sequitur formam mixtio¬
736 1085 1112 1131 nis primarum qualitatum,
728 1144 1239 1195 Dubitationum solutio. An partium ratio¬
751 1189 1225 1227 nes in totius ratione ponantur. Et an
830 1224 1114 1274 partes toto sint priores.
910 1266 1063 1314 Cap. 22
766 1316 1220 1362 VVmautem definitio ratio sit
828 1365 1224 1414 omnis autem ratio partes ha
828 1404 1232 1458 beat, ac sicuti ratio ad rem,
734 1444 1239 1490 similiter & pars rationis ad partem rei se
730 1489 1241 1530 habeat, dubitatur vtrum oportet
728 1540 1234 1579 partium rationem inesse in ratione
734 1580 1243 1618 totius, an non. In quibusdam enim
731 1617 1235 1659 videntur inesse, in quibusdam vero
735 1666 1234 1698 non circuli enim ratio non habet
735 1708 1232 1747 rantionem sectionum: ratio vero
734 1747 1235 1789 syllabae habet rationem elemen
728 1791 1240 1841 torum. atqui circulus diuiditur in se
725 1829 1234 1875 ctione, sicuti syllaba in elementa.
