1475 2066
215 163 736 202 ltem autem, si partes. priores sunt,
239 204 733 250 toto, recti autem acutus est pars, &
234 245 724 299 digitus animalis, prior erit acu
238 285 731 341 tus recto & digitus homine.
241 324 731 379 Videntur tamen ista esse prioras
231 369 722 410 ratione nanque dicuntur ex istis
233 412 726 450 & eo quod sint absque inuicem, prio¬
228 453 728 498 ra sunt. An multis modis dicitur
229 500 731 547 pars. Quorum vnus modus, quae
230 533 619 578 secundum quantum mensurat.
279 572 734 635 Ergo definitio est. sermo, & om¬
220 621 726 682 nis sermo habet partes, & quem¬
233 669 733 730 admodum est sermo ad rem, ita est
229 721 732 779 pars sermonis ad partem rei: dubi
226 764 725 827 tatur ergo in hoc, vtru sermo par¬
228 813 727 874 tiu debeat collocari inus sermone to¬
224 860 737 922 tius, aut non Videmus igitur, quod
224 909 734 970 quaedam collocantur, & quaedam no.
231 956 727 1019 in sermone enim curculi non est ille¬
228 1004 732 1067 qui est partium: in sermone autem
224 1052 730 1115 syllabae est sermo literarum. etsi cur¬
224 1101 732 1162 culus diuiditur in suas partes, sicut
227 1149 729 1212 syllaba inliteras. Et etiam, si pars
233 1197 727 1263 est ante totum, & acutum est par:
226 1245 732 1308 recti, & digitus ante homine. Seo
229 1293 729 1354 existimantur illa esse priora, quae
227 1341 728 1402 dicuntur per sermone, quoniam sunt
225 1388 727 1450 ex illis, & quia sunt ex aliis ab al¬
229 1437 733 1498 lis, sunt ante etia. Aut dicamus
226 1485 733 1546 quod pars dicitur multis modis.
232 1533 724 1600 Quorum vnus est ille, qui numera,
230 1584 726 1634 tur, per qualitatem, & alius per
227 1645 439 1690 quantitatem.
276 1675 735 1723 Cum declarauit, quod definitio est
229 1722 727 1762 illud, quod significatiquiditatem rei
229 1762 729 1802 & quod solum modo est substantiae, & se
224 1804 726 1842 cundario aliorum praedicamentorum
225 1845 728 1883 & quod definitio & definitum sunt idem
758 155 1305 214 in actu, & quod multitudo in suis parti E
763 199 1258 242 bus est in potentia, & declarauit ex
760 237 1254 283 hoc, quod si res habent quiditates, & for¬
765 282 1260 322 mas existentes per se, quod non sunt eaedem
759 317 1266 360 cum rebus, quarum sunt formae, & quod
756 357 1264 402 propter hoc nihil prosunt in substantia
755 396 1263 442 illarum rerum, quarum sunt formae, &
767 432 1257 489 quod formae & etam ideae, si sunt, nihil pro¬
758 474 1263 514 sunt in generatione rerum, quae sunt,
759 510 1261 549 substantiae sensibiles: omnis enim sub¬
764 550 1252 604 stantia generatur a substantia sibi si¬
765 589 1261 641 mili, cum generatio non sit formae
758 629 1264 674 nec materiae, sed congregati ex eis,
760 665 1263 708 quod est demonstratum. Et cum hoc
764 703 1269 746 declarauit, reuersus est ad complen¬
757 742 1262 786 dum sermonem de definitionibus, &
765 783 1255 834 dixit: Ergo definitio est sermo, &c.
760 821 1264 874 id est, & quia definitio est sermo, &
762 861 1257 911 omnis sermo habet suas partes signifi¬
757 901 1261 953 cantes partes rei: & apparet, quod sicut
758 948 1264 981 est proportio definitionis ad rem, ita
761 979 1267 1018 est proportio partis definitionis ad
765 1016 1267 1067 partem rei, i. quoniam, quemadmodum de¬
761 1061 1265 1110 finitio dclarat quiditatem rei, ita pars
764 1093 1263 1146 definitionis declarat partem quidita¬
762 1132 1258 1183 tis rei: ideo accidit quaestio in hoc
760 1172 1253 1222 Et est quaestiotalis, vtrum omnes defi¬
758 1209 1255 1250 nitiones partium rei debeant esse pa¬
757 1255 1265 1298 tes definitionis, ita quod praecedant rem,
760 1293 1256 1330 & eius definitionem scilicet vt definitione
762 1325 1260 1381 partium sint tota definitio, & priores
762 1364 1268 1419 ipsa, aut non omnes definitiones partium
760 1404 1269 1456 definiti sunt partes definitionis, sed
757 1445 1263 1494 sunt posteriores re, & sua defione.
784 1484 1259 1536 Et intendebat per hanc persrutatio
766 1529 1258 1574 nem declarare, quae partes definitio
767 1568 1271 1611 nis significant partes quiditatis rei, &
758 1600 1271 1655 non partes suae materiae, & quae non
764 1640 1269 1695 significant partes quiditatis rei. D.d.
770 1680 1266 1734 Videmus igitur quod quaedam, &c. i. haec
763 1719 1275 1765 quaestio accidit in hoc ex hoc, quod nos
772 1764 1274 1810 videmus quasdam res partium, quarum
762 1798 1265 1842 definitio non collocatur in suis defini
764 1838 1272 1892 tionibus. v. g. definitiones partium
