1475 2066
215 132 729 195 erideo sunt ex istis secundum hunc
224 179 723 242 modum, tanquam partes substan
227 227 725 291 tiae, sed quasi ex materia, totius
234 276 718 340 vero non sunt partes. formae au¬
221 324 723 382 tem, & illius, quod habet defini¬
220 370 722 431 tionem, non sunt partes & si¬
223 418 717 479 militer in definitionibus etiam
224 465 710 531 in quibusdam autem non sunt, ne
224 510 714 577 que aliqua definitionum partium
220 564 724 623 quae sunt tales. & in quibusdam,
222 612 727 674 non oportet vt sit vnum, nisi sit
225 657 717 722 illud, quod est congregatum. quo¬
215 706 719 766 vniam ista quaedam sunt ex illis,
231 757 725 811 quae sunt principia, & in ea cor¬
228 802 722 863 rumpuntur: et quaedam non. Om¬
220 846 729 916 nia igitur, quorum materia et for¬
225 900 711 959 ma sunt congregatae, vt simus, &
225 944 725 1002 circulus cupri, corrumpuntur in ista,
224 993 712 1050 et materia est pars eorum. et omnia
228 1052 720 1103 quae non congregantur cum mate¬
228 1085 722 1152 ria, sed definitiones formae sunt si¬
220 1148 728 1186 ne materia, aut corrumpuntur om¬
220 1197 723 1236 nino, aut non corrumpuntur, sicut
228 1233 718 1298 illa corrumpuntur. Ergo in illis il
215 1276 722 1338 la, quae sunt sub eis, sunt princi¬
221 1325 730 1387 pia & partes earum, forma vero
219 1375 722 1438 no est istae partes, nec principia ea¬
222 1425 719 1487 rum. et ideo corrumpitur idolum tes
222 1469 714 1530 restre in terram, & sphaera in cum¬
218 1517 713 1579 prum, et callias in carnes et ossa
221 1565 723 1627 & etiam curculus in partes, quod¬
218 1628 721 1679 cunque, igitur congregatur cu mato
218 1660 714 1723 ria, & dicitur aequiuoce circulus,
220 1708 720 1775 qui dicitur modo simplici, et ille, qui
221 1757 728 1823 dicitur particularis. particularia
225 1804 700 1867 enim non habent proprium nomen
789 129 1253 172 Idest, Sed dimittamus hanc quae¬
758 169 1263 211 stionem de aequiuocatione, quae est
749 212 1239 261 in hoc nomine pars, & ponamus per
761 249 1251 291 scrutatioeum de aequiuocatione,
754 285 1244 331 quae est in hoc nomine substantia
754 327 1260 370 Deinde dicit. Si igitur quaedam est
757 364 1259 418 materia, etcaet. idest, si igitur hoc
758 405 1258 456 nomen substantia dicitur simplici¬
754 444 1253 497 ter de materia substantiae composi¬
757 485 1257 530 tae ex materia & forma, et de for¬
756 522 1254 574 ma eius, & de composito, tunc forma
759 562 1256 610 substantiae dicetur esse substantia rei,
752 598 1251 650 cum ipsa declaret essentiam illius,
754 642 1242 682 x materia vero dicitur secundum consyde
757 676 1250 728 rantionem ad substantiam compos¬
760 724 1251 766 tam ex materia & forma esse pare
757 757 1245 795 substantiae. secundum consyderationem ve
753 796 1248 835 ro ad substantiam declarantem est
759 834 1251 874 sentiam rei non dicitur esse pars sub¬
758 872 1255 915 stantiae, sed esse deferes formam in
757 916 1249 962 suam definitionem. v. g. simitas, cu
759 949 1252 986 ius definitio est concauitas in naso
758 989 1259 1027 aut in carne nasi. nasus enim est pars
758 1029 1263 1066 substantiae eius, quod significat hoc
759 1062 1259 1118 nomen simitas, quod est congrega¬
756 1103 1258 1146 tio nasi. & simitatis. & non est pars de
757 1144 1259 1186 finitionis concauitatis, sed est subie¬
763 1180 1259 1234 ctum ei. Et hoc, quod dicit, non ac¬
762 1227 1264 1262 cidit nisi in rebus, quarum nomina
758 1261 1258 1312 significant aliquid existens in subie
756 1299 1258 1338 cto, non aliquid existens per se. &
759 1338 1259 1378 similiter cuprum est pars definitio
761 1373 1257 1418 nis idoli facti ex cupro, & non est pros¬
759 1412 1252 1454 formae idoli. Et, cum dedit diffa¬
758 1460 1261 1505 rentiam inter partem definitionis,
758 1500 1259 1538 quae est materia, & inter partem,
758 1531 1257 1584 quae est forma, indiget dare diffe¬
753 1572 1254 1610 rentiam inter materiam & formam
758 1607 1257 1651 & dixit. forma igitur dicitur, & cae¬
761 1638 1259 1690 tera, idest, & differentia inter for¬
755 1685 1265 1735 mam & materiam est, quoniam for¬
754 1724 1264 1773 ma praedicatur per se. de habente
749 1761 1259 1802 formam, secundum quod declarat
756 1805 1252 1846 quidditatem eius substantialemus
