<?xml version="1.0" encoding="UTF-8" standalone="yes"?>
<PcGts xmlns="http://schema.primaresearch.org/PAGE/gts/pagecontent/2013-07-15" xmlns:xsi="http://www.w3.org/2001/XMLSchema-instance" xsi:schemaLocation="http://schema.primaresearch.org/PAGE/gts/pagecontent/2013-07-15 http://schema.primaresearch.org/PAGE/gts/pagecontent/2013-07-15/pagecontent.xsd">
    <Metadata>
        <Creator>prov=University of Rostock/Institute of Mathematics/CITlab|PLANET AI GmbH/Gundram Leifert/gundram.leifert@planet-ai.de:name=cod-AAssXX-m2(htr_id=27673)::::v=2.6.7
prov=University of Rostock/Institute of Mathematics/CITlab|PLANET AI GmbH/Tobias Gruening/tobias.gruening@planet-ai.de:name=de.uros.citlab.module.baseline2polygon.B2PSeamMultiOriented:v=2.6.7
prov=University of Rostock/Institute of Mathematics/CITlab|PLANET AI GmbH/Tobias Gruening/tobias.gruening@planet-ai.de:name=/net_tf/LA73_249_0mod360.pb:de.uros.citlab.segmentation.CITlab_LA_ML:v=2.6.6
Transkribus</Creator>
        <Created>2020-10-30T08:03:33.629-04:00</Created>
        <LastChange>2020-11-20T17:02:36.359+01:00</LastChange>
        <TranskribusMetadata docId="528931" pageId="22410800" pageNr="387" tsid="49372474" status="IN_PROGRESS" userId="25065" imgUrl="https://files.transkribus.eu/Get?id=PCLJHAPUBGGMINIFKKVBYBQZ&amp;fileType=view" xmlUrl="https://files.transkribus.eu/Get?id=DGWGGZPJTASCAZUCTXEBCXZT" imageId="17470181"/>
    </Metadata>
    <Page imageFilename="Averroes_Metaphysica_JuntSecunda_08-0387.jpg" imageWidth="1475" imageHeight="2066">
        <ReadingOrder>
            <OrderedGroup id="ro_1605972758128" caption="Regions reading order">
                <RegionRefIndexed index="0" regionRef="TextRegion_1604462880438_2554"/>
                <RegionRefIndexed index="1" regionRef="r5"/>
            </OrderedGroup>
        </ReadingOrder>
        <TextRegion orientation="0.0" id="TextRegion_1604462880438_2554" custom="readingOrder {index:0;}">
            <Coords points="226,90 737,90 737,1864 226,1864"/>
            <TextLine id="line_1604462880532_2557" custom="readingOrder {index:0;}">
                <Coords points="221,175 440,177 485,193 511,178 735,178 735,149 641,133 626,147 446,139 424,151 330,133 221,153"/>
                <Baseline points="226,170 248,170 275,170 302,169 328,169 355,169 382,169 409,169 435,169 462,169 489,170 516,170 542,170 569,170 596,170 623,170 649,170 676,170 703,170 730,170"/>
                <TextEquiv>
                    <Unicode>Et, cum declarauit, quod omnes istae substan</Unicode>
                </TextEquiv>
            </TextLine>
            <TextLine id="r4l3" custom="readingOrder {index:1;}">
                <Coords points="229,218 729,218 729,179 229,189"/>
                <Baseline points="234,209 259,209 285,208 311,208 337,208 362,208 388,208 414,208 440,208 466,209 491,209 517,209 543,209 569,209 595,209 620,209 646,209 672,209 698,208 724,208"/>
                <TextEquiv>
                    <Unicode>tiae sunt in materijs: &amp; ideo defini¬</Unicode>
                </TextEquiv>
            </TextLine>
            <TextLine id="r4l4" custom="readingOrder {index:2;}">
                <Coords points="229,253 335,266 352,254 727,258 727,229 703,218 679,230 594,218 486,229 453,216 432,231 229,228"/>
                <Baseline points="234,248 259,247 285,247 311,246 336,246 362,246 388,246 413,247 439,247 465,247 490,248 516,248 542,248 567,249 593,249 619,249 644,248 670,248 696,247 722,246"/>
                <TextEquiv>
                    <Unicode>tiones quarundam partium sunt poste</Unicode>
                </TextEquiv>
            </TextLine>
            <TextLine id="r4l5" custom="readingOrder {index:3;}">
                <Coords points="235,291 657,307 731,298 732,262 236,261"/>
                <Baseline points="240,285 265,285 291,285 316,285 342,285 367,285 393,286 419,286 444,286 470,286 495,287 521,287 546,287 572,287 598,287 623,287 649,287 674,287 700,287 726,287"/>
                <TextEquiv>
                    <Unicode>riores definitione totius, &amp; partes</Unicode>
                </TextEquiv>
            </TextLine>
            <TextLine id="r4l6" custom="readingOrder {index:4;}">
                <Coords points="236,331 322,344 337,330 448,343 471,331 736,334 736,301 683,301 664,317 640,301 236,300"/>
                <Baseline points="241,326 266,325 292,325 318,325 344,325 369,325 395,325 421,326 447,326 473,326 498,327 524,327 550,327 576,327 602,328 627,328 653,328 679,327 705,327 731,326"/>
                <TextEquiv>
                    <Unicode>earum, quae sunt per quantitatem, non </Unicode>
                </TextEquiv>
            </TextLine>
            <TextLine id="r4l7" custom="readingOrder {index:5;}">
                <Coords points="226,370 645,369 674,383 731,370 716,332 500,344 418,333 400,347 375,333 321,345 226,333"/>
                <Baseline points="231,364 257,364 283,364 309,363 335,364 361,364 387,364 413,364 439,364 465,364 491,365 517,365 543,365 569,365 595,365 621,366 647,366 673,366 699,365 726,365"/>
                <TextEquiv>
                    <Unicode>habent definitiones, cum non sint prio</Unicode>
                </TextEquiv>
            </TextLine>
            <TextLine id="r4l8" custom="readingOrder {index:6;}">
                <Coords points="229,410 330,409 358,423 373,409 685,415 730,409 731,376 230,381"/>
                <Baseline points="234,399 259,400 285,401 311,401 337,402 363,403 389,403 414,403 440,404 466,404 492,404 518,404 544,404 569,404 595,405 621,405 647,405 673,405 699,406 725,406"/>
                <TextEquiv>
                    <Unicode>res toto prioritate definitionis, sed</Unicode>
                </TextEquiv>
            </TextLine>
            <TextLine id="r4l9" custom="readingOrder {index:7;}">
                <Coords points="231,459 732,451 732,413 232,421"/>
                <Baseline points="237,439 262,440 288,441 314,442 340,442 365,443 391,443 417,443 443,444 469,444 494,444 520,444 546,444 572,444 598,444 623,444 649,444 675,444 701,444 727,444"/>
                <TextEquiv>
                    <Unicode>prioritate materiae ad formam, d. Si</Unicode>
                </TextEquiv>
            </TextLine>
            <TextLine id="r4l10" custom="readingOrder {index:8;}">
                <Coords points="237,490 727,490 727,460 631,452 237,460"/>
                <Baseline points="242,482 267,481 292,481 317,481 343,481 368,481 393,481 418,481 444,481 469,482 494,482 519,482 545,482 570,482 595,483 620,483 646,483 671,483 696,482 722,482"/>
                <TextEquiv>
                    <Unicode>autem aliqua substantia fuerit sine ma¬</Unicode>
                </TextEquiv>
            </TextLine>
            <TextLine id="r4l11" custom="readingOrder {index:9;}">
                <Coords points="234,530 691,532 718,527 718,500 690,488 670,502 489,502 451,489 234,501"/>
                <Baseline points="239,519 265,520 291,520 318,520 344,520 370,521 397,521 423,521 449,521 476,521 502,521 528,521 555,521 581,521 607,521 634,521 660,521 686,521 713,521"/>
                <TextEquiv>
                    <Unicode>teria, &amp;c. i. &amp; quod apparet ex hoc ser¬</Unicode>
                </TextEquiv>
            </TextLine>
            <TextLine id="r4l12" custom="readingOrder {index:10;}">
                <Coords points="230,570 606,567 661,581 726,567 726,530 561,548 533,532 438,529 419,542 389,527 369,541 350,529 230,541"/>
                <Baseline points="235,561 260,561 286,560 311,560 337,560 362,560 388,560 414,560 439,560 465,560 490,561 516,561 541,561 567,561 593,562 618,561 644,561 669,561 695,560 721,559"/>
                <TextEquiv>
                    <Unicode>mone est scilicet quod substantia, quam signifi¬</Unicode>
                </TextEquiv>
            </TextLine>
            <TextLine id="r4l13" custom="readingOrder {index:11;}">
                <Coords points="229,602 543,610 571,587 607,610 734,605 722,571 682,584 448,568 419,585 388,568 368,582 294,566 229,581"/>
                <Baseline points="234,600 260,599 286,599 312,599 338,599 364,599 390,599 416,599 442,599 468,599 494,599 520,599 546,600 572,600 598,600 624,600 650,600 676,600 702,599 729,599"/>
                <TextEquiv>
                    <Unicode>cat definitio, est in mam Vtrum autem</Unicode>
                </TextEquiv>
            </TextLine>
            <TextLine id="r4l14" custom="readingOrder {index:12;}">
                <Coords points="236,648 734,650 734,614 707,605 668,629 570,607 336,608 304,621 236,606"/>
                <Baseline points="241,639 266,639 292,638 318,638 343,638 369,639 395,639 420,639 446,639 472,639 497,639 523,639 549,639 574,639 600,639 626,639 651,639 677,639 703,639 729,638"/>
                <TextEquiv>
                    <Unicode>sit hic aliqua substantia sine ma, similis</Unicode>
                </TextEquiv>
            </TextLine>
            <TextLine id="r4l15" custom="readingOrder {index:13;}">
                <Coords points="238,683 386,682 447,697 503,681 736,683 736,653 706,648 397,659 238,647"/>
                <Baseline points="243,676 268,676 294,676 320,676 345,676 371,676 397,677 422,677 448,677 474,677 499,677 525,678 551,678 576,678 602,678 628,677 653,677 679,677 705,676 731,676"/>
                <TextEquiv>
                    <Unicode>istis substantijs, quae sunt in materijs: </Unicode>
                </TextEquiv>
            </TextLine>
            <TextLine id="r4l16" custom="readingOrder {index:14;}">
                <Coords points="233,722 727,719 727,695 679,684 233,694"/>
                <Baseline points="238,715 263,715 288,715 314,716 339,716 365,716 390,716 416,717 441,717 467,717 492,717 518,718 543,718 569,718 594,717 620,717 645,717 671,716 696,715 722,714"/>
                <TextEquiv>
                    <Unicode>aut vtrum inueniuntur in istis substan¬</Unicode>
                </TextEquiv>
            </TextLine>
            <TextLine id="r4l17" custom="readingOrder {index:15;}">
                <Coords points="243,763 643,762 664,777 679,762 736,762 736,733 624,721 243,736"/>
                <Baseline points="248,755 273,755 298,755 324,755 349,755 375,755 400,755 425,755 451,755 476,755 502,754 527,754 553,754 578,754 603,755 629,755 654,755 680,755 705,755 731,756"/>
                <TextEquiv>
                    <Unicode>tiae, quae sunt aliae ab istis substantijs sen</Unicode>
                </TextEquiv>
            </TextLine>
            <TextLine id="r4l18" custom="readingOrder {index:16;}">
                <Coords points="231,802 731,802 731,771 231,769"/>
                <Baseline points="236,795 261,794 287,794 313,794 339,794 364,794 390,794 416,794 442,794 468,794 493,795 519,795 545,795 571,795 597,795 622,795 648,795 674,795 700,794 726,794"/>
                <TextEquiv>
                    <Unicode>sibilibus, vt dicimus de numeris, per</Unicode>
                </TextEquiv>
            </TextLine>
            <TextLine id="r4l19" custom="readingOrder {index:17;}">
                <Coords points="235,843 724,842 724,813 663,805 235,805"/>
                <Baseline points="240,834 265,834 290,833 315,833 340,833 366,833 391,833 416,833 441,833 466,834 492,834 517,834 542,834 567,834 592,834 618,833 643,833 668,833 693,832 719,831"/>
                <TextEquiv>
                    <Unicode>scrutandum est postea. D.d. Quiam pro¬</Unicode>
                </TextEquiv>
            </TextLine>
            <TextLine id="r4l20" custom="readingOrder {index:18;}">
                <Coords points="236,890 300,875 497,874 608,895 631,876 734,882 734,854 690,841 672,854 553,842 492,855 321,854 308,841 236,852"/>
                <Baseline points="241,871 266,871 292,871 318,872 343,872 369,872 395,872 420,872 446,872 472,872 497,872 523,872 549,873 574,873 600,873 626,873 651,872 677,872 703,872 729,872"/>
                <TextEquiv>
                    <Unicode>pter hoc nitimur distinguere has</Unicode>
                </TextEquiv>
            </TextLine>
            <TextLine id="r4l21" custom="readingOrder {index:19;}">
                <Coords points="234,922 735,922 735,891 423,879 363,895 286,878 234,892"/>
                <Baseline points="239,911 264,911 290,911 316,911 342,911 368,911 394,911 419,911 445,911 471,911 497,911 523,911 549,911 574,911 600,911 626,911 652,911 678,911 704,911 730,911"/>
                <TextEquiv>
                    <Unicode>defionnes in substantiis sensibilibus</Unicode>
                </TextEquiv>
            </TextLine>
            <TextLine id="r4l22" custom="readingOrder {index:20;}">
                <Coords points="238,962 731,962 731,932 660,920 632,934 540,921 450,932 422,918 314,938 271,918 238,926"/>
                <Baseline points="243,952 268,951 293,951 319,950 344,950 370,950 395,950 420,950 446,950 471,950 497,950 522,951 548,951 573,951 598,951 624,951 649,951 675,951 700,951 726,951"/>
                <TextEquiv>
                    <Unicode>etiam. i. nos enim non perscrutati sumus</Unicode>
                </TextEquiv>
            </TextLine>
            <TextLine id="r4l23" custom="readingOrder {index:21;}">
                <Coords points="232,1001 556,990 635,1008 649,994 728,994 728,962 576,972 562,958 293,957 232,974"/>
                <Baseline points="237,990 262,990 288,990 313,990 339,989 364,989 390,989 416,989 441,989 467,989 492,989 518,989 543,989 569,989 595,989 620,989 646,989 671,989 697,990 723,990"/>
                <TextEquiv>
                    <Unicode>de substantijs sensibilibus, neque distin</Unicode>
                </TextEquiv>
            </TextLine>
            <TextLine id="r4l24" custom="readingOrder {index:22;}">
                <Coords points="234,1034 725,1034 733,1005 234,1006"/>
                <Baseline points="239,1028 264,1029 290,1029 316,1029 341,1029 367,1029 393,1029 419,1029 444,1029 470,1029 496,1029 522,1029 547,1029 573,1029 599,1029 625,1029 650,1029 676,1029 702,1029 728,1029"/>
                <TextEquiv>
                    <Unicode>ximus modos earum hac distinctione,</Unicode>
                </TextEquiv>
            </TextLine>
            <TextLine id="r4l25" custom="readingOrder {index:23;}">
                <Coords points="228,1074 519,1072 544,1085 726,1074 726,1038 256,1037 228,1051"/>
                <Baseline points="233,1067 258,1067 284,1067 310,1067 335,1067 361,1068 387,1068 412,1068 438,1068 464,1068 489,1068 515,1067 541,1067 566,1067 592,1067 618,1067 643,1067 669,1068 695,1068 721,1068"/>
                <TextEquiv>
                    <Unicode>nisi quia intendimus perscrutari de</Unicode>
                </TextEquiv>
            </TextLine>
            <TextLine id="r4l26" custom="readingOrder {index:24;}">
                <Coords points="237,1113 535,1113 557,1128 730,1114 730,1084 237,1077"/>
                <Baseline points="242,1108 267,1107 292,1107 318,1107 343,1107 369,1107 394,1107 419,1107 445,1107 470,1108 496,1108 521,1108 547,1108 572,1108 597,1108 623,1108 648,1108 674,1107 699,1107 725,1107"/>
                <TextEquiv>
                    <Unicode>substantia insensibili. &amp; propter hoc, quod </Unicode>
                </TextEquiv>
            </TextLine>
            <TextLine id="r4l27" custom="readingOrder {index:25;}">
                <Coords points="229,1154 510,1164 583,1145 723,1162 723,1119 702,1117 229,1126"/>
                <Baseline points="234,1146 259,1146 284,1146 310,1145 335,1145 361,1145 386,1146 412,1146 437,1146 463,1146 488,1146 514,1146 539,1146 565,1146 590,1146 616,1146 641,1146 667,1145 692,1145 718,1145"/>
                <TextEquiv>
                    <Unicode>dixit: Philosophus primus non consy¬</Unicode>
                </TextEquiv>
            </TextLine>
            <TextLine id="r4l28" custom="readingOrder {index:26;}">
                <Coords points="230,1191 732,1194 732,1165 703,1156 341,1165 328,1152 230,1166"/>
                <Baseline points="235,1185 260,1185 286,1185 312,1185 338,1185 364,1185 390,1186 416,1186 442,1186 468,1186 493,1186 519,1186 545,1186 571,1186 597,1185 623,1185 649,1185 675,1185 701,1185 727,1185"/>
                <TextEquiv>
                    <Unicode>derat de substantiis sensibilibus, secundum</Unicode>
                </TextEquiv>
            </TextLine>
            <TextLine id="r4l29" custom="readingOrder {index:27;}">
                <Coords points="237,1228 464,1242 733,1233 733,1204 692,1189 651,1206 623,1192 571,1208 539,1194 237,1203"/>
                <Baseline points="242,1224 267,1224 293,1224 318,1224 344,1224 369,1224 395,1224 421,1224 446,1224 472,1224 497,1224 523,1224 548,1224 574,1225 600,1224 625,1224 651,1224 676,1224 702,1223 728,1222"/>
                <TextEquiv>
                    <Unicode>quod sunt sensibiles, sed secundum quod sunt sub¬</Unicode>
                </TextEquiv>
            </TextLine>
            <TextLine id="r4l30" custom="readingOrder {index:28;}">
                <Coords points="237,1274 604,1268 655,1282 670,1268 729,1269 729,1244 687,1230 663,1245 237,1236"/>
                <Baseline points="242,1263 267,1263 292,1264 318,1264 343,1264 368,1264 394,1264 419,1264 444,1264 470,1264 495,1264 521,1264 546,1264 571,1264 597,1264 622,1264 647,1264 673,1264 698,1264 724,1263"/>
                <TextEquiv>
                    <Unicode>stantiae: Naturalis vero secundum quod sunt</Unicode>
                </TextEquiv>
            </TextLine>
            <TextLine id="r4l31" custom="readingOrder {index:29;}">
                <Coords points="229,1314 647,1306 702,1319 739,1307 739,1277 229,1280"/>
                <Baseline points="234,1303 259,1303 284,1303 309,1303 334,1303 359,1303 384,1303 409,1303 434,1304 459,1304 484,1304 509,1304 534,1304 559,1304 584,1303 609,1303 634,1303 659,1303 684,1303 709,1302 734,1302"/>
                <TextEquiv>
                    <Unicode>substantiae sensibiles. Et ideo d. quoniam</Unicode>
                </TextEquiv>
            </TextLine>
            <TextLine id="r4l32" custom="readingOrder {index:30;}">
                <Coords points="237,1348 727,1346 727,1319 683,1309 572,1323 518,1310 237,1317"/>
                <Baseline points="242,1340 267,1341 292,1341 317,1342 343,1342 368,1343 393,1343 418,1343 444,1343 469,1343 494,1343 519,1343 545,1343 570,1343 595,1343 620,1342 646,1342 671,1342 696,1341 722,1341"/>
                <TextEquiv>
                    <Unicode>quodam modo perscrutatio de sub¬</Unicode>
                </TextEquiv>
            </TextLine>
            <TextLine id="r4l33" custom="readingOrder {index:31;}">
                <Coords points="233,1387 602,1385 622,1398 639,1385 736,1386 736,1356 709,1349 233,1351"/>
                <Baseline points="238,1381 263,1381 289,1381 315,1381 341,1381 367,1381 393,1381 419,1381 445,1382 471,1382 497,1382 523,1382 549,1382 575,1381 601,1381 627,1381 653,1381 679,1380 705,1380 731,1379"/>
                <TextEquiv>
                    <Unicode>stantiis sensibilibus, &amp; consyderatio</Unicode>
                </TextEquiv>
            </TextLine>
            <TextLine id="r4l34" custom="readingOrder {index:32;}">
                <Coords points="235,1426 637,1425 690,1439 735,1425 733,1396 656,1389 622,1401 556,1389 235,1395"/>
                <Baseline points="240,1419 265,1419 291,1419 317,1419 343,1419 368,1419 394,1420 420,1420 446,1420 472,1420 497,1421 523,1421 549,1421 575,1421 601,1421 626,1421 652,1420 678,1420 704,1420 730,1419"/>
                <TextEquiv>
                    <Unicode>de eis est Philosophiae Eaturalis, quae</Unicode>
                </TextEquiv>
            </TextLine>
            <TextLine id="r4l35" custom="readingOrder {index:33;}">
                <Coords points="235,1465 734,1466 735,1436 236,1436"/>
                <Baseline points="241,1458 266,1459 292,1459 318,1460 343,1460 369,1460 395,1460 420,1460 446,1460 472,1460 497,1460 523,1460 549,1460 574,1460 600,1460 626,1460 651,1460 677,1460 703,1460 729,1460"/>
                <TextEquiv>
                    <Unicode>est secunda, i. quod Philosophia Natura</Unicode>
                </TextEquiv>
            </TextLine>
            <TextLine id="r4l36" custom="readingOrder {index:34;}">
                <Coords points="234,1506 737,1512 737,1477 676,1468 234,1469"/>
                <Baseline points="239,1496 264,1497 290,1498 316,1499 342,1499 368,1499 394,1500 420,1500 446,1500 472,1500 498,1500 524,1500 550,1500 576,1499 602,1499 628,1499 654,1499 680,1499 706,1499 732,1499"/>
                <TextEquiv>
                    <Unicode>lis non perscrutarde substantia secun¬</Unicode>
                </TextEquiv>
            </TextLine>
            <TextLine id="r4l37" custom="readingOrder {index:35;}">
                <Coords points="234,1546 738,1545 738,1516 715,1506 234,1516"/>
                <Baseline points="239,1537 265,1537 291,1537 317,1537 343,1537 369,1537 395,1537 421,1537 447,1538 473,1538 499,1538 525,1538 551,1538 577,1538 603,1538 629,1538 655,1538 681,1537 707,1537 733,1537"/>
                <TextEquiv>
                    <Unicode>dum quod est substantia, sicut facit ista</Unicode>
                </TextEquiv>
            </TextLine>
            <TextLine id="r4l38" custom="readingOrder {index:36;}">
                <Coords points="228,1586 721,1589 730,1553 556,1544 441,1558 407,1543 393,1557 342,1544 288,1565 228,1557"/>
                <Baseline points="233,1577 258,1577 284,1577 310,1577 336,1577 362,1577 388,1577 414,1578 440,1578 466,1578 491,1578 517,1578 543,1578 569,1578 595,1578 621,1578 647,1577 673,1577 699,1577 725,1576"/>
                <TextEquiv>
                    <Unicode>ars, sed persrutatur de substantia secundu</Unicode>
                </TextEquiv>
            </TextLine>
            <TextLine id="r4l39" custom="readingOrder {index:37;}">
                <Coords points="234,1634 731,1627 737,1596 641,1583 584,1598 560,1582 234,1597"/>
                <Baseline points="239,1615 264,1616 290,1616 316,1616 342,1616 368,1616 394,1616 420,1616 446,1617 472,1617 498,1617 524,1617 550,1617 576,1617 602,1617 628,1617 654,1617 680,1617 706,1616 732,1616"/>
                <TextEquiv>
                    <Unicode>quod est sensibilis. &amp; d. ipsam esse secun¬</Unicode>
                </TextEquiv>
            </TextLine>
            <TextLine id="r4l40" custom="readingOrder {index:38;}">
                <Coords points="236,1667 461,1674 552,1658 730,1674 730,1633 709,1622 635,1636 604,1623 430,1637 407,1623 388,1637 369,1622 345,1637 236,1636"/>
                <Baseline points="241,1656 266,1656 291,1655 317,1655 342,1655 368,1655 393,1655 419,1655 444,1655 470,1655 495,1656 521,1656 546,1656 572,1656 597,1656 623,1656 648,1656 674,1656 699,1656 725,1656"/>
                <TextEquiv>
                    <Unicode>dam in respectu primae. Philosophiae</Unicode>
                </TextEquiv>
            </TextLine>
            <TextLine id="r4l41" custom="readingOrder {index:39;}">
                <Coords points="232,1711 401,1696 528,1715 547,1700 734,1703 734,1677 710,1666 610,1687 564,1662 539,1677 513,1664 458,1677 316,1661 232,1670"/>
                <Baseline points="237,1693 262,1694 288,1695 314,1695 340,1695 366,1695 392,1696 418,1696 444,1696 470,1695 495,1695 521,1695 547,1695 573,1695 599,1695 625,1695 651,1695 677,1695 703,1695 729,1696"/>
                <TextEquiv>
                    <Unicode>quae dicitur Metaphysica, non secundum</Unicode>
                </TextEquiv>
            </TextLine>
            <TextLine id="r4l42" custom="readingOrder {index:40;}">
                <Coords points="237,1746 728,1741 728,1701 670,1702 652,1718 626,1701 546,1704 522,1725 423,1700 373,1716 296,1701 237,1716"/>
                <Baseline points="242,1733 267,1733 292,1734 317,1734 343,1734 368,1734 393,1734 419,1734 444,1734 469,1734 495,1734 520,1734 545,1734 571,1734 596,1734 621,1735 647,1735 672,1735 697,1735 723,1736"/>
                <TextEquiv>
                    <Unicode>ordinem. doctrinae, sed esse. D.d.</Unicode>
                </TextEquiv>
            </TextLine>
            <TextLine id="r4l43" custom="readingOrder {index:41;}">
                <Coords points="232,1779 726,1779 726,1745 232,1752"/>
                <Baseline points="237,1773 262,1774 287,1774 313,1774 338,1774 364,1774 389,1774 415,1774 440,1774 466,1774 491,1774 517,1773 542,1773 568,1773 593,1773 619,1773 644,1773 670,1773 695,1774 721,1774"/>
                <TextEquiv>
                    <Unicode>oportet enim Naturalem vt non solum</Unicode>
                </TextEquiv>
            </TextLine>
            <TextLine id="r4l44" custom="readingOrder {index:42;}">
                <Coords points="235,1818 462,1818 481,1835 501,1819 729,1826 729,1789 703,1781 235,1789"/>
                <Baseline points="240,1811 265,1811 290,1812 316,1812 341,1812 367,1813 392,1813 418,1813 443,1813 469,1813 494,1813 520,1813 545,1813 571,1813 596,1813 622,1813 647,1814 673,1814 698,1814 724,1815"/>
                <TextEquiv>
                    <Unicode>modo habeat cognitionem materiae</Unicode>
                </TextEquiv>
            </TextLine>
            <TextLine id="r4l45" custom="readingOrder {index:43;}">
                <Coords points="228,1859 331,1874 485,1858 550,1874 657,1858 690,1875 742,1859 742,1829 686,1820 553,1836 388,1820 228,1828"/>
                <Baseline points="233,1852 258,1852 283,1852 308,1853 333,1853 359,1853 384,1853 409,1854 434,1854 459,1854 485,1854 510,1854 535,1854 560,1854 585,1854 611,1854 636,1854 661,1854 686,1854 711,1854 737,1853"/>
                <TextEquiv>
                    <Unicode>sed cognitionem eius, quod est per </Unicode>
                </TextEquiv>
            </TextLine>
            <TextEquiv>
                <Unicode>Et, cum declarauit, quod omnes istae substan
tiae sunt in materijs: &amp; ideo defini¬
tiones quarundam partium sunt poste
riores definitione totius, &amp; partes
earum, quae sunt per quantitatem, non 
habent definitiones, cum non sint prio
res toto prioritate definitionis, sed
prioritate materiae ad formam, d. Si
autem aliqua substantia fuerit sine ma¬
teria, &amp;c. i. &amp; quod apparet ex hoc ser¬
mone est scilicet quod substantia, quam signifi¬
cat definitio, est in mam Vtrum autem
sit hic aliqua substantia sine ma, similis
istis substantijs, quae sunt in materijs: 
aut vtrum inueniuntur in istis substan¬
tiae, quae sunt aliae ab istis substantijs sen
sibilibus, vt dicimus de numeris, per
scrutandum est postea. D.d. Quiam pro¬
pter hoc nitimur distinguere has
defionnes in substantiis sensibilibus
etiam. i. nos enim non perscrutati sumus
de substantijs sensibilibus, neque distin
ximus modos earum hac distinctione,
nisi quia intendimus perscrutari de
substantia insensibili. &amp; propter hoc, quod 
dixit: Philosophus primus non consy¬
derat de substantiis sensibilibus, secundum
quod sunt sensibiles, sed secundum quod sunt sub¬
stantiae: Naturalis vero secundum quod sunt
substantiae sensibiles. Et ideo d. quoniam
quodam modo perscrutatio de sub¬
stantiis sensibilibus, &amp; consyderatio
de eis est Philosophiae Eaturalis, quae
est secunda, i. quod Philosophia Natura
lis non perscrutarde substantia secun¬
dum quod est substantia, sicut facit ista
ars, sed persrutatur de substantia secundu
quod est sensibilis. &amp; d. ipsam esse secun¬
dam in respectu primae. Philosophiae
quae dicitur Metaphysica, non secundum
ordinem. doctrinae, sed esse. D.d.
oportet enim Naturalem vt non solum
modo habeat cognitionem materiae
sed cognitionem eius, quod est per </Unicode>
            </TextEquiv>
        </TextRegion>
        <TextRegion orientation="0.0" id="r5" custom="readingOrder {index:1;}">
            <Coords points="761,97 761,1902 1273,1902 1273,97"/>
            <TextLine id="r5l3" custom="readingOrder {index:0;}">
                <Coords points="768,179 1065,187 1107,172 1196,186 1276,178 1276,133 1179,150 1081,132 1036,150 980,141 965,156 768,134"/>
                <Baseline points="773,169 799,169 825,169 851,169 877,170 904,170 930,169 956,169 982,169 1008,169 1035,169 1061,169 1087,168 1113,168 1139,168 1166,168 1192,169 1218,169 1244,169 1271,170"/>
                <TextEquiv>
                    <Unicode>definitionem, &amp; magis istam, idest</Unicode>
                </TextEquiv>
            </TextLine>
            <TextLine id="r5l4" custom="readingOrder {index:1;}">
                <Coords points="766,218 1265,218 1265,187 1215,174 1157,190 1104,175 1067,189 766,179"/>
                <Baseline points="771,207 796,207 822,208 848,208 873,208 899,208 925,208 951,208 976,208 1002,207 1028,207 1054,207 1079,207 1105,207 1131,207 1157,207 1182,207 1208,207 1234,207 1260,207"/>
                <TextEquiv>
                    <Unicode>Naturalis enim non debet persru¬</Unicode>
                </TextEquiv>
            </TextLine>
            <TextLine id="r5l5" custom="readingOrder {index:2;}">
                <Coords points="769,258 1273,258 1273,231 1243,220 1150,228 1132,215 1024,236 996,218 976,230 930,215 865,229 769,221"/>
                <Baseline points="774,247 800,247 826,248 852,248 878,248 904,248 930,247 956,247 982,247 1008,247 1034,247 1060,247 1086,247 1112,247 1138,247 1164,248 1190,248 1216,248 1242,248 1268,249"/>
                <TextEquiv>
                    <Unicode>tari de substantia, quae est materia, </Unicode>
                </TextEquiv>
            </TextLine>
            <TextLine id="r5l6" custom="readingOrder {index:3;}">
                <Coords points="768,301 1270,298 1270,262 1189,254 1121,267 1101,253 1049,266 768,261"/>
                <Baseline points="773,286 798,286 824,287 850,287 876,287 902,287 928,287 954,287 980,286 1006,286 1031,286 1057,286 1083,286 1109,285 1135,285 1161,285 1187,285 1213,285 1239,286 1265,286"/>
                <TextEquiv>
                    <Unicode>quia materia est propria entibus na</Unicode>
                </TextEquiv>
            </TextLine>
            <TextLine id="r5l7" custom="readingOrder {index:4;}">
                <Coords points="769,338 1272,338 1271,300 1203,310 1175,293 1022,293 1005,306 934,293 912,313 851,294 768,305"/>
                <Baseline points="773,327 798,327 824,327 850,327 876,326 902,326 928,326 954,326 980,326 1006,326 1032,326 1058,326 1084,326 1110,326 1136,326 1162,326 1188,326 1214,326 1240,326 1266,327"/>
                <TextEquiv>
                    <Unicode>turalibus, sed &amp; de substantia, quae¬</Unicode>
                </TextEquiv>
            </TextLine>
            <TextLine id="r5l8" custom="readingOrder {index:5;}">
                <Coords points="767,370 1267,369 1255,334 1223,347 1175,332 942,332 912,350 829,333 767,340"/>
                <Baseline points="772,365 797,365 823,366 849,366 875,366 900,366 926,366 952,366 978,366 1004,365 1029,365 1055,365 1081,365 1107,365 1133,365 1158,365 1184,365 1210,365 1236,365 1262,365"/>
                <TextEquiv>
                    <Unicode>est forma, sed tamen ad terminum notum</Unicode>
                </TextEquiv>
            </TextLine>
            <TextLine id="r5l9" custom="readingOrder {index:6;}">
                <Coords points="768,409 818,426 887,408 1271,410 1271,380 1200,373 768,372"/>
                <Baseline points="773,404 798,404 824,404 850,404 876,404 902,404 928,404 954,404 980,404 1006,404 1032,404 1058,404 1084,404 1110,404 1136,404 1162,404 1188,404 1214,404 1240,403 1266,403"/>
                <TextEquiv>
                    <Unicode>&amp; quod persrutatur de hac substantia ma</Unicode>
                </TextEquiv>
            </TextLine>
            <TextLine id="r5l10" custom="readingOrder {index:7;}">
                <Coords points="767,460 1265,448 1265,421 1223,413 1180,425 1118,412 1043,425 1022,413 767,420"/>
                <Baseline points="772,442 797,443 823,443 849,444 874,444 900,444 926,444 951,444 977,443 1003,443 1028,443 1054,443 1080,442 1105,442 1131,442 1157,442 1182,441 1208,441 1234,441 1260,441"/>
                <TextEquiv>
                    <Unicode>gis qua de substantia, quae est per mate¬</Unicode>
                </TextEquiv>
            </TextLine>
            <TextLine id="r5l11" custom="readingOrder {index:8;}">
                <Coords points="761,491 1147,486 1229,499 1270,489 1270,448 1147,464 1096,450 761,459"/>
                <Baseline points="766,483 792,483 818,483 844,483 871,483 897,483 923,483 949,483 976,483 1002,483 1028,483 1054,483 1081,483 1107,483 1133,483 1159,483 1186,483 1212,482 1238,482 1265,481"/>
                <TextEquiv>
                    <Unicode>riam. &amp; hoc declaratum est in x. Physi¬</Unicode>
                </TextEquiv>
            </TextLine>
            <TextLine id="r5l12" custom="readingOrder {index:9;}">
                <Coords points="800,552 1069,554 1098,542 1224,564 1266,554 1266,516 1194,527 1040,509 987,521 973,509 800,511"/>
                <Baseline points="805,541 830,542 855,543 881,543 906,543 931,544 957,543 982,543 1007,543 1033,543 1058,542 1083,542 1109,542 1134,541 1159,541 1185,541 1210,542 1235,542 1261,543"/>
                <TextEquiv>
                    <Unicode>In definitionibus vero, quo</Unicode>
                </TextEquiv>
            </TextLine>
            <TextLine id="r5l13" custom="readingOrder {index:10;}">
                <Coords points="756,595 1261,602 1268,565 1071,554 983,572 833,549 756,571"/>
                <Baseline points="761,584 786,584 811,584 836,584 861,584 886,584 911,584 936,584 961,584 986,584 1012,584 1037,584 1062,584 1087,584 1112,585 1137,585 1162,585 1187,585 1212,585 1237,586 1263,586"/>
                <TextEquiv>
                    <Unicode>modo partes, quae in ratione sunt,</Unicode>
                </TextEquiv>
            </TextLine>
            <TextLine id="r5l14" custom="readingOrder {index:11;}">
                <Coords points="760,633 1267,633 1267,605 1179,596 760,598"/>
                <Baseline points="765,626 791,627 817,627 843,628 869,628 895,628 921,628 948,627 974,627 1000,627 1026,627 1052,626 1078,626 1105,626 1131,626 1157,626 1183,626 1209,626 1235,627 1262,627"/>
                <TextEquiv>
                    <Unicode>&amp; cur vna ratio definitio (patet</Unicode>
                </TextEquiv>
            </TextLine>
            <TextLine id="r5l15" custom="readingOrder {index:12;}">
                <Coords points="757,674 883,670 911,687 949,673 1267,673 1267,637 757,646"/>
                <Baseline points="762,668 787,668 812,668 837,668 862,668 887,668 912,668 937,668 962,668 987,669 1012,669 1037,669 1062,669 1087,669 1112,669 1137,669 1162,669 1187,669 1212,669 1237,669 1262,668"/>
                <TextEquiv>
                    <Unicode>etenim quod res vna: res autem ali</Unicode>
                </TextEquiv>
            </TextLine>
            <TextLine id="r5l16" custom="readingOrder {index:13;}">
                <Coords points="760,722 1157,717 1172,730 1273,722 1273,685 760,687"/>
                <Baseline points="765,711 790,711 815,711 840,711 865,711 890,711 915,711 941,711 966,711 991,711 1016,711 1041,711 1066,711 1091,711 1117,711 1142,711 1167,711 1192,711 1217,711 1242,712 1268,712"/>
                <TextEquiv>
                    <Unicode>quo vna, partes habens) postea</Unicode>
                </TextEquiv>
            </TextLine>
            <TextLine id="r5l17" custom="readingOrder {index:14;}">
                <Coords points="760,760 1076,759 1110,776 1158,760 1268,762 1268,730 1087,719 1065,736 1047,719 1009,737 834,717 760,733"/>
                <Baseline points="765,752 791,752 817,752 843,753 869,753 896,753 922,753 948,752 974,752 1000,752 1027,752 1053,752 1079,752 1105,752 1131,752 1158,752 1184,752 1210,752 1236,752 1263,752"/>
                <TextEquiv>
                    <Unicode>consyderandum est. Quid igitur</Unicode>
                </TextEquiv>
            </TextLine>
            <TextLine id="r5l18" custom="readingOrder {index:15;}">
                <Coords points="763,802 898,801 927,816 958,801 1262,802 1262,775 1164,761 1135,781 1099,765 763,772"/>
                <Baseline points="768,796 793,796 819,795 845,795 870,795 896,795 922,795 948,795 973,795 999,795 1025,795 1051,795 1076,795 1102,795 1128,795 1154,795 1179,795 1205,794 1231,794 1257,793"/>
                <TextEquiv>
                    <Unicode>est quod quid erat esse, &amp; quo¬</Unicode>
                </TextEquiv>
            </TextLine>
            <TextLine id="r5l19" custom="readingOrder {index:16;}">
                <Coords points="763,842 1273,850 1273,814 1256,805 763,813"/>
                <Baseline points="768,838 793,838 818,837 843,837 868,837 893,837 918,837 943,837 968,837 993,837 1018,837 1043,837 1068,837 1093,837 1118,837 1143,837 1168,837 1193,837 1218,837 1243,838 1268,838"/>
                <TextEquiv>
                    <Unicode>modo ipsum per seipsum, vniversaler de</Unicode>
                </TextEquiv>
            </TextLine>
            <TextLine id="r5l20" custom="readingOrder {index:17;}">
                <Coords points="761,890 1273,890 1267,852 761,853"/>
                <Baseline points="766,878 791,878 816,879 841,879 866,879 891,879 916,879 941,879 966,879 991,879 1017,879 1042,879 1067,879 1092,879 1117,879 1142,879 1167,878 1192,878 1217,878 1242,879 1268,879"/>
                <TextEquiv>
                    <Unicode>omni dictum est. &amp; cur quorum</Unicode>
                </TextEquiv>
            </TextLine>
            <TextLine id="r5l21" custom="readingOrder {index:18;}">
                <Coords points="766,925 948,938 1268,930 1268,893 1231,886 1009,901 983,884 941,904 766,894"/>
                <Baseline points="771,920 796,920 822,920 848,920 874,920 900,920 926,920 952,920 978,920 1004,920 1029,920 1055,920 1081,920 1107,920 1133,920 1159,921 1185,921 1211,921 1237,922 1263,922"/>
                <TextEquiv>
                    <Unicode>dam ratio ipsius quid erat esse ha</Unicode>
                </TextEquiv>
            </TextLine>
            <TextLine id="r5l22" custom="readingOrder {index:19;}">
                <Coords points="762,970 1260,970 1260,941 1210,931 956,942 881,927 814,942 762,928"/>
                <Baseline points="767,963 792,963 818,963 844,963 869,963 895,963 921,963 946,963 972,963 998,963 1023,963 1049,963 1075,963 1100,963 1126,963 1152,963 1177,963 1203,963 1229,964 1255,964"/>
                <TextEquiv>
                    <Unicode>bet definiti partes, quorundam</Unicode>
                </TextEquiv>
            </TextLine>
            <TextLine id="r5l23" custom="readingOrder {index:20;}">
                <Coords points="771,1010 912,1020 1059,1007 1080,1022 1094,1010 1271,1010 1271,983 1238,973 1195,985 1131,973 1110,987 1011,973 969,989 937,972 771,981"/>
                <Baseline points="776,1005 801,1005 827,1005 853,1005 879,1004 904,1004 930,1004 956,1004 982,1004 1008,1004 1033,1004 1059,1004 1085,1004 1111,1004 1137,1004 1162,1004 1188,1004 1214,1004 1240,1004 1266,1004"/>
                <TextEquiv>
                    <Unicode>non. &amp; quod in ratione quidem sub¬</Unicode>
                </TextEquiv>
            </TextLine>
            <TextLine id="r5l24" custom="readingOrder {index:21;}">
                <Coords points="760,1056 1245,1057 1262,1054 1262,1021 760,1022"/>
                <Baseline points="765,1046 790,1046 816,1047 842,1047 868,1047 894,1047 920,1047 946,1047 972,1047 998,1047 1023,1047 1049,1047 1075,1047 1101,1047 1127,1047 1153,1047 1179,1047 1205,1048 1231,1048 1257,1048"/>
                <TextEquiv>
                    <Unicode>stantiae, quae ita partes sunt vt ma¬</Unicode>
                </TextEquiv>
            </TextLine>
            <TextLine id="r5l25" custom="readingOrder {index:22;}">
                <Coords points="766,1098 1112,1106 1207,1093 1222,1106 1257,1099 1257,1058 1036,1072 909,1059 852,1073 766,1060"/>
                <Baseline points="771,1087 796,1088 821,1089 846,1089 872,1089 897,1090 922,1090 948,1090 973,1090 998,1090 1024,1090 1049,1089 1074,1089 1100,1089 1125,1089 1150,1089 1176,1089 1201,1089 1226,1089 1252,1089"/>
                <TextEquiv>
                    <Unicode>teria, non inerunt. non enim sunt illis</Unicode>
                </TextEquiv>
            </TextLine>
            <TextLine id="r5l26" custom="readingOrder {index:23;}">
                <Coords points="766,1138 1063,1147 1261,1134 1261,1101 1214,1109 1202,1097 1182,1111 766,1101"/>
                <Baseline points="771,1129 796,1129 822,1129 847,1130 873,1130 898,1130 924,1130 949,1130 975,1130 1000,1130 1026,1130 1051,1130 1077,1130 1102,1130 1128,1130 1153,1130 1179,1130 1204,1130 1230,1130 1256,1130"/>
                <TextEquiv>
                    <Unicode>substantiae partes, sed totius. huius</Unicode>
                </TextEquiv>
            </TextLine>
            <TextLine id="r5l27" custom="readingOrder {index:24;}">
                <Coords points="765,1173 897,1177 914,1191 953,1177 1263,1178 1263,1152 1183,1134 1160,1149 765,1149"/>
                <Baseline points="770,1171 795,1171 821,1172 847,1172 872,1172 898,1173 924,1173 949,1173 975,1173 1001,1173 1026,1172 1052,1172 1078,1172 1103,1172 1129,1172 1155,1172 1180,1172 1206,1172 1232,1172 1258,1172"/>
                <TextEquiv>
                    <Unicode>vero est quodam modo ratio, &amp; non</Unicode>
                </TextEquiv>
            </TextLine>
            <TextLine id="r5l28" custom="readingOrder {index:25;}">
                <Coords points="769,1224 1045,1221 1080,1236 1167,1218 1261,1224 1261,1190 1236,1180 1170,1196 975,1181 921,1194 769,1188"/>
                <Baseline points="774,1215 799,1215 824,1215 850,1215 875,1215 900,1215 926,1215 951,1215 976,1215 1002,1215 1027,1215 1053,1214 1078,1214 1103,1214 1129,1214 1154,1214 1179,1214 1205,1214 1230,1215 1256,1215"/>
                <TextEquiv>
                    <Unicode>est. cum materia nanque non est: in </Unicode>
                </TextEquiv>
            </TextLine>
            <TextLine id="r5l29" custom="readingOrder {index:26;}">
                <Coords points="768,1266 1273,1266 1263,1223 1096,1237 1042,1223 983,1238 768,1226"/>
                <Baseline points="773,1256 799,1256 825,1256 851,1256 877,1256 903,1256 929,1256 955,1256 981,1256 1007,1256 1033,1256 1059,1256 1085,1256 1111,1256 1137,1256 1163,1256 1189,1256 1215,1256 1241,1256 1268,1257"/>
                <TextEquiv>
                    <Unicode>definitum etenim. secundum primam</Unicode>
                </TextEquiv>
            </TextLine>
            <TextLine id="r5l30" custom="readingOrder {index:27;}">
                <Coords points="767,1306 1265,1306 1265,1277 1219,1268 1083,1280 1068,1265 1018,1279 868,1263 767,1277"/>
                <Baseline points="772,1299 797,1299 823,1299 849,1299 874,1299 900,1299 926,1299 951,1299 977,1299 1003,1299 1028,1299 1054,1299 1080,1299 1105,1298 1131,1298 1157,1298 1182,1298 1208,1298 1234,1298 1260,1299"/>
                <TextEquiv>
                    <Unicode>autem substantiam est, vt hominis</Unicode>
                </TextEquiv>
            </TextLine>
            <TextLine id="r5l31" custom="readingOrder {index:28;}">
                <Coords points="762,1354 782,1347 802,1365 838,1346 1259,1346 1259,1317 762,1318"/>
                <Baseline points="767,1340 792,1341 818,1341 843,1341 869,1341 895,1342 920,1342 946,1342 972,1342 997,1341 1023,1341 1048,1341 1074,1341 1100,1341 1125,1341 1151,1341 1177,1341 1202,1342 1228,1342 1254,1342"/>
                <TextEquiv>
                    <Unicode>animae ratio substantia enim est forma</Unicode>
                </TextEquiv>
            </TextLine>
            <TextLine id="r5l32" custom="readingOrder {index:29;}">
                <Coords points="768,1389 901,1386 951,1402 1262,1394 1262,1358 1190,1364 1162,1349 768,1354"/>
                <Baseline points="773,1382 798,1383 823,1383 849,1383 874,1383 900,1383 925,1383 951,1383 976,1383 1002,1383 1027,1383 1053,1383 1078,1383 1104,1382 1129,1382 1155,1383 1180,1383 1206,1383 1231,1383 1257,1384"/>
                <TextEquiv>
                    <Unicode>qua inest: ex qua &amp; materia, tota</Unicode>
                </TextEquiv>
            </TextLine>
            <TextLine id="r5l33" custom="readingOrder {index:30;}">
                <Coords points="771,1434 1277,1434 1277,1405 1222,1390 1172,1408 944,1405 908,1389 771,1397"/>
                <Baseline points="776,1425 802,1425 828,1425 854,1425 880,1425 906,1425 932,1425 958,1425 984,1426 1010,1426 1037,1426 1063,1426 1089,1426 1115,1426 1141,1426 1167,1425 1193,1425 1219,1425 1245,1425 1272,1425"/>
                <TextEquiv>
                    <Unicode>dicitur substantia: vt concauitas. ex hac</Unicode>
                </TextEquiv>
            </TextLine>
            <TextLine id="r5l34" custom="readingOrder {index:31;}">
                <Coords points="760,1473 981,1483 1047,1466 1160,1482 1268,1474 1268,1438 760,1445"/>
                <Baseline points="765,1466 791,1467 817,1468 843,1468 869,1468 896,1468 922,1469 948,1468 974,1468 1000,1468 1027,1468 1053,1468 1079,1468 1105,1467 1131,1467 1158,1467 1184,1467 1210,1467 1236,1467 1263,1468"/>
                <TextEquiv>
                    <Unicode>enim &amp; naso, simus nasus, &amp; simi</Unicode>
                </TextEquiv>
            </TextLine>
            <TextLine id="r5l35" custom="readingOrder {index:32;}">
                <Coords points="764,1522 1273,1522 1273,1490 1230,1477 1150,1491 1084,1476 871,1485 843,1472 764,1485"/>
                <Baseline points="769,1510 795,1511 821,1511 847,1511 874,1511 900,1511 926,1510 952,1510 979,1510 1005,1510 1031,1510 1057,1510 1084,1510 1110,1510 1136,1510 1162,1511 1189,1511 1215,1511 1241,1512 1268,1513"/>
                <TextEquiv>
                    <Unicode>tas est. bis namque in his inerit nasus.</Unicode>
                </TextEquiv>
            </TextLine>
            <TextLine id="r5l36" custom="readingOrder {index:33;}">
                <Coords points="811,1562 912,1561 929,1578 958,1562 1047,1578 1079,1562 1273,1562 1273,1533 1238,1518 1208,1534 1144,1533 1124,1518 1099,1535 811,1525"/>
                <Baseline points="816,1556 841,1555 866,1555 891,1554 916,1554 941,1554 966,1554 991,1554 1016,1554 1042,1554 1067,1554 1092,1554 1117,1554 1142,1554 1167,1554 1192,1554 1217,1553 1242,1553 1268,1552"/>
                <TextEquiv>
                    <Unicode>Et cum partes, quae sunt in ser¬</Unicode>
                </TextEquiv>
            </TextLine>
            <TextLine id="r5l37" custom="readingOrder {index:34;}">
                <Coords points="765,1610 842,1611 859,1626 892,1608 936,1626 967,1610 995,1627 1037,1610 1141,1624 1235,1605 1267,1619 1267,1563 1230,1581 1128,1583 1105,1568 928,1584 879,1567 859,1581 765,1580"/>
                <Baseline points="770,1606 795,1606 821,1606 847,1605 873,1605 899,1605 925,1605 951,1604 977,1604 1003,1604 1028,1604 1054,1603 1080,1603 1106,1603 1132,1604 1158,1604 1184,1604 1210,1604 1236,1605 1262,1606"/>
                <TextEquiv>
                    <Unicode>mone, sunt quoquo modo partes di</Unicode>
                </TextEquiv>
            </TextLine>
            <TextLine id="r5l38" custom="readingOrder {index:35;}">
                <Coords points="766,1670 791,1657 1071,1666 1089,1651 1131,1674 1160,1658 1264,1674 1273,1619 1187,1633 1124,1613 1101,1632 766,1621"/>
                <Baseline points="771,1652 797,1652 823,1652 849,1652 875,1653 901,1653 927,1653 954,1653 980,1653 1006,1653 1032,1653 1058,1653 1084,1653 1111,1653 1137,1653 1163,1653 1189,1653 1215,1653 1241,1653 1268,1653"/>
                <TextEquiv>
                    <Unicode>finitionum etiam, &amp; definitio est</Unicode>
                </TextEquiv>
            </TextLine>
            <TextLine id="r5l39" custom="readingOrder {index:36;}">
                <Coords points="772,1707 828,1707 844,1722 880,1706 968,1720 1007,1706 1088,1706 1106,1722 1125,1708 1160,1722 1265,1714 1265,1676 1212,1669 1134,1678 1118,1664 1094,1683 1064,1669 956,1687 871,1665 772,1670"/>
                <Baseline points="777,1698 802,1699 827,1700 853,1700 878,1701 904,1701 929,1701 954,1701 980,1701 1005,1701 1031,1701 1056,1701 1082,1701 1107,1701 1132,1701 1158,1701 1183,1702 1209,1702 1234,1703 1260,1703"/>
                <TextEquiv>
                    <Unicode>vnus sermo, quia r es ista est vna,</Unicode>
                </TextEquiv>
            </TextLine>
            <TextLine id="r5l40" custom="readingOrder {index:37;}">
                <Coords points="766,1762 1129,1771 1275,1756 1275,1732 1247,1725 766,1725"/>
                <Baseline points="771,1751 797,1751 823,1751 849,1751 876,1751 902,1750 928,1750 954,1750 981,1750 1007,1750 1033,1750 1059,1751 1086,1751 1112,1751 1138,1751 1164,1751 1191,1751 1217,1751 1243,1751 1270,1751"/>
                <TextEquiv>
                    <Unicode>&amp; hoc manifestum est, quonia ve¬</Unicode>
                </TextEquiv>
            </TextLine>
            <TextLine id="r5l41" custom="readingOrder {index:38;}">
                <Coords points="762,1806 869,1821 962,1807 1079,1817 1103,1803 1159,1818 1218,1800 1278,1810 1278,1772 1248,1764 1173,1781 1040,1762 1019,1777 762,1773"/>
                <Baseline points="767,1797 792,1798 817,1798 842,1799 868,1799 893,1799 918,1800 944,1800 969,1800 994,1799 1020,1799 1045,1799 1070,1799 1095,1799 1121,1799 1146,1799 1171,1800 1197,1800 1222,1801 1247,1801 1273,1803"/>
                <TextEquiv>
                    <Unicode>ro res quoquo modo est vna, &amp; ha</Unicode>
                </TextEquiv>
            </TextLine>
            <TextLine id="r5l42" custom="readingOrder {index:39;}">
                <Coords points="759,1854 816,1874 847,1858 903,1858 920,1874 949,1858 1150,1857 1200,1872 1270,1858 1270,1812 1241,1828 1189,1812 1165,1829 1103,1813 1022,1830 1005,1813 969,1829 759,1815"/>
                <Baseline points="764,1849 789,1850 814,1850 839,1850 864,1850 889,1850 914,1850 939,1850 964,1850 989,1850 1014,1850 1039,1850 1064,1849 1089,1849 1114,1849 1139,1849 1164,1849 1189,1849 1214,1849 1239,1849 1265,1850"/>
                <TextEquiv>
                    <Unicode>bet partes, perscrutandum est post.</Unicode>
                </TextEquiv>
            </TextLine>
            <TextEquiv>
                <Unicode>definitionem, &amp; magis istam, idest
Naturalis enim non debet persru¬
tari de substantia, quae est materia, 
quia materia est propria entibus na
turalibus, sed &amp; de substantia, quae¬
est forma, sed tamen ad terminum notum
&amp; quod persrutatur de hac substantia ma
gis qua de substantia, quae est per mate¬
riam. &amp; hoc declaratum est in x. Physi¬
In definitionibus vero, quo
modo partes, quae in ratione sunt,
&amp; cur vna ratio definitio (patet
etenim quod res vna: res autem ali
quo vna, partes habens) postea
consyderandum est. Quid igitur
est quod quid erat esse, &amp; quo¬
modo ipsum per seipsum, vniversaler de
omni dictum est. &amp; cur quorum
dam ratio ipsius quid erat esse ha
bet definiti partes, quorundam
non. &amp; quod in ratione quidem sub¬
stantiae, quae ita partes sunt vt ma¬
teria, non inerunt. non enim sunt illis
substantiae partes, sed totius. huius
vero est quodam modo ratio, &amp; non
est. cum materia nanque non est: in 
definitum etenim. secundum primam
autem substantiam est, vt hominis
animae ratio substantia enim est forma
qua inest: ex qua &amp; materia, tota
dicitur substantia: vt concauitas. ex hac
enim &amp; naso, simus nasus, &amp; simi
tas est. bis namque in his inerit nasus.
Et cum partes, quae sunt in ser¬
mone, sunt quoquo modo partes di
finitionum etiam, &amp; definitio est
vnus sermo, quia r es ista est vna,
&amp; hoc manifestum est, quonia ve¬
ro res quoquo modo est vna, &amp; ha
bet partes, perscrutandum est post.</Unicode>
            </TextEquiv>
        </TextRegion>
    </Page>
</PcGts>
