1475 2066
219 146 724 202 materiam bis, necesse est enim vt defi
221 197 730 246 nitio congregati componatur ex
220 236 730 278 duabus defitionibus duarum par
229 268 729 314 tium, ex quo sequitur materiam di
226 316 727 363 ci bis, vt declaratum est in principio
220 349 446 386 istius tractatus,
262 391 737 434 In tota vero substantia, vt na
223 437 733 474 so simo, aut Callia, inest qutiam mate
220 472 726 522 ria. Et quod quod erat esse & vnum
231 516 731 563 quodque in quibusdam quidem
222 564 733 605 idem est: vt in primis substantiis:
230 603 726 650 vt puta curuitas & curuitati esse,
224 644 688 694 si prima est. dico autem primam
225 684 727 731 non dicitur. eo quod aliud in alio sit, &
219 727 722 774 subiecto, vt materia. Quaecumque
228 771 732 818 vero vt materia. velvt simul cum
229 813 737 858 materia sumpta sunt, non idems
231 854 729 906 heque secundum accidens vnum, vt So¬
232 894 737 938 crates & musicum, haec enim secundum
226 941 571 987 accidens eadem sunt.
274 978 728 1042 in substantia vero congregata.
234 1025 733 1091 vt naso simo, aut callia, non est
233 1073 735 1139 materia. Et quod illud, quod est
221 1122 733 1186 per essentiam, & simplicia in qui
232 1172 729 1226 busdam sunt rebus, quae sunt caedem,
228 1220 731 1283 sicut sunt in prima substantia, vt
232 1269 729 1330 restexcio & essentia restexionis, si
219 1317 737 1379 fuerit primum. & dico primum il
228 1365 731 1426 lud, per quod non dicitur aliud esse
228 1413 726 1474 in alio, vt in subiecto. omnia uero,
232 1461 732 1522 quae sunt sicut materia, aut sicut
236 1513 735 1576 congregata ex materia, non sunt
234 1554 729 1622 idem, neque, sunt vnum per accidens.
243 1614 734 1666 vt Socrates, & musicus, quoniam,
237 1653 654 1715 omnia ista sunt per accidens.
237 1709 730 1762 Dicit, composita vero ex mate¬
238 1756 732 1805 ria & forma in actu, vt congregatum
238 1796 734 1834 ex naso & concauitate, quod dicitur simitas,
236 1834 738 1882 substantia, quae est ex eis tanquam
761 139 1303 186 forma, non praedicatur demateria D
752 187 1274 225 secundum modum secundum quem quiditas rei. est
758 224 1270 269 ipsa res in praedicatione, & sunt res
763 267 1273 314 existentes per se D. exposuit hoc, &
760 305 1265 346 d. & simplicia in quibusdam rebus,
760 344 1268 397 &c. i. & res determinatae in quibus¬
760 383 1262 435 dam vero quiditates sunt ipsae. id est qui¬
764 421 1260 466 ditates earum declarant suas essen
759 461 1265 515 tias secundum quid: & sunt illa, de qui¬
761 503 1275 555 bus dicitur, quod praedicatum est substantia
759 542 1271 587 subiecti, vt inuenitur in primis sub
761 581 1265 635 stantiis: v. g. refsexio, & quiditas re¬
762 621 1276 666 fiexionis. sed quia refsexio non est
769 661 1264 708 prima substantia in rei veritate, quia
761 704 1261 751 est in alio, sed tamen quando intellectus abs
764 738 1257 778 strahit eam a subiecto, tunc ita ha
765 777 1267 818 bet se ad quiditatem, sicunt primae sub¬
760 816 1271 858 stantiae ad suas quiditates, d. si fuerit
766 858 1260 904 primum. D. exposuit primum, & di
764 895 1265 945 & dico primum, &c. i. & intelligo per
762 932 1265 982 primam substantiam illud, quod non
761 972 1267 1012 dicitur in subiecto: & ista sunt vniuersa¬
760 1012 1271 1058 lia substantiarum, vt dictum est in
768 1050 1265 1098 Praedicamentis. D.d. Omnia vero,
766 1091 1256 1142 quae sunt sicut materia &c. i. com¬
764 1130 1270 1170 posita vero ex materia & forma etiam
763 1167 1269 1218 sunt illa, quae inueniuntur in aliis est
760 1210 1269 1261 sentialiter: licet quiditates eorum non
765 1246 1255 1294 declarent essentias eorum, secundum quod quod
767 1290 1269 1339 ditates primarum substantiarum de¬
765 1332 1259 1377 clarant essentias earum: quoniam congre¬
766 1364 1268 1417 gatum ex duabus partibus in eis non
762 1404 1262 1453 est vnum per accidens, sicut est dispo
764 1445 1253 1493 sitio in rebus, quae sunt vnum per ac
769 1481 1263 1534 cidens. ver. g. homo mui cus, & ho¬
767 1515 1266 1562 mo albus. Et intendit, quod differentia
766 1559 1256 1598 inter hominem & musicum & na¬
766 1595 1264 1642 sum concauum, quod dicitur simitas, est,
764 1639 1268 1690 quia nasus simus est vnum essentia
764 1676 1267 1726 liter, & concauitas est inseparabilis
767 1717 1262 1755 ab eo. homo autem albus non est
761 1754 1259 1793 ita: quoniam albedo non est insepa
765 1793 1267 1834 rabilis ab eo. & ideo homo albus est
762 1830 1264 1883 vnum per accidens. Et intendit, quod
