1475 2066
232 141 740 186 sint vnum numero: quia definitio est
242 188 741 226 sermo vnus, qui sicnat subiam vnam
242 215 744 277 omne eni quid signat definitio, est vna sub
237 261 746 306 stantia: ergo necesse est vt definitio
240 303 749 359 sit sermo vnius, quia sigenat inre vnam
238 341 741 394 supbaam. Et d. hoc, quia ia praedixit quomod
243 381 744 419 definitio est multa, & est vnius: &
236 420 745 466 ipse d. econtrario. scilicet quod vna est res, quia
236 461 747 498 habet vnam definitionem, ad declaran¬
240 497 701 539 dum ex hoc, quod definitio est vna.
291 565 746 618 Oportet autem primo consy¬
247 608 747 650 derare de his, quae secundum diuisiones
240 653 744 695 sunt, definitionibus. Nihil enim a¬
244 692 744 745 liud in definitione est, nisi quod
248 729 752 786 primum dicitur genus, differentiae, caetera ve
240 779 743 827 ro genera sunt, & ipsum primum,
242 820 751 877 & post hoc, quae comprehienduntur,
236 860 748 915 differentiae. vt puta ipsum primum, est
242 904 739 945 animal: consequens vero, animal bipes
236 951 744 999 & rursus animalbipes implume. Si
247 988 749 1039 militer etiam si per plura dicatur. & omni
241 1032 743 1082 no nihil differt per multa, an per
236 1071 746 1123 pauca dicatur, neque vtique per pau¬
244 1117 746 1162 ciora quam duo. duorum vero hoc
241 1156 743 1215 quidem geneus, hoc vero differe
236 1201 738 1243 tia. vt puta huius animal bipes, an
238 1249 745 1290 mal quidem geneus, differentia
240 1285 736 1330 vero alterum. Si igitur geneus sim
242 1333 738 1385 pliciter non est praeter eas, quae
241 1372 747 1430 vt generis species sunt, aut si est
237 1409 749 1466 quidem, sed tanquam materia est
245 1451 753 1506 (vox namque genus & materia, dif
243 1502 749 1544 ferentiae autem species & elementa
237 1542 745 1594 quoque ex hac faciunt) manifestum
238 1580 742 1634 est quod definitio est ex differentijes
243 1630 739 1675 ratio. At vero oportet etiam di¬
236 1669 744 1708 uidi differentia differentiam. vt
240 1717 738 1762 puta animalis differentia est pedes habe
237 1757 745 1794 re, rursus animalis pedes habentis
240 1797 745 1834 differentiam scire oportet, put pedes
240 1837 744 1882 habet, quare non est dicendum pedes
776 142 1302 202 habentis aliud plumiferum, aliud,
777 189 1285 234 implume, si bene dicatur (verum quia
783 235 1288 274 non potest, faciet hoc) sed si aliud
783 277 1287 318 fissos, aliud non fissos pedes habens.
780 315 1291 362 hae enim pedis differentiae sunt. fissio nan
780 357 1293 403 que pedum aliqua peditas est. &
781 397 1285 454 sic sper procedi vult, donec ad in¬
784 444 1281 482 differentia deueniatur. tum ant tot
776 482 1286 539 pedis species erunt, quot differen¬
777 524 1279 570 tiae, & pedes habentia animalia aeque
780 565 1287 610 lia differentiis. Si igitur haec ita se
784 612 1281 665 habeant, manifestum est quod vlti
776 652 1284 698 ma differentia, rei substantia erit, & de
785 699 1288 738 finitio. siquidem non oportet cre
783 734 1291 779 bro eadem in definitionibus dice
783 781 1285 827 re: superfiuum namque est. Accidit,
779 821 1275 866 autem hoc, cum enim animal pedes habens,
776 864 1286 906 bipes dicat, nihil aliud dixit, ni
779 908 1287 953 si animal pedes habens, duos pedes
775 948 1280 994 habens. & si hoc propria diuisio¬
783 992 1274 1041 ne diuidat, crebro & aequaliter.
778 1033 1277 1087 ac differentias dicet. Si igitur differentiae diffe¬
772 1077 1282 1132 rentia fiat, vna, quae vltima est: erit
772 1118 1281 1162 species & substantia. Si autem secundum ac¬
782 1158 1272 1210 cidens, vt si diuidat habentis per
780 1212 1270 1250 des, aliud album, aliud nigrum
773 1246 1277 1299 tot quot sunt sectiones. Quare
772 1285 1270 1330 manifestum est quod definitio est ratio
778 1326 1275 1372 quae ex differentiis est, & ex harum
776 1373 1282 1413 vltima secundum rectum. Patet autem
774 1413 1281 1460 hoc, siquis transponatur tales defi
772 1459 1286 1500 nitiones, vt puta hominis, dicens animal
780 1501 1285 1546 bipes, habens pedes. superfiuum
777 1541 1279 1586 enim est habens pedes, dicto bi¬
778 1584 1274 1634 pede. ordo vero non est in substan
773 1629 1285 1681 tia. quo nanque modo intelligere
781 1668 1277 1723 oportet, hoc quidem prius, illud
778 1715 1282 1762 vero posterius: De his igitur defi¬
781 1749 1287 1795 nitionibus, quae secundum diuisiones
779 1796 1285 1842 fiunt, quales quaedam sunt, ha¬
773 1837 1054 1889 ctenus dicta sint.
