1475 2066
215 149 715 202 quia est propinquius materiae lite¬
225 189 714 240 rarum: & quodam modo assimilat
225 229 723 280 formae, quae praedicatur de literis se
231 263 717 306 cundum quid. VEt materia non prae
232 302 701 349 dicatur de re nomine principali.
235 341 725 386 Deinde d. differentiae autem, &c. i.
233 380 713 434 potest intelligi, differentiae autem per
230 421 706 467 cussionum faciunt formam litera
220 462 715 505 rum ex sono. videtur enim quod inte idi
221 504 713 554 hic per formas literarum syllabas, i
222 541 711 583 latas: & per literas elementa. Et for¬
227 589 721 630 te, intendit, differentiae autem acce¬
220 628 722 668 ptae in definitionibus literarum, sunt
228 660 719 710 illa, que faciunt formas literarum,
228 697 716 738 & literas esse ex sono, i. faciunt eas est
218 740 717 778 se ex natura soni. Et intendebat de¬
225 778 726 830 clarare modum, secundum quem genus hoc
227 816 719 858 est materia. Et forte differentia in¬
226 854 717 898 ter sonum in hoc, quod est materia lite
227 896 726 944 rarum, & inter cuprum in hoc, quod est
222 942 713 979 materia idoli est, quia sonus non de
222 973 722 1019 nudatur a forma & percutiente, scilicet
223 1013 719 1067 ex aliquo simili syllabae longae & bre
226 1061 726 1104 uis. & cuprum denudatur a forma
222 1092 723 1143 & sigura omnino. & ideo cuprum est
227 1125 721 1170 materia pura, & sonus non est mate
224 1180 716 1212 ria pura literarum: sed est similis ma¬
216 1214 716 1251 teriae, secundum quod recipit literas: & est similie
216 1247 718 1296 generi, secundum quod non est extra modos
222 1293 723 1340 sonorum. Et cum compleuit hoc, &
220 1324 713 1376 d. manifestum est igitur, quod defini
223 1357 727 1410 tio est sermo ex differentiis. i. &, cum
225 1404 721 1457 declaratum est ex quibus componum¬
219 1444 723 1498 tur definitiones, manifestum est, quod
227 1484 721 1524 definitio est sermo compositus ex
222 1522 717 1562 differentiis. & non dixit, ex differen
224 1572 725 1615 tiis & genere: quia oenus apud ipsum
225 1604 718 1643 est forma vniuersalis: & differentiae
228 1640 719 1681 est particularis. Et, cum narrauit ea
224 1685 716 1722 ex quibus componuntur definitio¬
225 1722 717 1764 nes, incoepit declarare, quod diuisio est
228 1759 726 1812 quae largitur tales sermones, & d. Sed
220 1800 718 1848 oportet diuidere differentias differentiae, &c. i. sec
223 1838 717 1882 sed oportet ponere diuisionem essen¬
750 147 1269 189 tialem, & primam generis diuisione, scilicet
752 189 1248 238 qua primo diuidatur geneus in primam
748 223 1256 266 differentiam, & suam oppositam, deinde il
747 268 1244 307 lam differentiam in suam primam diffe¬
751 302 1253 346 rentiam, non vt primo diuidatur ge¬
749 343 1253 394 nus in differentiam suae differentiae,
756 382 1252 427 v. g. animal habens pedes,. quoniam primo
746 421 1259 466 debet diuidi in suas primas differen
750 468 1256 515 tias, v. g in bipes & multipes. deinde
755 500 1248 543 bipes diuidatur per differentias est
746 548 1256 595 sentiales ei, per quas diuiditur prima
747 580 1254 633 diuisione: sicut geneus diuiditur in
750 621 1251 658 suas primas differentias. & sic fiat Ssen
744 669 1257 714 per, donec perueniatur ad illud congre
750 702 1254 749 gatum ex differentiis aequale defini
753 741 1255 778 to. D.d. & oportet, &c. i. & ideo opor¬
750 780 1249 818 tet vt animal habens pedes diuidatu
745 816 1256 858 secundum quod est bipes, & non diuidatur in¬
748 857 1259 907 pennatum & non pennatum. & hoc
748 895 1257 938 intendebat, cum d. non oportet dice
750 941 1250 985 re, quod quoddam bipes est pecenatum,
754 973 1255 1022 & quoddam non pernatum. qui enim
747 1012 1252 1062 hoc facit, non bene potest diuidere,
747 1052 1253 1090 sed intendit bonam diuisionem es¬
749 1093 1247 1144 sentialem, quae largitur definitionem essen¬
747 1132 1257 1183 tialiter. D. narrauit quae diuisionum est
753 1170 1257 1210 essentialis isti differentiae, & d. & opor¬
752 1210 1245 1251 tet vt diuisio bipedis, &c. i. & inten¬
751 1253 1249 1296 dit per scissum pede hominem: & inten
750 1284 1255 1330 dit per propriam dispositionem for¬
756 1325 1257 1370 mam propriam. pedisissum enim est vnum
750 1365 1249 1418 eorum, per quae perficitur actio pedis in quibus¬
750 1404 1250 1453 dam animalibus. D.d. & sic procedatur
752 1445 1256 1496 semper. i. diuidens semper debet tenere
753 1484 1259 1526 istum modum in diuisione differentiarum, do¬
748 1524 1257 1575 nec perueniat ad illa, quae sunt diuersa secundum
748 1560 1252 1616 indiuiduum. scilicet vltimas species. De¬
755 1605 1259 1656 inde dicit: tunc igitur erit diuisio pe¬
752 1647 1252 1682 dis, &c. i. & talis diuisio est, in qua nu
750 1679 1252 1722 merus specierum bipedis est secundum
758 1719 1251 1763 numerum vltimarum differentia¬
750 1760 1255 1803 rum, ad quas peruenit diuidens. Dein
754 1800 1255 1855 de dicit: Ergo manifestum est, &c. i.
754 1839 1252 1882 &, cum diuisio peruenit ad differentias,
