1475 2066
206 213 710 275 tia hominibus. multae etenim eiusdem
212 261 708 306 reim memoriae vnius experientiae
210 309 714 354 vim efficiunt. Quare experien¬
208 349 718 404 tia penem simile quid scientiae, ac
206 383 719 434 arti esse videtur. per experientiam
209 429 715 475 autem ars. & scientia hominibus ef
204 476 717 515 ficitur. experientia. enim vt recte ait
204 517 713 571 Polus, artem effecit: inexperien
204 564 703 602 tia vero fortinam. Fit autem ars,
209 600 717 643 cum est multis experimentalibus
204 644 712 698 conceptibus vna de similibus
206 685 716 730 vniuersalis opinio fiat. opinari
212 725 708 770 etenim quod quod Callie hoc morbo la¬
200 768 716 810 boranti hoc conduxit: similiter Socra
204 808 713 859 ti, ac sigillatim aliis multis, expe
204 853 713 907 rientiae; quod autem omnibus huiuscemo
212 894 715 938 di secundum vnam speciem determinatis
208 936 719 978 hoc morbo laborantibus condu
204 976 715 1020 xit: vtpote pituitosis, aut bilio¬
210 1020 710 1066 sis, aut febre ardente febrici tan¬
212 1061 710 1106 tibus: hoc artis proprium est. Ad
211 1104 719 1154 agendum itaque nil videtur experien
211 1144 716 1187 tia differre ab arte. quinimmo vi¬
213 1193 711 1238 demus expertos magis id: quod
211 1229 721 1282 intendunt, consequi quam illos: qui
208 1275 716 1314 rantionem absque experientia te¬
210 1324 714 1372 nent. Causa vero est: quod experiern
214 1356 708 1412 tia singularium, ars autem vniuersa¬
215 1397 711 1442 lium cognitio est. actiones autem,
211 1437 719 1493 ac generationes omnes circa singu
215 1484 717 1531 lare sunt. non enim hominem, nisi
208 1532 704 1578 per accidens sanant qui medetur,
210 1567 718 1611 sed Calliam, aut Socrantem, aut
204 1608 715 1666 alium quempiam eorum, qui sic
211 1653 723 1698 dicuntur: cui accidit hominem esse. Siquis
211 1693 720 1738 itaque rationem absque experientia
210 1741 709 1778 teneant, & vniversale quidem cognoscat,
206 1777 712 1819 quod autem sub eo particulare
208 1821 710 1874 est ingnoret: saepe numero errabit
202 1861 716 1914 a sanando. id enim magis sanabi¬
208 1901 721 1962 le est: quid singulare est. Nihilomi
740 212 1301 274 nus scire: & cognoscere magis
750 269 1258 315 arti. quam experientiae: et arbitramur
744 303 1263 361 inesse: ac eos, qui artem tenent, quam
750 349 1259 397 eos: qui experientiam habent. sa¬
749 395 1259 443 pientiores esse putamus: eo quod sa
746 440 1256 483 perientia propter scientiam magis omnes
751 476 1258 522 sequitur. hoc autem quoniam illi quidem
744 517 1257 561 sciunt causam, hi vero minime.
750 563 1259 610 experti eterim sciunt quidem quod
751 597 1262 642 est, propter quid autem nesciunt: il
741 644 1259 681 li vero propter quid, & causam
742 692 1259 730 cognoseunt. Quare & eos, qui in
751 725 1253 776 quaque re Architecti sunt hono¬
749 767 1249 818 rabilores & doctiores, ac eis, qui
740 809 1257 851 manibus operantur. sapientiores
750 853 1258 901 putamus: quoniam causas eo¬
746 893 1252 946 rum, quae fiunt, sciunt, illi ve¬
751 938 1257 978 ro, sicut & quaedam inanima¬
746 980 1259 1018 ta, faciunt quidem, sed nesci¬
752 1021 1253 1071 entia faciunt ea, qu faciunt,
750 1063 1263 1115 vt ignis comburit. sed inanima
754 1103 1262 1146 ta natura quandam horum singula
751 1152 1259 1201 faciunt: manibus laborantes, pro¬
749 1196 1259 1237 pter consuetudinem. tanquam
750 1229 1257 1275 sapientiores sint, non prout acti
753 1278 1246 1314 ui sunt, sed prout rationem habent,
750 1317 1250 1355 causasque cognoscunt. Et prorsus
755 1356 1245 1402 signum scientis est posse docere
754 1404 1249 1450 quamobrem magis artem qua ex¬
758 1440 1256 1490 perientiam scientiam esse puta¬.
742 1485 1253 1528 mus. illi enim possunt, hi vero mi¬
750 1532 1261 1571 nime possunt docere. Praeterea
754 1566 1259 1610 sensum nullum putamus sapien¬
748 1607 1264 1650 tiam esse. tametsi singularium hae
749 1653 1265 1702 maxime propriae cognitiones
744 1697 1252 1743 sunt, de nullo tamen dicunt propter
751 1740 1261 1779 quid, vt propter quid calidus
745 1777 1259 1819 ignis: sed solum quod calidus. Pri¬
749 1820 1263 1870 mum itaque cuiuscunque artis su¬.
744 1861 1257 1910 pra communis sensus inuentorem, non
741 1904 1262 1962 solum quoniam vtile esset: quod inuen
