1475 2066
245 148 751 202 Deinde, si ex ideis ideae, minus
254 196 759 243 profecto composita sunt, ex qui
256 236 753 283 bus. Item de multis oportebit
260 276 761 334 etiam ill a praedicari, ex quibus
252 318 760 371 idea, vt animal & bipes. Quod
256 359 756 410 si non, quomodo scieturs erit nanque ali
253 405 748 458 qua indea, quam impossibile est de plu
258 444 757 490 ribus praedicari quam de vno, non
256 485 762 530 vt autem, sed omnis idea videtur,
260 526 750 570 esse participabilis. Quemadmo
262 573 749 610 dum igitur dictum est, latet quod im
252 613 758 665 possibile est in perpetuis defini
255 653 752 703 re, maxime vero quaecunque vn
260 693 754 738 ca sunt, vt Sol, aut Luna. Non so
252 738 754 791 lum enim in hoc peccant, quod ta¬
256 781 758 830 lia addunt, quibus ablatis, adhuc
264 821 751 866 erit Sol, vt puta, quod circuit ter
262 861 764 920 ram, aut quod nocte absconditur
263 909 753 955 ssi enim steterit, aut apparuerit
256 956 751 994 non erit amplius SoD sed incon
262 986 752 1034 ueniens est, si non Sol enim substan
261 1029 753 1078 tiam quandam significat. ltem
259 1084 761 1114 quaecunque in alio contingunt, ve
260 1117 760 1170 luti si alter fiat talis, patet quod erit
256 1157 761 1211 Sol communis ergo ratio. at Sol
259 1197 755 1243 singularium erat, sicut Gleon, aut
260 1241 759 1282 Socrates. Caeterum cur nemo
260 1277 752 1330 eorum definitionem profert ideaes
262 1325 754 1363 fiet enim profecto manifestum
261 1365 761 1418 tentantibus verum esse quod
256 1405 530 1450 nunc dictum est.
303 1476 757 1538 Et etiam exemplaria sunt ex
259 1525 763 1586 exemplaribus, quae autem sunt ex
254 1572 759 1634 eis sunt maioris compositionis. Et
259 1621 757 1682 etiam oportet praedicari per sermo
252 1668 755 1730 nem illa, ex quibus est exemplar
253 1717 751 1779 etiam de pluribus, v.g. animla &
261 1765 748 1822 bicubitum. Et si non, quo erit: &
253 1812 753 1875 etiam scietur, sicut illud, quod im¬
792 148 1307 210 possibile est praedicari per sermonem
788 197 1288 259 de pluribus, sed de vno. & hoc non
788 244 1290 306 existimatur, sed existimatur, quod
789 293 1293 354 oe exeplar est acquisitum. Quaead¬
788 340 1287 403 modum igitur dictum est, latet quod et
788 389 1282 450 impossibile vt definitio sit rerum
796 437 1288 498 aeternarum, & maxime illud, quod
791 485 1284 531 est aeternum, vt Sol, & Luna. pet
788 532 1293 594 cant enim non solum in hoc, sed quia ni
792 580 1272 638 tuntur in talia, quae cum recedunt,
791 629 1289 695 erit Sol, vt quod in nocte latet sub
789 677 1286 738 terra, quonia, si apparet, & si occi
787 725 1287 770 dit, erit Sol. sed hoc non sentitur.
789 773 1282 840 Sol enim significat suam substantiam.
786 821 1284 883 Et etiam omnia, qui possunt esse in alio, sicut
795 868 1290 930 erit si fuerit aliud tale. manifestu
789 917 1297 978 est quod erit Sol. ergo Sol est com¬
785 964 1295 1027 munis. sed iam fuit ex rebus parti
784 1013 1280 1066 cularibus, vt Socrates, & Plato,
791 1061 1295 1123 Et si non, quare non apparet alicu¬
790 1109 1288 1171 ius exemplar. quoniam, si esset ma
791 1156 1281 1219 nifestum illud, quod dictum est hic,
794 1205 1281 1267 esset etiam verum eis, qui hoc nituntur,
832 1276 1290 1330 Dixit: Et contingit istis, vt exem
792 1316 1295 1366 plaria etiam sint composita ex exem,
792 1357 1280 1402 plaribus. quam, si fuerit hic homo sepa¬
784 1397 1286 1434 ratus, erit etiam hoc animal separatum,
788 1436 1282 1475 D.d. quae autem sunt ex eis sunt maio
784 1477 1281 1523 ris compositionis, i, quae autem con¬
793 1509 1283 1556 ponuntur ex aliquibus, sunt maio¬
786 1549 1284 1600 ris compositionis, qua componentia
788 1587 1290 1636 Et d. hoc, quia cum illud, quod est
790 1629 1285 1674 maioris compositionis, est separatum,
791 1668 1289 1706 & exemplar quanto magis erit sepa¬
784 1703 1288 1746 ratum, & exemplar illud, quod est
788 1743 1287 1787 minoris compositionis: D.d. Et etiam
785 1780 1287 1834 oportet praedicari, &c. i. & contin¬
789 1827 1285 1874 git dicentibus exemplaria esse dice
