1475 2066
227 132 723 190 Et alio modo est definitio, & for¬
234 181 734 242 ma, quae est principium rei, & est
232 228 726 290 per definitionem separata. Et ter¬
232 276 734 339 tio modo illud, quod ex istis, cuius
228 325 718 386 solius est generatio & corruptio
229 372 727 434 & est separatum modo simplici
231 420 737 488 substantiae enim, quae sunt substan
232 468 734 530 tiae per definitione, quaedam sunt
232 517 556 576 ista, & quaedam non
277 566 735 618 Hoc, quod dicit, quod omnes substantiae sen¬
236 605 735 642 sibiles habeant materiam, declaratum
228 645 727 682 est in scientia Naturali. Et, cum d. Et sub
234 684 727 722 stantia est subiectum, &c. i. & inten¬
228 719 734 771 dit, quod substantia dicitur primo modo de il
231 757 723 802 lo, quod est existens per se, quod est subie
237 799 727 842 ctum aliis praedicamentis, & est com¬
230 837 736 890 positum ex materia & forma: & dicitu
234 877 730 922 alio modo de materia istius substans
232 917 730 967 tiae. & dico materiam illud, quod non
241 956 739 1002 est in actu aliquod demonstratum, &
241 996 739 1048 est in potentia illius. D.d. Et alio modo
236 1037 735 1074 est definitio. i. & substantia dicitur secun¬
239 1077 731 1127 do modo de illo, quod significat de
238 1113 728 1155 finitio scilicet forma. D.d. & est per defi¬
237 1152 735 1202 nitionem separata. i. & substantia,
242 1191 724 1244 qua est forma, est secundum definitionem sepa
238 1228 733 1274 rata a materia non inesse. impossibus
234 1269 734 1318 le enim est separari formam a materia,
237 1309 737 1359 D.d. & tertio modo illud, quod est ex¬
240 1348 735 1394 istis, &c. i. & substantia tertia illud,
239 1389 741 1433 quod congregatur a materia et for¬
240 1423 731 1466 ma: et est illud, cuius solius, vt decla
239 1476 729 1516 ratum est, est generatio & corruptio
237 1501 726 1545 D.d. & est separatum modo simpli
234 1541 731 1580 ci, i. secundum definitionem & secundum esse. D.
234 1581 735 1633 d. substantiae enim quae sunt substantiae,
237 1621 730 1670 &c. i. & substantia, quam definitio
232 1660 723 1711 significat, est substantia quodam
228 1694 730 1750 modo, quia per ipsam est substantia
230 1733 729 1779 existens per se: & quodam modo non
233 1772 728 1827 est, sicut illud, quod existit: per se, quid
232 1812 734 1866 est in subiecto. & forte intendit, quod
763 133 1281 187 substantia, quam significat defini¬
761 173 1269 218 tio, quaedam partes eius sunt forma,
768 212 1269 262 & quaedam materia, vt declaratum
761 250 944 298 est superius,
815 286 1271 345 Quod autem materia quoque
762 333 1272 388 substantia est, patet. In cunctis
761 373 1266 427 nanque oppositis transmutationi
763 418 1271 458 bus est aliquod transmutationis
765 456 1262 499 subiectum. vt puta secundum locum,
771 500 1266 551 quod nunc hic, rursus alibi. & se
764 540 1265 594 cundum augmentationem, quod
764 585 1256 626 nunc tantum, rursus minus aut ma¬
767 629 1269 666 ius. & secundum alterationem, quod nunc
766 668 1264 724 sanum, rursus aegrum. similiter autem
764 709 1263 754 & secundum substantiam, quod nunc
769 756 1259 809 in generatione, rursus in corru¬
772 798 1252 843 ptione. & nunc quidem subiectum
765 836 1262 890 vt quod quid, rursus autem sub
767 878 1263 923 iectum, vt secundum priuationem. Et
765 926 1255 962 sequuntur hanc etiam aliae trans¬
766 972 1262 1013 mutationes. caeterarum vero, aut
772 1004 1263 1058 vnam, aut duas haec non sequitur,
761 1046 1257 1090 non enim est necesse, siquid mate
768 1100 1263 1130 riam habet localem, hoc genera
766 1133 1255 1187 bilem etiam & corruptibilem ha¬
760 1172 1250 1218 bere. Verum quae inter simplio
768 1221 1253 1258 ter fieri, & non simpliciter differenti
762 1259 1175 1314 sit, in Physicis dictum est.
813 1324 1253 1386 Et manifestum est, quod mat
765 1373 1253 1436 ria est substantia. omnes enim tran¬
767 1421 1267 1482 mutationes oppositae in situ habent
756 1468 1263 1530 subiectum fixum, sicut est illud,
764 1516 1259 1579 quod est in loco. illud enim quod est nuc,
760 1565 1247 1626 fiet etiam alius locus. & inre et
771 1613 1269 1674 quae est tunc se cundum hanc quan
766 1661 1252 1722 titatem, fiet etiam minor, aut maior
768 1709 1261 1770 & in transmutatione est aliquid,
766 1760 1262 1818 quod modo est sanum, quod etiam
762 1804 1268 1874 aegrum. & similiter etiam in sub¬
