1475 2066
212 125 711 189 stantia, quae est nunc in generatio
212 181 722 235 ne, fiet etiam in corruptione. & erit
219 221 724 274 nunc subiectum sicut hoc, quod est
216 269 726 333 per priuationem. Et aliae transmum
224 317 725 370 tationes sequuntur istam, ista au¬
221 373 721 426 tem non sequitur vnam, aut duas
220 416 721 470 aliarum. non enim est necesse ut illud,
220 464 722 514 quod habet materiam localem, et
225 509 723 579 habeat materiam, quae generatur
217 565 718 626 & corrumpitur. Dictum igitur est
217 612 719 674 in Naturalibus, quae est differen¬
222 660 728 723 tia inter esse simpliciter, & non
228 709 394 763 simpliciter
269 757 730 807 Cum posuit, quod vnum eorum, de
223 797 724 840 quo dicitur hoc nomen substantia, et ma
227 844 719 886 teria, incoepit declarare hoc. & in rei
228 877 712 914 veritate debet declarari in scientia Na
231 914 709 961 tural. scilicet materiam esse subiectums. ip
231 944 725 994 sam autem esse substantiam est de hac
230 992 711 1034 scientia. Et d. Et manifestum est, quod ma
230 1036 722 1081 teria est substantia. i. & hoc apparet
234 1069 716 1120 quia est subiectum formae. D. incoe
238 1109 713 1145 it declarare hoc secundum rememoratio
229 1148 728 1186 nem per inductionem, sicut fecit in Pri
232 1186 727 1226 mo Physieorum, & d. Omnes enim
228 1227 729 1265 transmutationes, &c. i. apparet enim
230 1261 727 1314 per inductionem, quod necesse est vt om
224 1300 724 1355 nes transmutationes oppositae per
212 1340 714 1382 suam materiam, habeant subiectum fit
212 1387 722 1434 xum. v. g. in transmutationibus in lo
221 1421 715 1469 co. & d. secundum situm, i. secundum locum: quoniam op
222 1461 712 1506 positio primo & essentialiter inue
212 1498 727 1548 nitur in eis, quae opporiunutur in loco. Et
222 1539 724 1578 intendit per opposita haec quatuor
223 1576 726 1618 contraria. Et, quia contrarietas in
212 1613 722 1658 rei veritate inuenitur primo in eis, qua
216 1656 728 1706 sunt in loco, *ideo accepta est in de
220 1696 712 1739 finitione eorum distantia, cum dicitur con¬
220 1741 732 1779 traria sunt, quae maxime distant. hic au¬
224 1770 720 1822 tem intendit per oppolita, contraria
220 1813 730 1859 quae sunt in qualitate, & in substantia, &
751 131 1240 179 in augmento, & in loco. Et cum di
754 174 1243 230 xit, quod transmutationes videntur con
750 215 1241 267 uenire in hoc, quod indigent subiecto
747 253 1249 307 incoepit declarare quomodo apparet hoc,
749 301 1246 346 & d. illud enim quod est nunc, &c. i. al
756 333 1244 387 paret enim quoniam quemadmodum vnum & ide
750 373 1247 422 numero in loco aliquo est nunc, &
756 418 1249 464 post transfertur in alium. & vnum &
760 450 1242 492 idem modo est album, & post erit ni
756 493 1253 540 grum in alteratione & vnum & idem
757 528 1241 579 est magnum & paruum in augmento
748 567 1241 619 similiter etiam vnum & idem quandoques est ge
752 594 1246 655 neratum, et quandoque corruptum. Sediprn
748 642 1253 690 differunt in hoc, quod subiectum, quod est
753 685 1251 731 in transmutatione, quae est substantiae,
754 719 1254 762 est in potentia, et est in aliis transmu
750 757 1252 802 tationibus in actu: et suum esse est,
760 797 1253 847 quod est medium inter esse in actu,
748 835 1249 882 et non esse. et hoc intendebat, cum di
750 877 1250 915 et erit nunc subiectum, sicut hoc, ete,
750 912 1256 954 i. et istud subiectum, quando recipiet for¬
758 952 1256 1000 mam,assimilatur ei, quod est in actu,
754 991 1257 1033 et quando dimisit eam assimilatur ad non
754 1036 1248 1075 esse. ettotum hoc dictum est in Natu
755 1070 1255 1106 ralibus. D.d. Et aliae transmutatio¬
759 1107 1250 1146 nes, etc. i. et aliae transmutationes se
752 1144 1252 1194 quuntur illam, quae est in substantia. scilicet quoniam
758 1187 1257 1226 illud, quod habet transmutationem, quae est
749 1227 1258 1266 in substantia, habet alias transmutatio
759 1266 1256 1306 nes. transmutationes autem in loco non
756 1303 1269 1346 debet sequi vna, aut plures aliarum
751 1348 1251 1382 transmutationum. et ideo non est ne¬
756 1381 1253 1419 cesse vt omne habens materiam locale
759 1421 1252 1472 habeat materiam generabilem et con
749 1457 1245 1512 ruptibilem. Et innuit per hoc, quod de¬
750 1497 1241 1538 claratum est in scientia Naturali, qui
750 1538 1256 1578 coelum habet materiam localem, et tamen
752 1582 1262 1618 non habet materiam generabilem et
759 1614 1253 1666 corruptibilem. et ideo videmus, quo
757 1660 1248 1704 coelum non componitur ex mate
750 1692 1266 1745 ria, quae est in potentia et forma, quae
763 1732 1248 1785 est in actu. Deinde d. Dictum est igi
748 1772 1260 1811 in Naturalibus, ete. i. declaratum est
750 1820 1256 1858 enim quae est differentia inter gene¬
