1475 2066
235 132 745 192 rationem simpliciter, & non genera¬
244 181 742 231 tionem simpliciter: & inter generationem
248 218 745 258 & corruptionem, quae sunt in sub¬
246 258 742 311 stantia: & generationem & corruptio
244 303 748 346 nem, quae non dicuntur simpliciter scilicet quae sunt
248 333 633 378 in aliis transmutationibus.
245 372 745 426 De substantia, quae forma & actus est. Ite
283 412 709 461 definitiones formam & materiam
319 452 668 498 complectentes, potiores esse,
367 492 637 538 quam quae alteram tam
402 533 589 580 tum. Cap. 2
322 565 742 611 vvm autem quaedam, vt sub
337 614 751 662 iecta & vt materia, conce
341 652 749 702 datur substantia, haec au¬
244 693 752 746 tem est, quae potentia est, restat
250 732 746 778 illam, quae vt actus substantia
250 773 748 832 sensibilium est, quaenam sit dice
250 825 748 858 re. Democritus igitur tres diffe¬
250 861 750 900 rentias esse Videtur existimare.,
245 901 747 954 subiectum enim corpus, materiam.
248 941 748 987 vnum & idem. differre autem, aut
246 985 747 1042 rhysmo, quod est sigura: aut tro
246 1028 733 1077 pe, quod est situs: aut diathige
248 1068 752 1115 quod est ordo. Videntur autem
242 1111 750 1162 multae differentiae esse. vtputa
252 1164 745 1204 quaedam compositione dicunt
244 1196 746 1243 materiae, sicuti quaecunque mistu
244 1245 753 1282 ra, quemadmodum melicratum
250 1284 752 1333 quaedam clauo, vt arca. quaedam
245 1324 749 1370 ligamine, vt fascis, quaedam glu
245 1368 751 1410 tine, vt liber. quaedam pluribus
248 1413 740 1458 ex his, quaedam positione, vt li
241 1460 745 1498 men & superliminare. haec enim eo
245 1492 753 1546 quod modo quodam sita sint, diffe¬
250 1537 748 1578 runt. quaedam tempore, vt coe¬
244 1578 746 1618 na, & prandium. quaedam loco
250 1615 754 1667 vt venti. quaedam sensibilium paf
248 1661 745 1714 sionibus, vt duritie & mollitie
250 1702 750 1746 & densitate & raritate, & ficcita
243 1744 746 1786 te & humiditate. & quaedam quibu
244 1787 749 1834 dam ex his, quaedam omnibus his. &
244 1828 745 1882 omnino quaedam redundem. a, quaedam defe¬
777 130 1320 193 ctu. Quare patet, quod & ipsum 2
780 177 1276 218 est toties dicitur limen enim est, quoniam ita
779 220 1285 267 situm est. & esse, sic ipsum poni
776 260 1284 306 sigeneat. & glacien esse, sic densari.
788 302 1278 346 Quorundam vero esse & his omni
777 349 1281 386 bus definietur: eo quod quaedammi¬
785 388 1277 434 scentur, quaedam temperantur,
776 428 1275 474 quaedam ligantur, quaedam den¬
783 469 1277 515 santur, quaedam caeteris differe
783 513 1286 561 tijs vtuntur, sicuti manus, aut pes.
782 557 1274 602 Accipienda igitur genera differentia,
783 602 1279 651 rum. haec enim principia existentiae
785 645 1269 683 erunt. vt quae in magis & minus
783 688 1282 723 aut denso & raro, & caeteris tali¬
782 725 1275 770 bus. cuncta etenim haec redun¬
780 765 1280 818 dantia & defectus sunt. Quod
785 808 1280 850 siquid sigura, aut leuitate, aut aspe
783 853 1289 894 ritate, omnia recto & curuo. his
780 892 1274 946 vero esse erit misceri, opposito
776 932 1276 981 autem modo, non esse. Manife¬
778 977 1289 1018 stum igitur ex his est, quod si substan
785 1018 1271 1071 tia causa est, vt vnumquodque sit
782 1061 1281 1115 in his quaerendum est, quaenam
780 1106 1279 1154 vt horum singula sint, causa est.
780 1144 1281 1193 Substantia itaque nihil horum est,
784 1196 1283 1242 neque combinatum: attamen pro¬
785 1237 1176 1282 portionale in vnoquoque
824 1285 1267 1347 Cum igitur quaedam substan
784 1330 1277 1396 tiae sint concessae, vt subiectum, &
782 1381 1280 1442 materia etiam, & est illud, quod
788 1429 1276 1490 est in potentia, remanet dicere qua
780 1476 1283 1539 est substantia sensibilium, quae est
778 1529 1268 1570 in actu. Demo. vero existimauuit,
780 1573 1280 1635 quod differentiae eorum sunt tres,
780 1622 1292 1682 materia vero, quae est substantia
782 1668 1287 1734 subiecta, est eadem etiam: & dif¬
780 1716 1294 1772 fert, aut secundum ordinem, qui es
787 1765 1293 1827 sigura: aut secundum transmuta¬.
778 1818 1290 1874 tionem, quid est situs: aut secundum
