1475 2066
186 148 726 209 Vcontauum, qui est compositio. Et ip
199 193 705 260 se videt multas differentias. vt di
204 241 697 306 citur quaedam per compositionem mate¬
202 292 694 353 riae, vt omnia, qui admiscentur, v.g. mel
200 341 697 402 & aqua. & quaedam per ligamen¬
210 388 703 451 tum, vt lectus. & quadam per gluti
204 436 709 499 num, vt liber. & quaedam per cla
211 484 705 538 uos, vt arca, & quaedam per plura
202 533 699 591 istorum. & quaedam secundum situm,
211 583 699 642 vt via & limes. ista enim differunt
201 629 698 691 secundum motum situalem. & quad
213 677 695 738 dam secundum t empus vt pran¬
186 728 701 786 Vdium, & coena. & quaedam secun¬
203 779 702 836 dum locum, vt venti. & quaedam
200 824 696 891 per passiones, quae sunt sensibilium, v.
199 873 697 934 durities & mollities, & spissitu¬
198 924 709 979 do & raritas, & ficcitas & humi
197 970 699 1031 ditas. & quaedam per quaedam, &
207 1018 699 1077 quaedam per omnia. & vniuersaliter
196 1066 690 1129 quaedam magis & quaedam minus
197 1114 707 1176 & ideo, cumlimes ponitur supe¬
202 1162 698 1226 rius, non est limes. Manifestum est
199 1213 697 1280 ergo, quod ens dicitur secundum nu¬
196 1255 697 1307 merum istorum modorum. dicitur. enim
186 1308 689 1370 ens via, quid e secundum hunc situ. &
197 1355 703 1424 hoc et significat quod est secundum
197 1404 704 1473 hunc situ. & esse grando et signifi¬
199 1453 690 1515 cat quod inspissatum e illud secun¬
196 1501 701 1563 dum hunc modum. Et essentia quorunm¬
193 1552 691 1621 dam determinmatur per omnia ista. quod
194 1602 703 1666 dam enim sunt mixta, & quaedam co¬
196 1650 703 1722 plexa, & quaedam ligata, & quadam
196 1707 691 1763 vtuntur aliis differentiis, vt ma¬
188 1757 699 1818 nus & pes. Accipiatur igitur ge¬
188 1796 693 1858 nera differentiaru. ista enim sunt prin¬
192 1845 697 1907 cipia essentiae, sicut quod est maioris
716 141 1235 211 & minoris, & spissum erarum,
734 190 1235 243 & partes similes istis. ista. en nonia
726 242 1232 297 sunt in additione & diminutione.
733 292 1241 354 & si fuerint alicuius sigurae: vt le¬
726 340 1236 402 nitas, aut asperitas, & omnia sunt in
726 388 1235 447 recto, aut tortuoso, & quaedam sunt,
734 437 1240 501 quorum esse est in mixtione, & se
734 485 1237 550 cundum modum oppositionis, qui est
736 533 1241 599 non essentia. Manifestum est igitur
736 580 1231 644 ex istis quod, si substantia sit causa
736 630 1232 698 essentiae cuiuslibet, quod quaerendum
735 679 1239 739 eiistis, quae est causa essentiae cuiusli
728 728 1241 786 bet istorum. Nulla. nastarum est,
731 780 1230 839 substantia, neque, quando congreca¬
734 826 1238 890 tur cum aliis: sed indiget quaeuibet
734 884 1020 922 earum conuentente,
777 925 1233 970 Cum declaratum sit in tractatu
734 972 1228 1018 praecedenti, quod formae sunt substantia
732 1008 1233 1055 ex hoc, quod illud, quod sigenat definitio,
730 1048 1239 1100 est substantia, & quod definitio sigeneat
735 1086 1237 1135 formam per hoc, quia interrogatio per
736 1132 1238 1170 quare est de forma, vult perscrutari
735 1166 1239 1217 hic de primis differentiis substantia
732 1204 1232 1257 libus, quibus diuiditur forma vniversalis, & d.i
730 1245 1240 1298 Cum igitur quaedam substantiae, &c. i. &, cum
735 1285 1233 1333 omnes Antiqui conueniunt in hoc, quod
734 1330 1232 1373 matetia est suba, & est illa, quae existit
734 1365 1230 1410 in potentia: & cum sit declaratum, quod
733 1405 1233 1443 forma est suba, quae est in actu, rema¬
728 1440 1228 1488 net dicere quae sunt differentiae illius subae, quae
736 1481 1233 1523 est in actu in composito scilicet primae differentiae,
730 1521 1237 1574 per quas distinguuntur formae entium,
734 1563 1242 1602 secundum quod sunt entia. D. inducit sermonem,
729 1601 1235 1642 Democriti in hoc, & d. Democ. ve¬
728 1636 1232 1682 ro existimauit, &c. i. Demoer. opina
728 1680 1247 1729 batur, quod materia est vna natura in
728 1719 1240 1771 specie in omnibus entibus, scilicet partes
724 1764 1255 1802 indiuisibiles: & quod ista materia,
736 1797 1255 1847 primo diuiditur intres differentias,
728 1844 1237 1882 maximas, quibus entia differunt,
