1475 2066
247 149 754 187 Prima autem differentia est propter
259 183 751 239 diuersitatem sigurarum partium in¬
261 225 751 266 diuisibilium: & hoc vocauit ordinem,
261 269 755 306 Secunda autem differentia est, propter
261 309 747 347 diuersitatem partium in situ in quo
259 342 755 386 libet ente: & hoc vocauit transmu¬
259 379 754 426 tationem in situ. Tertia autem diffe¬
254 421 749 471 rentia est propter diuersitatem earum in or
260 460 761 498 dine: & hoc vocauit contactum. &
254 496 758 550 opinabatur, quod entia non differunt
252 536 751 586 abinuicem, nisi per vnam istarum
253 575 759 628 trium dispositionum, aut per plura
258 614 758 658 vno. D.d. Et ipse videt multas diffe¬
253 653 751 699 rentias, i. & mirum est de isto homine,
258 700 753 738 quomodo est contentus istis tribus
259 731 763 770 differentiis, cum viderit multas difi
256 774 757 810 ferentias alias ab istis tribus, per quas
252 812 752 863 distinguuntur entia abinuicem. De¬
258 848 757 890 inde incoepit numerare istas differe
253 893 753 939 tias, & d. vt dicitur quaedam per compo¬
253 926 752 970 sitionem materiae, &c. i. sicut illa, quae
261 973 749 1018 differunt per diuersitatem compo¬
252 1005 751 1054 sitionis elementorum, ex quibus con¬
255 1044 752 1092 ponuntur scilicet secundum magis & minus, &
260 1084 756 1121 sunt illa, quae differunt secundum complexio¬
254 1122 761 1162 nem. & ista est dispositio omnium
256 1160 755 1214 corporum consimilium partium,
257 1203 752 1242 & dispositio plurium rerum artifi¬
259 1245 761 1282 cialium, vt diuersitas rerum, quae com¬
265 1278 763 1330 ponuntur ex melle & aqua. D.d. &
259 1317 758 1362 quaedam per ligamentum, &c. i. &
260 1357 757 1409 sunt quaedam, quorum differentiae
260 1397 751 1447 unt in copulatione, scilicet quoniam nomina,
255 1436 749 1474 & actiones rerum copulatarum di
256 1471 751 1514 uersantur propter diuersitatem co¬
252 1517 761 1562 pulationis: quaedam enim copulantur per
256 1552 761 1602 ligamentum, & quaedam per glutinum,
252 1592 755 1640 & quaedam per clauos. D.d. & quae¬
252 1629 751 1678 dam per plura, i. & quaedam diuer¬
257 1667 750 1706 santur per plures vna istarum differentia
259 1707 761 1754 rum. v. g. vt sit aliquid, cuius quaedam
256 1745 757 1796 partes copulartur per glutinum, & quadam
254 1781 753 1835 per ligamentum. hoc. enim differt per
247 1822 763 1874 ista duo ab eo, cuius omnes partes copu¬
787 147 1306 188 lantur per clauos. Et intendebat per hoc
786 185 1291 238 declarare, quod in compositione sunt,
790 227 1280 266 multae differentiae, aliae ab eis, quaes
788 268 1284 307 dixit Demo. & quod, si illae sunt differe
789 304 1291 353 tiae, istae erunt differentiae. D.d. & quae¬
790 343 1282 386 dam secundum situm, vt via. i. & nomina
792 389 1289 418 viae etiam diuersantur secundum diuersita
780 421 1289 470 tem situs. v. g. via ad superius & via
789 466 1289 499 ad inferius, & dextrum & finistrum. &
783 499 1285 538 limen etiam differt a liminc in alto
777 541 1283 580 secundum situm. quoniam, cum fuerint inferius,
793 575 1283 624 icitur limen, & superius luna. D.d. & quae
789 615 1281 654 dam secundum tempus, vt prandium, & coe¬
786 655 1287 704 na. i. quoniam prandium differt a coena secundum
787 695 1291 744 diuersitatem temporis tantum: D.d. & quaedam
784 733 1289 771 secundum locum, vt venti. i. & diuersitas ve
791 773 1287 811 torum est per diuersitatem locorum.
789 812 1281 858 D.d. & quadam per passiones, &c. i. & quae¬
782 847 1289 889 dam diuersartur secundum nomnia, & definitio
783 891 1287 930 nes per passiones sensibiles, & maxi¬
788 928 1292 977 me in rebus naturalibus: & praecipue
790 965 1284 1010 in corporibus consimilium partium,
792 1004 1290 1057 & in simplicibus. & intelligendae sunt
786 1048 1284 1093 cum istis qualitatibus dictis aliae paf
791 1084 1292 1122 siones & qualitates, numeratae in
793 1122 1289 1174 Quarto Meteororum. D.d. & quaedam
788 1162 1294 1215 per quaedam, & quaedam per omnia. i. &
791 1197 1291 1249 quaedam entia differunt a quibus¬
791 1237 1285 1285 dam per quasdam istarum passionum
788 1277 1280 1329 & quadam differunt a quibusdam
796 1316 1294 1370 omnes. v. g. aquam & terra per duritiem &
788 1360 1289 1405 mollitiem, & spissitudinem & rari¬
786 1397 1297 1434 tatem, & humiditatem & siccitatem.
789 1436 1285 1487 D.d. & vniversalter quaedam magis, & quae¬
789 1474 1285 1514 daminus. & intendit per quaedam ma¬
791 1509 1287 1562 gis & minus, aliquid commune diuersita¬
789 1552 1293 1601 ti, quae est per qualitatem, & quae est per quan¬
790 1590 1289 1643 titatem. Et, cum declarauit genera ista
791 1637 1289 1679 rum differentiarum, quas addidit tribus,
790 1668 1297 1709 quas d. Demo. dixit: Manifestum est
789 1709 1293 1749 ergo, &c. i. cum nomnia & definitiones
788 1747 1299 1796 sunt per has differentias: & istae differentiae sequuntur
791 1782 1299 1822 formas substantiales entium: manife¬
784 1821 1290 1874 stum est, quod formae substantiales sunt
