1475 2066
227 132 745 178 sed nec elementum, nec ex elemen
236 180 737 226 tis, sed substantia, quod materiam
247 221 738 274 auferentes dicunt. Si itaque hoc ip
242 262 733 306 sius esse causa, & hoc substantia
246 309 740 350 ipsam substantiam vtique non di
242 349 739 390 cerent. Necesse autem est, aut sem¬
236 388 734 442 piternam hanc esse, aut corrupti¬
242 430 734 473 bilem, absque eo quod corrumpatur
244 470 738 526 & factam esse, absque eo quod fiat
236 516 740 557 Ostensum autem est: & declara
244 556 733 602 tum in aliis, quod formam nullus fa¬
236 605 740 651 cit, neque generatur, sed efficitur
245 642 735 682 hoc: sit autem quod ex his. Si vt
246 685 736 735 ro corruptibilium substantiae sunt
227 722 738 779 separatae, nondum est manife¬
239 772 737 810 stum: attamen quod quorundam
243 820 732 859 non contingit, patet, vt ea, qua
236 853 741 890 non possunt praeter particularia
242 889 631 946 esse, vt domum, aut vas.
287 940 737 994 Sed ista in alio non diuersantur
240 985 738 1045 quaerere vero substantiam sensibi¬
237 1033 735 1091 lem non diuersantur omnino. illud enim
240 1083 737 1145 quod est per essentiam est per formam.
239 1141 728 1193 & per actu. quoniam anima &
237 1179 732 1226 animae esse est idem. homo vero &
240 1224 736 1274 hoininis non: nusi dicatur quod ani
232 1273 739 1330 ma est homo etiam. & similiter in
239 1320 739 1389 aliquo est, & in aliquo non est. Et
243 1365 743 1436 non apparet quaerentibus, quod syl¬
232 1421 729 1474 laba est ex literis, & copone: nequ
237 1463 741 1522 quod domus est lateres, & composi¬
230 1516 745 1570 tio. & hoc modo videtur. Composi
237 1564 729 1620 tio enim & miaxtio est ex eis, &
236 1605 733 1658 non alteri secundum hunc modum. &
236 1658 736 1715 vt via, quonia non est ex situ, neque
228 1702 729 1763 situs ex via, sed hoc est ex illo. ne¬
236 1751 742 1802 homo animlal bipes, sed oportet vt
232 1796 735 1866 sit aliquod aliud a rebus mixtis,
773 133 1293 195 & etiam materia non est elemen¬
765 180 1279 246 tum, neque, ex elemento, sed est sub¬
773 229 1275 295 stantia, quam dicunt esse illi, qui
766 276 1275 346 negcant materiam. Si igitur causa
775 319 1280 394 essentiae est substantia, ergo non di
766 377 1277 442 cunt substantia esse ipsam. Ergo ne
765 428 1283 490 cesse est ut ista sint aut aeternm, aut
765 474 1281 533 corruptibilia, absque eo quod corru¬
768 533 1274 584 pantur, & quod sint sine genera¬
775 571 1273 626 tione. Et declaratu est, & demon¬
764 616 1277 674 stratum in istis, quod forma ex nihi¬
765 664 1281 729 lo facta est, & non generatur, sed
765 711 1293 775 sit hoc, & generatur illud, quod est
774 760 1276 819 ex istis. Et nondum est declaratu, fi
769 813 1269 874 substantiae reru, quae corrumputur
770 857 1277 922 sint separatae, sed tantu declaratum
769 901 1281 963 est, quod hoc est impossibile in qui¬
767 953 1281 1010 busdam, & sunt omnia, quae non possunt,
774 996 1231 1059 esse sine aliis, vt domus, & vas.
810 1069 1274 1124 Idest, formae vero, cum distinguum
768 1112 1277 1154 tur ab intellectu a materijs, inuenit
776 1149 1269 1187 eas aliud a subiecto, & aliud a com¬
776 1196 1275 1233 posito ex eis & subiecto. cum autem
768 1224 1276 1279 intelligat congregatum ex eis scilicet sen¬
772 1266 1272 1306 satum, inuenit eas idem in definitio
768 1302 1281 1346 ne, & non diuersa. Deinde induxit
770 1349 1281 1386 exemplum de hoc, & dixit. illud enim,
771 1380 1281 1423 quod est per essentiam, est per for¬
774 1421 1279 1471 mam,&c. i. illud enim, quod signifi
770 1456 1283 1506 cat animam, & illud, cuius est anima, est
765 1497 1280 1537 idem. illud vero, quod significat ho
772 1534 1280 1579 minem, & illud, quod est forma ho
775 1581 1280 1618 minis, non est idem: nisi esset verum
773 1615 1281 1658 dicere, quod anima est homo. & simili¬
773 1653 1281 1698 ter est de definito omni cum suis par¬
767 1693 1285 1745 tibus. apparet enim quod sunt idem quo¬
764 1733 1283 1774 dammodo, & non idem alio modo.
790 1772 1283 1825 D.d. Et non apparet quaerentibus, &c.
770 1811 1283 1866 idest & dicitur syllaba causa literae compositae:
