1475 2066
195 132 717 186 quia compositio literarum, & mixtio
206 175 719 219 earum non est sine syllaba. D.d. vt
216 215 718 266 via, &c. i. vt via. quonam, licet non sit ipse
212 255 719 297 situs, neque situs ipsa via, tam constitui
208 293 711 338 tur per situm. D.d. nec homo anima
210 334 714 385 bipes, &c. i. nec homo est ipsa anima¬
204 372 714 425 litas & multitudo pedum, sed est ali
212 412 714 452 quid, quod disponitur per animalita¬
213 452 719 502 tem, & per multitudinem pedum etiam
205 491 719 540 tali modo, quod non inuenitur in alio.
229 525 705 570 D.d. & etiam ma non est elemen
204 566 714 618 rum, neque ex elemento. i. & signum
206 605 712 651 eius, quod substantia, quae est forma, non
207 645 705 691 est materia, est illud, quod declara
216 684 705 732 tum est prius scilicet quod non est elementum
210 722 714 771 neque ex elemento, sed est substantia
207 758 715 802 in rei veritate apud illos, qui negant
211 796 721 839 materiam, & dicunt formas separatas
212 836 705 875 esse. Et induxit omnia ista, ne obiice
215 872 711 914 ret ei aliquis ex dicentibus formas
216 912 719 954 dicendo, quod formae & materiae sunt
214 964 713 1002 eadem. & per hoc signum, quod formae prae
217 994 713 1045 dicantur de materijs. D.d. Si igitur
208 1029 713 1083 causa essentiae, &c. i. si igitur causa quidi
212 1068 714 1116 tatis est substantia alia a substantia
204 1109 713 1158 sensibil scilicet forma, tunc non erit ipsa
205 1149 707 1186 substantia sensibilis. &, cum ita sit
204 1189 715 1243 necesse est vt substantiae, quae sunt for
210 1229 710 1280 mae, aut sint aetermae non corruptibus
212 1268 719 1321 les omnino, aut corruptibiles per acci¬
208 1309 708 1346 dens non essentialiter. & hoc intende¬
212 1344 720 1386 bat, cum, d. ergo necesse est vt ista sint
212 1383 711 1434 aut aeterna, aut corruptibilia, &c.
236 1426 713 1467 D.d. Et declaratum est, & demon¬
214 1461 723 1506 stratum in istis, quod forma, &c. i. & decla
219 1500 709 1545 ratum est ex dictis quod, cum forma fue¬
217 1542 713 1594 rit huiusmodi, non generatur nec corrum¬
218 1589 715 1629 pitur: sed illud, quod generatur, & fit,
212 1617 716 1666 est substantia demonstrata, & ex ea
212 1661 719 1710 est generatio. sed non est declaratum
217 1694 713 1739 adhuc, si istae substantiae, quae gene¬
214 1735 709 1779 rantur & corrumpuntur, habeant forma
213 1775 711 1823 separatas, aut quomodo est de hoc, sed est
217 1813 721 1866 declaratum, quod impossibile est in quibusdam
746 132 1265 178 vt formae eorum sint separatae, vt in re
751 174 1253 218 bus artificialibus. & hoc intendebat,
748 220 1185 258 cum d. si substantiae rerum, &c.
786 252 1252 310 Fortassis igitur nec substan¬
744 293 1247 348 tiae sunt haec ipsa, nec aliorum
750 347 1249 382 quicquam, quaecunque non natura
740 375 1253 420 consistunt. naturam etenim solam
740 429 1250 475 profecto quis ponet eam, quae in
750 461 1243 506 corruptibilibus est, substantiam.
753 503 1245 562 Quare dubitatio, quam Antisthe¬
742 544 1246 586 nici, & hoc pacto pariter indo¬
740 588 1243 634 cti dubitabant, habet aliquid oc
751 630 1251 682 casionis vt soluatur, quod non est ip¬
739 669 1248 723 sum quid est definire (definitio¬
748 718 1236 766 nem enim longum esse sermonem,
744 758 1246 810 sed quale quid est contingit etiam
744 797 1245 850 docere. quemandmodum argentum
742 845 1237 899 quid est, non: quod autem quale¬
740 884 1248 941 stannum. Quare substantiae, est
744 925 1248 970 quidem, cuius contingit definitio
744 965 1254 1025 nem et rationem esse, vt puta com¬
744 1008 1252 1065 positae, siue sensibilis, siue intelle¬
746 1052 1253 1106 ctualis sit. ex quibus autem hoc pri
744 1094 1254 1138 mis, non est: siquidem aliquid de
748 1141 1253 1178 aliquo significat ratio definitiua:
747 1182 1253 1233 & oportet hoc quidem vt mate
746 1222 1221 1266 riam, illud vero vt formam esse.
788 1276 1238 1338 Et rectum est vt ista sint nequ
745 1325 1237 1386 substantiae et neque, aliquid hoc, neque
749 1373 1251 1441 aliquid omniu partium est, quae non
740 1420 1247 1487 constituuntur per natura, rectum est
745 1469 1253 1532 igitur, vt aliquis ponat naturam
744 1517 1256 1578 tantu esse substantia in rebus, quae
745 1564 1253 1626 corrumpuntur: & est quaestio diffi¬
746 1612 1243 1675 cilis, quam interrogabat Antisthe¬
746 1661 1256 1723 nes in aliqua hora, non secundum cum
740 1709 1254 1770 rialitatem. impossibile enim est vt
743 1756 1249 1819 sit definitio entis quid sit. definitio
747 1805 1246 1875 eni est sermo logus. sed impossibile
