1475 2066
209 140 721 202 enim est definire aliquid quale sit,
209 189 707 250 & quale scitur per qualitatem
225 236 719 298 vt copbus, quoniam impossibile est
219 285 715 347 vt sciatur quid sit, sed est quasi vas
212 332 713 394 Er go in substantus est quaedam sub
209 375 716 443 stantia, quae possibile est vt habeat
221 429 714 490 definitionem, & sermone, vt sub¬
219 481 721 542 stantia composita, siue fuerit sensi
209 524 714 586 bilis, siue intelligibilis. illa autem,
217 575 717 635 ex quibus est ista substantia pri¬
218 625 713 689 ma, impossibile est vt habeat hoc,
212 675 715 736 cum sermo definitionis significes
209 724 721 786 aliquid de aliquo: & oportet vt
209 773 722 826 quaedam sit quasi materia, & quae¬
214 821 474 882 dam quasi forma.
209 884 712 939 Quia induxit exemplum in ma¬
214 927 715 970 terijs & formis de rebus artificialibus
220 968 711 1006 intendit declarare, quod nulla forma ar
217 1012 725 1051 tificialis est substantia, nedum vt sit
215 1044 713 1094 separata. & d. Et rectum est, &c. i. re
212 1082 724 1123 ctum est, vt formae artificiales non sint
211 1124 715 1174 substantiae, neque etiam res demon¬
212 1165 709 1202 stratae, ita quod sint vnum, sicut est di
214 1202 719 1242 spositio in substantiis naturalibus,
218 1244 716 1282 D.d. neque aliud omnium partium
218 1281 718 1334 est, &c. i. & intendit, neque vt maiorn
209 1320 717 1371 pars formae naturalis sit separata. &
212 1358 721 1413 hoc intendebat, cum d. rectum est igi
217 1399 727 1450 tur ponere naturam, &c. D. incoepit
218 1439 719 1482 dicere quaestionem, quam quaerebat
218 1484 712 1517 quidam famosus apud eos dubitar
218 1517 722 1569 do, & d. Et est quaestio difficilis, &c.
222 1557 721 1608 & d. non curialiter, quia ignorabat,
220 1596 722 1648 quod definitio non est omnium rerum. &
214 1636 717 1687 intendit per curialitatem, Logicam
215 1676 711 1726 D.d. solutionem illius quaestionis
212 1717 706 1763 & d. impossibile enim est, &c. i. & quae¬
220 1752 708 1806 stio horum est quod, si omnia habeant de¬
219 1791 705 1844 finitiones definitio habebit defini
220 1830 711 1875 tionem, & sic procedetur in infini¬
751 132 1265 178 tum. & d. dissoluendo. impossibile enim est
746 175 1259 218 vt sit definitio entis, &c. i. impossibile enim
747 215 1264 258 est, vt formae vltimae in definitioni
750 254 1261 301 bus habeant definitionem, quoniam formae
757 294 1259 338 vltimae sunt simplices, & definitiones
748 333 1248 386 sunt compositorum: definitiones eni
748 380 1248 424 rerum sunt ex materijs & formis. v. g
747 412 1255 458 cyphus, qui definitur per hoc, quod est vas
753 452 1258 498 talis qualitatis, i. talis formae. D.d.
750 490 1250 545 Ergo in substantiis, &c. & intendi
752 533 1259 571 composita ex materia & forma. &
754 573 1249 622 intendit per intellecta mathematica
753 612 1259 660 D.d illa autem, ex quibus est ista sub¬
750 653 1259 691 stantia. & intendit per illa, ex quibus
752 690 1259 731 est substantia primo, materiam & for¬
752 733 1261 770 mam scilicet quod impossibile est vt forma aut
752 768 1252 811 materia habeat definitionem. Defi
746 807 1267 858 nitio enim est sermo, in quo disponitur,
753 853 1257 891 aliquid per aliquod: forma vero &
751 893 1257 940 materia vtraque sigenat idem: & neu¬
755 925 1256 975 tra diuiditur in dispositionem & di
746 964 1263 1018 spositum. D.d. & oportet vt quaedam
748 1004 1261 1050 sit quasi materia, & quaedam quasi
744 1045 1264 1095 forma. i. & in definitione oportet vt
747 1085 1261 1123 sit aliquid, quod significet formam: &
741 1118 1252 1171 aliud sigenans, quod est quasi materia
749 1173 1249 1226 Quo pacto substantiae numeri dicipossunt
912 1220 1086 1267 Cap. 8
864 1277 1251 1322 Anifestum autem hoc etiam
873 1316 1251 1372 est, quod si aliquo modo sub¬
766 1356 1257 1410 VAstantiae numeri sunt: ita
750 1400 1258 1454 sunt: & non, quemadmodum qui
750 1443 1265 1490 dam dicunt, vnitatum. Nam &
752 1485 1252 1530 definitio numerus quidam est,
751 1529 1257 1576 diuisibilis etenim, & in indiuisi
745 1580 1257 1618 bilia, non enim infinitae rationes, nu
746 1615 1259 1666 merus vero tale quid est. Et quem
750 1661 1258 1706 admodum de numero, ablato
746 1701 1256 1746 aut addito aliquo, ex quibus nu
747 1741 1257 1786 merus est, non est amplius idem
752 1788 1261 1842 numerus, sed diuersus, etiam si¬
743 1829 1255 1882 minimum auferatur, aut addatur
