1475 2066
181 141 694 198 possibile erit vt aspiciat exemplar
195 184 699 227 & non aspiciat, & si aspexerit, tunc
199 224 704 274 possibile erit vt assimiletur, & non assimi
196 261 706 316 letur: & sic generatio erit a casu. & intelli¬
194 307 707 354 git generationem esse casu, quod generans sit
196 339 697 394 de natura generati. & si no, tunc ge
200 379 699 428 nerans non generabit sibi simile, v.g
199 418 699 470 homo hominem. & secundum hoc generams non in
203 455 694 498 digebit exemplari. D.d. non sicut Se
204 492 705 534 crates. i. & indiuiduum essentialiter non
196 533 699 582 generatur nisi ab indiuiduo suae speciei
200 569 699 623 quapper necesse est vt generans So¬
202 609 702 651 crantem sit aliud indiuiduum sibi si¬
200 648 698 690 mile. D.d. Et secundum hunc modum de
203 684 697 740 clarabitur quod Soc. sit aeternus. i. & etiam
199 725 703 775 si posuerimus haec exemplaria, con
198 765 699 815 tingit vt sit aliquod indiuiduum, quid
195 806 707 842 Soer. generatus habebit Socrantem
188 847 697 883 aeternum. & secundum hoc continoet vt in
189 878 697 915 diuiduum habeat naturam vniuersalem. &
190 917 697 970 sit compositum ex naturis vniversalibus, si
194 956 705 995 cut est ipecies. & hoc intendebat, cum
188 992 702 1033 d. sicut homo habet animal, &c. i. & in
192 1031 692 1082 diuiduum habet definitionem, si¬
199 1069 457 1122 cut habet species,
225 1109 697 1154 ltem non solum sensibilium
182 1155 700 1202 exemplaria formae erunt verum
187 1205 695 1235 etiam ipsarum, vtputa geneus, tar
188 1244 695 1287 quam geneus specierum. quare
188 1277 701 1333 idem erit exemplar, & imago. ltem
181 1325 696 1365 videri possit impossibile esse separa
184 1360 700 1402 tam substantiam, & cuius est sub
183 1400 697 1442 stantia, quare quomodo ideae, cum re¬
181 1440 692 1482 rum substantiae sint, separatae fue
188 1486 684 1523 rinte in Phaedone autem ita dicitur
187 1530 698 1582 quod tum ipsius esse, tum ipsius fien
183 1568 511 1621 ri formae causae sunt.
233 1604 697 1666 Et etiam species non sunt exem
187 1653 701 1714 plaria rerum sensibilium, sed & sui¬
181 1701 688 1763 ipsarum etiam, sicut venus, quod est g¬
181 1737 692 1811 aus multarum specierum. & sic
184 1796 698 1859 idem erit exemplum, & forma
733 140 1281 210 sui ipsius. Et etiam impossibile est M
732 191 1236 255 vt existimentur esse entia abstra
730 244 1236 306 cta a substantiis, & substantiae
725 290 1241 351 non. & si non, quomodo erunt spe¬
733 338 1241 386 ctes substantiae rerum abstracta¬
733 384 1243 435 rum ab illis & & hoc dictum fuit
734 433 1243 491 in Phaedone, scilicet quod species sunt
732 482 1077 546 causae esse generationis,
776 548 1240 600 Idest, & cum illud, quod praedicatur de
734 588 1242 634 aliquo, & notificat essentiam eius, si
732 627 1234 666 fuerit forma abstracta, tunc soecies non
736 670 1233 706 erunt exemplaria rerum sensibilium,
732 701 1231 755 sed sui ipsorum. quoniam sicut indiuidus
728 741 1224 794 habent exemplaria propter specialitatem,
737 781 1239 824 qua est in eis, v.g. indiuidua hominis pro¬
726 816 1235 866 pter humanitatem, ita species abstra¬
735 861 1237 909 ctae habent exemplaria per genera¬
732 893 1238 938 litatem, quae est in eis, sicut species
730 933 1236 981 sensus habent exemplaria per sen¬
728 966 1233 1023 sum, quod est geneus. Deinde dicit,
734 1007 1235 1064 Et etiam impossibile est, &c. i. & et
733 1046 1237 1090 impossibile est existimare formas
726 1093 1230 1138 esse abstractas a substantiis, quarum
728 1126 1235 1170 sunt formae, & substantias non esse
730 1161 1227 1213 scilicet quod est impossibile scilicet formas re
734 1205 1231 1246 manere, & deficere res, quarum sum
734 1244 1236 1293 formae: quoniam tunc non esset generatio
733 1282 1237 1333 neque corrumptio. Et, quia potest ali¬
730 1324 1242 1363 quis dicere, quod Plato non dixit eas es
729 1364 1237 1411 se causas generationis & corruptio¬
730 1396 1241 1449 nis, neque pertes formales rerum sensibi
730 1436 1240 1486 lium, notificauit quod Plato dixit hoc
729 1476 1237 1514 in libro Phaedon, & dixit: & hoc di¬
723 1515 946 1562 ctum fuit, &c.
768 1556 1247 1610 Quanquam formis existenti
726 1597 1245 1653 bus, non tamen participantia
724 1644 1220 1682 fiunt, si non sit, quod moueat.
724 1679 1239 1722 At multa alia fiunt, velut do¬
731 1732 1243 1762 mus, aut annulus, quorum non
724 1762 1240 1802 dicimus esse formas. quare pa¬
721 1812 1253 1859 ter posse contingere caet era quo
