1475 2066
190 139 705 199 sunt per naturam: & non habent ali
204 189 707 246 qua materia, sed substantia eorum
206 239 698 298 est subiectum. vt causa eclipsis non
205 286 705 347 est aliqua materia, sed Luna, quae
203 333 703 395 patitur est aliqua causa: sicut cau
205 381 699 442 sa motus. & causa amittendi lu¬
204 436 437 482 men est terra.
242 493 696 547 Et est manifestum, quod artificium
202 530 708 585 est principium mouens & agens. D.
211 573 699 622 d. quoniam si materia, &c. i. & est manife¬
200 612 702 650 stum quod, si materia fuerit alia ab art
210 648 703 690 ficio, motor erit aliud a materia, &
210 690 705 731 similiter artificiatum est aliud a ma¬
201 726 709 772 teria & a motore. Et, cum d. quod haec
208 768 708 810 tria sunt diuersa, incoepit dicere, quot
207 806 709 858 sunt modi causarum quaerendarum in
212 846 707 898 causato, & d. Cum igitur aliquis quasi
211 885 703 936 uerit, &c. i. & quia causae dicuntur mul
208 925 696 962 tipliciter, oportet nos, quando volueri¬
208 960 701 1014 mus cognoscere aliquid per suam cau
207 999 709 1043 sam, scire omnes modos causarum
205 1040 703 1092 existentium in illo, & tunc perficie
209 1085 699 1122 tur nobis scientia eius. D. dedit exem
208 1116 700 1166 plum, & d. vt causa hominis, sicut ma
209 1164 697 1208 teria. i. v. g. quoniam nos videmus in ho¬
204 1204 696 1235 mine quatuor causas, causam scilicet ma
196 1232 700 1274 terialem, quae est sanguis menstruus
204 1270 691 1314 & causam mouentem, quae est sper
201 1309 703 1354 ma maris: & causam, quae est secun
204 1350 707 1394 dum formam, & quae dat quiditatem,
203 1397 707 1438 reim per quam est: & causam, propter
205 1426 693 1475 quam est generatio, scilicet finis & com¬
202 1466 691 1520 plementum. oportet igitur, quando vo
198 1508 700 1546 luerimus scire hominem vere, vt scientia
197 1544 703 1597 mus per istas causas quatuor. D.d.
202 1580 707 1626 & forte haec duo, &c. i. & intendit cau
202 1621 701 1666 sam formalem & finalem. forma. eni
202 1661 697 1716 vltima in generatione est illud, pro
198 1700 697 1751 pter quod generatur ens. sunt igit
202 1740 701 1780 tur vnum in subiecto, & duo secun¬
201 1780 705 1820 dum modum. & hoc intendebat, cum
197 1815 705 1860 d. sunt idems, is secundum subiectum. D.d.
741 140 1237 186 Et oportet dicere causas, propinquas,
734 188 1244 233 &c. i. & oporter quaerere primo in re
734 221 1234 273 cognitionem causarum propinqua
735 260 1233 305 rum non remotarum. v. g. quam, si quae
731 298 1245 338 siuerimus causam hominis, quae est
737 336 1239 387 causa materialis, non oportet quae¬
724 376 1239 418 rere causam remotam, vt quatuor
730 414 1235 466 elementa, quae sunt causae materia¬
734 452 1238 509 les remotae: sed oportet quaerere ma
735 494 1232 547 teriam propriam, & est sanguis me¬
731 533 1235 570 struus. D.d. Necesse est igitur in sub¬
736 573 1232 623 stantiis, &c. i. & est manifestum, quod i
734 612 1234 667 substantiis naturalibus generabili¬
734 649 1236 701 bus & corruptibilibus quaerendae
736 689 1230 730 sunt omnes istae causae, si aliquis vo
734 728 1230 782 luerit ire in cognitionem earum vera
740 769 1234 819 via: cum istae causae quatuor sunt cau
732 805 1244 858 sae omnium generabilium & corru
733 847 1243 894 ptibilium, & numerus earum sit iste
734 893 1242 934 numerus. & est necesse quaerere om¬
734 924 1231 970 nes causas rei, cuius est cognitio qui
736 962 1243 1015 renda. & si non, cognitio eius esset
733 999 1233 1042 diminuta. D.d. In substantiis vero
732 1045 1236 1090 naturalibus, &c. & intendit corpo¬
734 1077 1243 1119 ra coelestia & cum d. rectum est, vt
732 1117 1236 1166 quaedam non habeant materiam, non
734 1162 1242 1205 intendit quaedam corporum coelestium:
736 1197 1241 1242 omnia enim non habent materiam,
736 1236 1242 1275 sed intendit elementa, quae sunt aeter
734 1277 1234 1327 na secundum totum, & generabilia &
734 1302 1232 1362 corruptibilia secundum partem, vt di
733 1350 1234 1386 ctum est in naturalibus. Materia. enim
734 1390 1236 1427 in rei veritate, cuius esse est in poten
728 1428 1234 1474 tia, non inuenitur nisi in substantiis
730 1471 1236 1514 generabilibus & corruptibilibus. Sub
735 1507 1233 1546 stantiae vero aeternae, quia in eis non
734 1544 1232 1598 est potentia ad corruptionem, non
734 1580 1234 1620 est in eis materia, sed materia eorum
735 1622 1225 1675 est aliquid existens in actu scilicet corpus,
728 1661 1232 1700 ideo dionius habent hoc nomen sub
844 1692 868 1717 ¬
732 1700 1234 1750 iectum, quae hoc nomen materia. Et
732 1741 1233 1788 cum narrauit, quod substantiae natura¬
726 1781 1243 1818 les aeternae non habent materiam, quae sit
728 1829 1240 1870 in potentia, cum non habeant gene
