1475 2066
217 132 741 202 omnia aut, quae non habent ma
220 188 736 250 teria, neque, intelligibilem, neque, sensi
222 234 731 296 bilem, vnumquodque, eorum statim est
229 279 730 342 vnum illud, quod est per essentiam.
220 328 721 392 sicut illud, quod est aliquod ens. &
228 374 731 436 ideo in definitionibus non est ens
224 421 732 482 neque, vnum: & illud, quod est per esse:
225 469 733 531 tiam, est vnu, sicut altquod ens etiam
227 520 729 578 Et ideo non est alia causa, neque, ali¬
224 565 737 636 cuius istorum, vt sit vnum, neque, vt sit,
229 620 731 682 ens etiam. quonia vnumquodque, eoris
226 660 738 727 statim est aliquod ens, & auquod
217 713 738 772 vnum, non quia sunt in ente & in
231 759 735 812 vno, sicut illa, quae sunt in genere,
228 809 735 866 & non quasi separata, & alia a
229 855 731 924 partibus. Et propter hanc difficul¬
229 904 727 967 tatem dixerut quidam acquisitionem,
229 949 730 1011 & dubitauerunt in causa acquisi¬
231 1003 734 1068 tionis, & quid sit acquisitio. Et qui
228 1050 729 1114 dam dixerunt congregationem aiae.
232 1097 725 1162 vt aliquis dixit enim, quod cogni¬
233 1147 731 1213 tio, quae est per vera scientiam, est
229 1194 726 1258 per anima etia. Et quidam dixerunm
225 1244 731 1307 compositione, & ligamentum corpo
217 1296 736 1351 ris & animae esse per vitam. Sed fer
227 1338 731 1400 mo in omnibus istis est vnus. sani¬
230 1397 728 1434 tas enim in omnibus est vna, aut con
224 1433 727 1501 gregatio, aut ligamentum, aut com¬
225 1485 731 1546 positio animae. & sanitatis. & etia
229 1533 731 1594 erit cuprum triangulare per compo¬
224 1581 728 1644 sitione cupri, & trium angulorum
231 1626 727 1692 & essentia albi est compositio supe¬
232 1674 734 1731 ficiei & albedinis. Et causa in hoc
228 1724 735 1787 est, quia quaerut vnu, quod est in po
232 1772 734 1819 tentia & in actu, quasi diuersum
228 1820 738 1883 etiam. & est, sicut dictum est, quemad
766 137 1286 186 modum materia vltima, et forma
771 182 1279 251 est idem, & vnm. Ergo non habent
761 237 1275 296 aliquam causam omnino praeter mo¬
767 282 1276 330 torem quo de potentia in actum.
760 329 1269 377 omnia vero, quae non habent ma¬
765 376 1269 439 teriam, modo simplici, essentta eo¬
761 429 1280 489 rum, per quam sunt entia, non fer¬
757 473 1129 535 tur in quibusdam rebus.
803 532 1262 578 Idest, Omnia vero, quae carent mam
766 572 1260 622 intelligibili & sensibili, sicut. mam re
764 608 1253 659 rum mathematicarum, vnunquodo
764 652 1268 691 eorum est idem cum illo, quod dat suum
773 689 1267 731 esse, scilicet quod quiditas, & essentia sunt in
767 726 1269 771 eis idem. D.d. sicut illud, quod est ali¬
762 767 1277 811 quod ens, &c. i. vt dicamus in aliquo,
764 805 1269 853 quod habet aliquam essentiam, quod in eo
768 844 1271 889 non est aliquod additum essentiae. id est quod
771 880 1267 934 ens non est geneus illi. & hoc intende¬
773 919 1275 960 bat cum dixit aliquod. D.d. & ideo
768 958 1275 998 in definitionibus, &c. idest. Et dixit
767 996 1268 1049 hoc, quia ista genera altissima, sunt
762 1037 1267 1076 simplicia, cum non habeant genera,
767 1077 1265 1115 definitiones vero sunt compositorum,¬
784 1117 1259 1162 D.d. & illud, quod est per essentiam, &c.
761 1149 1261 1204 idest, & similiter illud, quod significat de
767 1189 1269 1234 finitio scilicet forma, non habet definitio
760 1227 1267 1278 nem: quemandmodum aliquod habet
766 1263 1266 1308 ens scilicet quod ens non est geneus ei. D.d.
764 1304 1262 1355 Et ideo non est aliqua caus alia, &c. i.
770 1344 1263 1386 & ideo illa, quae non habent materiam,
765 1384 1269 1434 non habent causam aliam a se: in hoc, quod
767 1424 1259 1463 sunt vnum, & in hoc quod sunt ens, econ¬
767 1461 1260 1511 trario eis, quae sunt in materijs. per for
760 1509 1269 1553 mas enim fiunt composita ex forma
764 1540 1258 1578 & mam vnum, & alsquid ens. D.d. quoniam
766 1577 1258 1629 vnunquodque eorum statim, &c. i. quoniam
764 1615 1259 1666 vnunquodque eorum ex se est aliquod
772 1658 1258 1698 vnum, & aliquod ens scilicet quod non est vnum
766 1700 1256 1738 ex alio, neque: ens ex altero. & hoc in
764 1733 1256 1770 tendebat, cum dixit, statim, transum
760 1772 1257 1822 ptiue. D.d. non quia sunt in ente &
761 1810 1269 1866 in vno, sicut illa, quae sunt in genere.
