1475 2066
230 140 736 208 Et quae istarum potentiarum dici¬
230 191 743 250 tur aequiuoce, dimittatur. Quaedam
234 239 743 306 enim dicuntur per aliquam simili
240 285 736 338 tudinem, sicut dicitur in Geometri.
232 336 738 395 potentia, & non potentia esse quo¬
241 385 736 442 quo medo, aut aliqua attributio¬
230 434 743 482 ne. Oomnia aut, quae dicutur per at
239 480 729 531 tributionem ad eandem formam
238 529 738 586 sunt aliqua principia, & attribu¬
241 575 737 644 untur potentia ad vnum principium
245 620 735 688 & est illud, quod est principiu tra
235 676 745 735 mutationis in aliud, secundum quod
235 717 741 783 est aliud. Potentia enim passionis,
238 769 735 830 est in ipso passiuo principium tra
237 815 737 875 mutationis passiui ab alio, secundi
241 860 735 922 quod est aliud. habitus vero est po¬
239 909 731 970 tentia, quae non patitur ad illud
241 957 743 1018 quod est perus, aut ad corruptione
243 1004 732 1066 ex alio, secundum quod est aliud
244 1053 745 1115 ex primo transmutante. omnes enim
240 1101 744 1163 istae definitiones habent definitio
240 1150 738 1209 nem primae pot entiae. Et etiam di¬
239 1196 741 1260 cuntur istae potentiae, aut quia agut
247 1253 740 1303 tantum, aut quia patiuntur, aut
237 1292 737 1354 modo bonitatis: ita quod in defini¬
237 1340 737 1399 tionibus istarum etiam sunt defi¬
243 1397 745 1449 nitiones primarum potentiarum
245 1437 741 1494 quo quo modo. Manifestum est igi¬
245 1487 743 1530 tur, quod forte possibile eest vt actio
240 1529 739 1587 & passio sint vna potentia. Hici¬
242 1573 742 1635 tur enim quod potentia est eius, cuius
245 1620 739 1683 est potentia passionis, & alterius
237 1668 738 1730 per illud v& forte erit sicut alia
236 1716 743 1778 Quaedam enim est in passiuo. passiuu. enim
240 1765 745 1826 patitur, quia habet aliquod princi¬
236 1812 741 1874 pium, & quia materia est princi¬
772 141 1288 202 pium, & etiam illud habet aliud
768 190 1273 256 ex alio. vnctuosum enim comburi¬
775 237 1277 310 tur. obedies enim quo quo modo dif¬
773 288 1277 347 soluitur. & alia similiter. Et quae¬
770 336 1271 394 dam sunt in acente, vt in carpen¬
765 373 1275 443 tario, & aedificatore, quaedam enim
767 434 1279 490 sunt in carpentario, & alia in aedi
770 479 1259 539 ficatore. Et ideo sunt insimul, &
769 525 1265 586 nihil patitur per se, auia est vnum
769 568 1273 634 & non est aliud. Illud enim quod
774 620 1265 685 non est potentia, & non habet po¬
771 669 1276 734 tentiam, & quod est contrarium
769 717 1264 782 tali potentiae, est priuatio. ergo po¬
773 765 1275 826 tentia est eiusdem, & idem no pot.
809 836 1273 891 Dicit: Quoniam vero in aliquo esse po¬
774 877 1275 929 tentia ad recipiendum aliquod, & in
771 917 1270 969 aliquo esse potentia ad agendum ali¬
777 957 1271 1001 quid dicuntur multipliciter, declaratum
772 1004 1272 1045 est vbi distinximus secundum quot modos
775 1032 1277 1085 dicuntur potentiae passiuae & actiuae. scilicet in
770 1071 1274 1122 Quinto instius libri. D.d. Et quae istarum
773 1116 1277 1154 rerum, &c. i. & quae istarum rerum
773 1154 1269 1198 dicitur de eis hoc nomen potentia tran¬
773 1188 1271 1227 sumptiue, & de quibus dicitur secundum simili
769 1224 1271 1265 tudinem, vt dicitur in Geometria, quod ta¬
770 1265 1268 1314 lis finea potest in talem superficiem. v. g.
778 1301 1263 1352 quod diameter potest duo quandrata duo
772 1345 1268 1391 rum laterum. Et intendit per hoc, quod
775 1380 1269 1434 quadratum diametri valet duo qua
776 1420 1272 1470 drata. & hoc dictum est, non quia li
770 1458 1277 1498 nea est quandratum, sed exitus eius
769 1497 1275 1546 de potentia ad actum, non est per trans¬
769 1533 1271 1578 mutationem. & hoc intendebat, cum
772 1572 1268 1622 d. esse quo quo modo. i. & dicitur, quod li¬
775 1613 1273 1661 neae, & superficies habent potentias
770 1653 1279 1689 aut non potentias, quia assimilantur,
772 1688 1276 1742 potentijs quoquo modo, aut quia at¬
772 1728 1275 1778 tribuuntur eis quo quo modo. Et,
773 1766 1271 1818 cum d. modum, secundum quem dicitur hoc no¬
777 1805 1277 1858 men potentia transumptiue, induxit
