1475 2066
214 140 720 187 modum, secundum quem dicitur in rei veritate
225 180 713 218 & d. Oima autem, &c. i. omnia vero, de quibs
229 220 719 258 dicitur hoc nomen potentia, quia attribuu
221 263 720 305 tur ei potentiae, quae est causa in aliis, ist
220 294 720 346 potentiae sunt principia entium ge¬
220 333 731 378 nerabilium, & corruptibilium, & sunt
231 373 725 423 attributae eidem potentiae, quae est prin¬
222 409 717 462 cipium omnium entium. Et, cum distin¬
222 448 718 499 xit potentiam, quae dicitur vere ab ea, qua
230 485 719 530 dicitur transum ptiuae, descripsit potentiam
224 525 718 576 actionis & passionis, & dixit: & est i
230 564 713 610 lud, quod est principium transmuta
224 605 721 655 tionis, &c. i. potentia agens est illud
230 645 714 688 quod est principium transmutatio
230 684 720 724 nis in aliud, secundum quod est aliud, non in se
233 715 727 771 cum sit manifestum, quod nihil agit in
230 758 725 802 seipsum. D.d. Potentia enim passionis,
224 798 725 848 &c. i. & ideo potentia passiua est illud,
229 837 728 880 quod recipit transmutationem in se ex
231 876 721 914 alio, secundum quod est aliud, cum etiam sit man¬
230 912 724 967 festum quod nihil patitur a seipso. Et
230 953 720 1005 cum descripsit potentiam actiuam
226 994 721 1044 quae est ex forma, & potentiam pas
229 1031 730 1082 siuam, quae est per materiam, dixit:
230 1066 725 1118 habitus vero est potentia, &c. & inten
227 1108 729 1162 dit per potentiam, formam. i. quod forma
232 1145 726 1199 non patitur secundum quod est forma a primo
222 1185 725 1235 transmutante essentialiter, sed pati¬
225 1226 723 1266 tur per accidens. & ideo transmutatio
232 1262 728 1306 eius non est prima transmutatio, secundum
234 1300 723 1355 quod est forma in passiuo, scilicet in materia.
232 1345 726 1378 & ideo formae, quae non sunt in materia
230 1377 722 1430 non patiuntur essentialiter, aut acci
231 1417 718 1458 dentaliter. Et d. ad peius, aut ad corru
234 1458 722 1506 ptionem, quia omne, quod patitur
233 1506 718 1538 aut patitur ad peius, aut ad corru
232 1542 720 1585 ptionteni. & d. ex alio, quia nihil pa¬
232 1581 721 1618 titur ex se. D.d. omnes enim istae defin
228 1612 724 1658 tiones, &c. i. istae potentiae non dicunt
230 1661 721 1699 aequiuoce, quia omnes habent definitio
222 1700 723 1744 nem primae potentiae. Et intendit quod
230 1729 725 1783 cum consyderatum fuerit de istis po¬
222 1780 726 1823 tentiis in vtroque genere, videntur,
214 1814 727 1867 attribui primae potentiae. * n defini
750 148 1248 186 tione enim omnis potentiae passiue
757 181 1251 229 accipitur potentia primae materiae:
759 220 1255 258 & similiter in definitione omnis poten
758 261 1248 298 tiae actiuae accipitur definitio actioni
752 294 1251 342 primae formae, quae est definitio primae
748 333 1245 386 formae, quae est absoluta a materia. Et
750 374 1246 422 quia definiuit potentias actiuas &
758 411 1252 462 passiuas, dixit: Et etiam dicuntur istae poten¬
749 447 1245 491 tiae, &c. i. d. hoc nomen potentiadi
757 488 1253 530 de potentiis actiuis & de potentiis
748 526 1244 578 passiuis. & dicitur de actiuis, quae sunt be
755 562 1254 610 nae actionis, & de passiuis, quae sunt
757 604 1243 655 bonae passionis. D.d. Manifestum est igi
748 644 1254 682 tur, quod forte, &c. i. & forte est possibi
753 677 1250 723 le, vt potentiae actiuae & passiuae ab
749 718 1243 762 eis sunt in eodem. existimatur enim
756 759 1257 802 quod potentia, quae est alterius scilicet potentia,
754 797 1257 848 quae est in agente, est eius, cuius est
759 833 1257 886 potentia passionis. v. g. illud, quod mo
756 877 1257 914 uetur in loco per se. alteratio autem
756 912 1244 966 & generatio existimatur esse vere
756 953 1257 1005 vt principium actionis sit in eis in
754 988 1251 1034 subiecto aliquo alio a subiecto poten
759 1030 1255 1074 tiae passiuae. D.d. & forte erit sicut
752 1076 1254 1123 alia, &c i. & forte potentia agentis
759 1109 1253 1158 erit in alio ab eo, in quo est potentia
756 1145 1240 1194 passionis. in quibusdam enim reb
760 1185 1253 1232 potentia actiua erit in ipso passiuo,
756 1223 1249 1275 & in quibusdam in alio. D.d. passi
758 1269 1247 1315 uum enim patitur, &c i. passiuum enim
754 1302 1255 1352 patitur secundum quod habet principium, quod
760 1348 1255 1390 differt ab ipso, quod extrahit ipsum
758 1373 1255 1422 de potentia ad actum. Et intendit,
752 1420 1258 1470 quod non est necesse vt hoc principium
755 1456 1257 1498 sit in subiecto diuerso a subiecto, in
754 1498 1230 1538 quo est potentia passionis in loco¬
760 1539 1258 1578 D.d. & quia materia, &c i. &, da ma
755 1572 1253 1618 teria est etiam principium passionis
761 1613 1256 1666 est necesse vt aliquid sit ab aliquo:
761 1652 1252 1706 vt generatio ignis ab oleo, & rebus
764 1688 1252 1734 vnctuosis est dissolutio partium rei
752 1732 1259 1770 obedientis in illa, in qua dissoluitur.
755 1770 1254 1821 Deinde d. Et quaedam sunt in agen
749 1800 1262 1867 te, &c. i. & potentia actiua alia est in
