1475 2066
233 149 745 202 &, cum sit manifestum, quod quaedam po
240 191 733 234 tentiae actiuae sunt potentiae in reb
248 229 749 274 non animatis, & quaedam sunt potentiae in
245 277 737 317 rebus animatis scilicet in habentibus compre
245 309 744 347 habesionem & rationem, manifestum est
246 347 740 392 quod potentiarum quadam sunt cum defi¬
246 388 749 426 nitione & ratione, & quaedam sine defini
250 428 738 465 tione & ratione. D.d. Et ideo omnia a
249 462 747 517 tificia, &c. i. &, quia potentiae actiuae
244 501 746 541 sunt rationales, ideo omnia artificia &
248 540 750 591 scientiae non sunt potentiae, quia agunt
248 581 744 626 in alia, secundum quod sunt alia. Et d. hoc, quida
248 614 741 658 haec est definitio potentiarum acti¬
252 654 749 699 uarum secundumpliciter. D.d. Et omnia, quae sunt,
243 694 737 739 cum definitione, &c. i. & omnes potentie
249 734 739 785 qua sunt cum ratione, agunt duo con
243 773 747 815 traria. D.d. sed non sicut vnum vnius,
244 810 745 853 &c. i. & istae potentiae, quae habent rationem,
248 852 744 901 non agunt alterum contrariorum
248 893 741 931 tantum, sicut est dispositio in potentiis cas
250 926 745 978 rentibus ratione. calidum enim agit calo
246 968 742 1011 rem, & non agit alterum contrarium,
253 1005 749 1057 ilcet sigus. Potentiae enim rationales agunt
250 1042 737 1083 duo contraria insimul, v.g. ars Me
250 1079 737 1122 dicinae, quae agit sanitatem, & infirmi
249 1124 741 1162 tatem. D.d. Et causa in hoc est, &c.
246 1158 736 1211 i. & causa in hoc est, quia istae poten
246 1197 747 1249 tiae agunt per scientiam, & scientia est quorum
248 1242 743 1288 contrariorum secundum imaginationem &
244 1273 742 1314 definitionem, & definitio alterius conm
245 1317 736 1362 trariorum intelligitur in respectu relis
248 1351 750 1394 contrarii. sed hoc non habet eodem
246 1395 746 1434 modo. D.d. & forte erit possibile, &c. i.
250 1430 743 1479 quoniam forte est possibile vt potentiae
247 1476 741 1523 agant duo contraria, & forte aguntm
246 1516 735 1561 alterum contrarium in maiori par
245 1544 751 1594 te. D.d. ergo necesse est, &c. i. quoniam, cum
244 1585 748 1640 istae potentiae agunt ab intellectu &
246 1621 748 1674 scientia: & scientia est contrariorum: ergo sciet
244 1663 741 1714 duo contraria insimul: ergo neces¬
242 1700 751 1752 se est vt agat contraria. D.d. & vt sint
247 1741 743 1790 quorundam per se, &c. i. & vt agere
241 1776 745 1818 contraria sit quorundam per se, & quo¬
249 1820 751 1858 rundam per accidens, & quorundam
776 148 1295 194 alterum contrariorum erit essentia
776 193 1275 235 liter, & alterum per accidens. D.d. per acci
773 237 1280 282 dens igitur, &c. i &, cum aliquis artifex
777 269 1275 318 non intellexerit de priuatione nisi
777 312 1273 359 negationem tantum: tunc non intelliget al¬
772 345 1270 386 terum contrariorum nisi per accidens,
776 384 1275 435 & ideo qui talem habet dispositionem,
781 425 1273 475 non intelliget naturam contrarii. ve¬
780 462 1283 506 rum enim contrarium est priuatio. &
774 501 1279 550 hoc intendebat, cum dixit: priuatio
781 540 1185 579 enim prima est contrarium.
816 596 1271 650 Sed, quoniam contraria non fiunt
774 639 1270 691 in eodem, scientia vero potentia, eo
776 682 1274 735 quod habet rationem, anima quoque mo¬
781 725 1275 770 tus principium habet (salubre
782 771 1275 814 quidem. sanitatem solum facit, &
772 805 1275 863 calefactiuum caliditatem, & fri¬
773 848 1267 898 gefactiuum frigiditatem, sciens au¬
777 891 1279 938 tem ambo. ratio enim amborum qui
778 930 1274 986 dem est, non tamen simiter, & in anima, quae
778 973 1274 1018 motus principium habet) ambo
776 1017 1273 1066 profecto ex eodem mouebit prin¬
780 1056 1275 1111 cipio, ad idem coniungens. Qua¬
780 1108 1280 1138 re quae secundum rationem potentia sunt
778 1141 1280 1185 contraria his faciunt, quae absque
781 1181 1277 1230 ratione potentia sunt. vnum namque
772 1221 1272 1274 principium continetur ratione. Ma
775 1261 1272 1306 nifestum autem est quod & ipsius be¬
773 1308 1295 1349 ne potentiam sequitur solius facien
773 1349 1282 1399 di aut patiendi potentia: hanc ve
778 1389 1275 1434 ro illa non semper. qui enim bene fa¬
779 1428 1273 1480 cit, necesse est vt etiam faciat: quo¬
777 1470 1279 1515 vero solum facit, non necessario
776 1514 980 1554 & bene facit.
823 1564 1277 1626 Et scientia est potentia, secun¬
774 1613 1283 1675 dum quod habet rationem. & ani
773 1660 1273 1723 ma habet principium motus etiam,
773 1709 1281 1770 quoniam arinma sanans facit sani
778 1756 1281 1819 tatenm, & calefaciens calorem, et
781 1804 1276 1867 insfrigidans frigus, scientia uero fa¬
