1475 2066
192 139 717 195 Quare contingit possibile quidem
208 188 709 235 esse aliquid, non esse autem: & pos¬
208 223 718 266 sibile non esse, esse vero. similiter autem
210 269 705 314 in caeteris quoquid praedicamentis
216 316 704 363 quicquam possibile ambulare, non
207 349 713 394 autem ambulare: & possibile non
208 390 707 435 ambulare, ambulare. Hoc autem
204 430 692 476 possibile est, cui si illius insit actus
208 473 699 515 cuius potentiam habere dicitur
210 514 703 567 nihil impossibile erit. dico autem vt si
204 556 706 603 possibile sedere est: vt sedere con¬
208 605 701 642 tingit, huic si extiterit ipsum se
214 644 711 682 dere, nil impossibile erit. etsi moueri
212 683 699 734 quicquam, aut mouere, aut stare
207 722 706 770 aut sisti, aut esse, aut fieri, aut non
212 763 708 810 esse, aut non fieri: similiter Nomen ve¬
207 813 707 850 ro actus, qui ad perfectionem an¬
204 849 704 899 nectitur, aduenit etiam in aliis, ma
210 892 715 938 xime ex motibus. vniversale etenim ma
210 937 713 983 xime motus actus esse. Quare non
206 972 705 1019 entibus non attribuunt ipsum mo
204 1022 716 1060 ueri, sed alias quasdam praedica
207 1055 705 1107 tiones, vt puta intelligibilia, &
204 1100 705 1146 desyderabilia esse ipsa non entia,
206 1140 709 1186 non autem mota. hoc autem quia cum
200 1183 710 1226 non sint actu, erunt actu. non entium
208 1228 709 1267 enim quaedam potentia sunt, non au
206 1268 647 1306 tem sunt, quoniam actu non sunt.
251 1309 712 1375 Ergo possibile est, vt aliquid ha
201 1357 710 1427 beat potentia ad esse, sed non est: et
207 1408 705 1478 vt non sit illud, quod non habet po¬
201 1457 707 1522 tentiam. & similiter in aliis praedi¬
205 1505 701 1554 camentis illud, quod non habet po¬
205 1553 703 1610 tentiam ad ambulare, non ambula¬
202 1601 708 1650 bit, & illud, quod ambulat habet
202 1649 703 1706 potentiam ad ambulationem. Potens
204 1697 703 1754 enim est illud, quod, cum habet il¬
194 1741 694 1810 lud, agit in quod dicitur posse: &
203 1793 702 1859 nihil erit quod non habet potetiam.
750 140 1263 203 verbi gratia si potest sedere cum
744 188 1244 234 venit ad hoc sedere, nihil erit ad
736 237 1246 298 quod non potest. & si moueatur aut
734 285 1243 343 mouebit, aut erigatur, aut erigat,
743 332 1239 393 aliud aut est, aut erit, aut non est,
736 378 1241 443 cut non erit, similiter etiam magis.
732 425 1241 482 Et hoc nomen acfio non venit, nisi
740 473 1238 539 illius, quod cum potentiae complemento,
745 520 1243 579 & cum aliis et magis ex motibus.
734 569 1242 635 existimatur enim magis quod actio
738 617 1238 666 est motus. Et similiter no attribuus
733 661 1247 722 motum eis, quae non sunt, sed attri¬
738 709 1263 770 buunt illud pradicamentis aliis, vt
739 757 1239 820 dicuntur quae non sunt esse cogita¬
733 804 1231 869 bilia, aut appetibilia, mobilia ve¬
738 853 1235 915 ro non. & illud est, ne sint in actu,
746 901 1247 963 cum non sint in actu. quaedam enim
742 957 1235 1011 non sunt in potentia, & non sunt
740 997 1185 1059 quia non sunt in complemento,
774 1067 1244 1118 Idest, sequitur igitur ex hoc, quod pos¬
742 1101 1241 1148 sibile est vt aliquid habeat potentiam,
740 1145 1240 1186 vt sit ens demonstratum, sed in tempore, in
740 1181 1240 1235 quo habet potentiam, est non ens,
756 1218 1243 1274 D.d. & vt non sit illud, quod non ha
733 1261 1247 1298 bet potentiam, &c. i. & vt non fiat il
732 1300 1239 1338 lud, quod non habet potentiam. Et in
732 1348 1238 1392 alia translatione: Ergo possibile est vt
736 1375 1243 1426 aliquid sit, cum non sit ens, & impos¬
734 1413 1243 1458 sibile est vt non sit & sit. i. ergo possibile
734 1461 1249 1498 est in re, quae non est, vt sit, cum fuerit
741 1493 1245 1544 non ens, sed est possibile vt non sit, & erit
740 1532 1238 1580 post. D.d. & similiter in aliis praedicamen¬
740 1569 1237 1610 tis, &c. i. & similiter est in vnoquoque prae¬
743 1608 1247 1659 dicamentorum scilicet quod illud, quod non ha
742 1647 1251 1698 bet potentiam ad aliquod eorum, non di
740 1685 1245 1737 sponitur per illud, ad quod non potest.
744 1725 1249 1777 v. g. in praedicamento actionis: quoniam
740 1767 1255 1813 quod non potest ambulare, impossibile est
741 1811 1250 1858 vt in aliqua hora ambulet. D.d. &
