1475 2066
224 124 733 181 illud, quod ambulat, habet potentiam
235 168 739 212 ad ambulationem. i. & omne, quod est ad ali¬
238 206 736 252 quid, habet potentiam ad illud. D.d.
240 248 740 290 nihil erit, quod non habet potentiam,. i.
240 284 736 338 manifestum est igitur, quod nulla actio
236 325 738 374 prouenit ab aliquo, quod non habet
237 365 735 410 potentiam ad illam actionem. D.d exen¬
232 403 735 452 olum, & d. v. g. &c. i. v. g. quod, si aliquis
239 435 741 482 habet potentiam ad sedendum, illud est
240 476 728 529 possibile vt sedeat. & hoc, quando sedet,
245 517 737 569 non agit actionem, ad quam non habe
243 557 737 606 bat potentiam, sed agit illud, ad quod ha
238 597 729 641 bebat potentiam. Et intendit, quod quae
239 637 737 686 rendum est a negantibus potentiam
236 672 733 724 praece. lere actionem scilicet quod, quando aliquis agit
224 710 729 754 aliquam actionem, vtrum agat illud,
228 749 723 802 ad quod habebat potentiam ante actio
238 789 735 839 nem, aut ad quod non habebat poten¬
238 828 729 878 tiam: si ad quod non habebat potentiam
237 869 732 921 ergo agit impossibile sibi, & illud,
236 910 737 961 ad quod potest: ergo concedunt poten
242 948 731 998 tiam praecedere actionem. Moderni
240 985 730 1027 autem ponunt vnum agens omnia entia si¬
243 1022 735 1069 ne medio scilicet Deum. & contingit istis,
240 1069 723 1106 vt nullum ens habeat actionem pro
248 1103 731 1145 priam naturaliter. &, cum entia non ha
241 1144 731 1186 buerint actiones proprias, non ha¬
249 1180 734 1226 bebunt essentias proprias. actiones
244 1220 743 1266 enim non diuersantur nisi peressentias
240 1261 737 1307 diuersas. Et ista opinio est valde ex¬
241 1303 739 1353 tranea a natura hominis: &, qui re¬
242 1346 736 1389 cipiunt huiusmodi, non habent cerebrum
239 1380 732 1419 habilitatum naturaliter ad bonum
238 1421 724 1458 D.d. Et si moueatur, &c. i. &, si quid
232 1461 726 1506 quid mouetur, aut mouet, aut ele¬
244 1497 738 1540 uet, aut eleuetur, aut est, aut erit, non
238 1542 739 1581 disponitur per aliquid istorum, nisi illud,
234 1577 731 1628 quod habet potentiam ad illud, scilicet quod non
238 1613 729 1666 dicitur aliquid moueri, nisi quiand ha¬
241 1652 729 1702 bet potentiam ad illud: & similiter
237 1693 728 1738 non dicitur eleuare aut eleuari, nis
228 1740 728 1782 illud, quod potest haec: & similiter non
236 1773 731 1823 dicitur esse, aut fore, nisi illud, quod po¬
232 1808 735 1850 test esse, aut fore. D.d. aut non erit, &c.
766 132 1286 174 i. & similiter cum dicitur aliquid non esse,
767 166 1264 221 aut non facere aliquid, dicitur quod non
767 205 1271 249 habet potentiam ad illud. D.d. Et
771 244 1275 297 hoc nomen actio, &c. i. & illa, quae¬
768 284 1269 333 sunt composita ex complemento, et
772 321 1258 371 potentia, non dicuntur esse actio
769 361 1269 403 quando mouentur. Existimatur enim quod il¬
767 397 1265 450 lud, quod est in actu, est mobile, & quod
767 439 1273 483 nmotus est actio, illa autem quae non mo
768 479 1267 515 uentur, non dicuntur esse actus: vt intel
766 516 1263 568 ligibilia, & voluntabilia. non enim di¬
765 561 1265 594 cuntur esse simpliciter, sed esse in ani¬
767 594 1263 646 ma, & in cognitione. Et hoc inten¬
769 637 1261 673 debat, cum d. Et similiter non attri¬
767 671 1257 715 buunt, &c. i. v. g. quod entia, quae non sunt
764 710 1255 754 extra animam, non dicuntur esse sim
765 749 1255 796 pliciter, sed dicuntur esse in anima
769 787 1258 841 cogitatiua, aut anima appetitiua: sed
767 829 1259 867 non dicuntur entia, sicut dicuntur res
765 864 1251 906 mobiles. D.d. & illud est, ne sint in
767 903 1251 954 actu, &c. i. & illud, quod est in potentia,
766 950 1259 991 non dicitur esse, quia entia in aspectu pri¬
763 988 1257 1026 mo sunt illa, quae mouentur in actu,
771 1023 1263 1064 Et induxit hoc ad declarandum cau¬
769 1062 1264 1116 sam latentiae, propter quam hoc no
763 1104 1269 1150 men ens non dicitur simpliciter apud
768 1140 1257 1194 vulgus de eo, quod est in potentia,
770 1180 1107 1219 & sit in anima in actu.
789 1237 1245 1282 Contra ponentes omnia possibilia. Ca. 8.
774 1301 1268 1346 Tautem possibile est quod
832 1343 1260 1396 dictum est: quatenus sequi
836 1388 1267 1437 tur, manifestum, est quod non
764 1428 1269 1480 potest verum esse dicere, quod pos¬
771 1471 1267 1514 fibile quidem est hoc, non tamen erit.
766 1509 1253 1566 alioqui quaenam impossibilia sint
770 1556 1258 1612 hoc modo fugiunt nos. dico au¬
760 1597 1253 1642 tem, vt si quis dicat posse dia¬
758 1644 1264 1682 metrum commensurari, non ta
767 1692 1265 1730 men commensurabitur, non co¬
764 1725 1258 1778 gitans quidnam impossibile sit:
763 1766 1257 1818 quia nihil prohibet aliquid, pos¬
756 1813 1242 1850 sibile existens aut esse aut fieri
