<?xml version="1.0" encoding="UTF-8" standalone="yes"?>
<PcGts xmlns="http://schema.primaresearch.org/PAGE/gts/pagecontent/2013-07-15" xmlns:xsi="http://www.w3.org/2001/XMLSchema-instance" xsi:schemaLocation="http://schema.primaresearch.org/PAGE/gts/pagecontent/2013-07-15 http://schema.primaresearch.org/PAGE/gts/pagecontent/2013-07-15/pagecontent.xsd">
    <Metadata>
        <Creator>prov=University of Rostock/Institute of Mathematics/CITlab|PLANET AI GmbH/Gundram Leifert/gundram.leifert@planet-ai.de:name=cod-AAssXX-m2(htr_id=27673)::::v=2.6.7
prov=University of Rostock/Institute of Mathematics/CITlab|PLANET AI GmbH/Tobias Gruening/tobias.gruening@planet-ai.de:name=de.uros.citlab.module.baseline2polygon.B2PSeamMultiOriented:v=2.6.7
prov=University of Rostock/Institute of Mathematics/CITlab|PLANET AI GmbH/Tobias Gruening/tobias.gruening@planet-ai.de:name=/net_tf/LA73_249_0mod360.pb:de.uros.citlab.segmentation.CITlab_LA_ML:v=2.6.6
Transkribus</Creator>
        <Created>2020-10-30T08:03:38.192-04:00</Created>
        <LastChange>2020-11-20T17:30:32.016+01:00</LastChange>
        <TranskribusMetadata docId="528931" pageId="22410888" pageNr="470" tsid="49374055" status="IN_PROGRESS" userId="25065" imgUrl="https://files.transkribus.eu/Get?id=YHZWEATPPCUIEISOAZVYJEHT&amp;fileType=view" xmlUrl="https://files.transkribus.eu/Get?id=EMESLVKVBFYUSVEOHRPJDFUK" imageId="17470269"/>
    </Metadata>
    <Page imageFilename="Averroes_Metaphysica_JuntSecunda_08-0470.jpg" imageWidth="1475" imageHeight="2066">
        <ReadingOrder>
            <OrderedGroup id="ro_1605972777913" caption="Regions reading order">
                <RegionRefIndexed index="0" regionRef="TextRegion_1604603854509_1498"/>
                <RegionRefIndexed index="1" regionRef="TextRegion_1604603854509_1497"/>
            </OrderedGroup>
        </ReadingOrder>
        <TextRegion orientation="0.0" id="TextRegion_1604603854509_1498" custom="readingOrder {index:0;}">
            <Coords points="213,94 739,94 739,1882 213,1882"/>
            <TextLine id="line_1604603819556_1464" custom="readingOrder {index:0;}">
                <Coords points="208,170 720,178 727,124 668,149 337,132 304,150 239,125 209,133"/>
                <Baseline points="213,162 233,163 260,164 287,164 314,165 341,165 368,166 395,166 422,166 450,166 477,167 504,167 531,167 558,167 585,167 612,167 639,168 666,168 693,168 721,168"/>
                <TextEquiv>
                    <Unicode>bilis. D. incoepit dicere hoc, &amp; d. Si</Unicode>
                </TextEquiv>
            </TextLine>
            <TextLine id="r3l4" custom="readingOrder {index:1;}">
                <Coords points="226,225 282,209 466,213 481,226 587,211 698,227 723,212 723,180 563,180 545,194 525,173 433,186 393,170 347,189 227,173"/>
                <Baseline points="231,203 256,203 282,204 307,204 333,204 359,205 384,205 410,206 436,206 461,206 487,207 512,207 538,207 564,207 589,207 615,207 641,207 666,207 692,207 718,206"/>
                <TextEquiv>
                    <Unicode>igitur non fuerit possibile, &amp;c. i. si ergo</Unicode>
                </TextEquiv>
            </TextLine>
            <TextLine id="r3l6" custom="readingOrder {index:2;}">
                <Coords points="221,250 723,257 717,214 702,228 644,214 221,221"/>
                <Baseline points="226,245 251,245 277,245 303,245 329,245 355,245 381,245 407,245 433,246 459,246 484,246 510,246 536,246 562,246 588,246 614,246 640,246 666,246 692,245 718,244"/>
                <TextEquiv>
                    <Unicode>conclusio, quae est pin, non fuerit pos¬</Unicode>
                </TextEquiv>
            </TextLine>
            <TextLine id="r3l10" custom="readingOrder {index:3;}">
                <Coords points="218,289 516,287 600,307 624,289 683,303 727,290 727,259 218,254"/>
                <Baseline points="223,283 249,283 275,283 301,284 328,284 354,284 380,285 406,285 433,285 459,285 485,285 511,285 538,286 564,286 590,286 616,286 643,285 669,285 695,285 722,285"/>
                <TextEquiv>
                    <Unicode>sibilis, &amp; est conclusio syllogismi pos¬</Unicode>
                </TextEquiv>
            </TextLine>
            <TextLine id="r3l11" custom="readingOrder {index:4;}">
                <Coords points="220,328 469,328 514,345 558,322 679,342 724,330 724,293 677,308 220,293"/>
                <Baseline points="225,323 251,323 277,323 303,323 329,323 355,323 381,324 407,324 433,324 459,324 485,324 511,325 537,325 563,325 589,325 615,325 641,325 667,325 693,325 719,324"/>
                <TextEquiv>
                    <Unicode>sibilis scilicet A, ponatur quod pr sit non pos</Unicode>
                </TextEquiv>
            </TextLine>
            <TextLine id="r3l13" custom="readingOrder {index:5;}">
                <Coords points="221,370 725,370 713,333 677,345 641,333 621,353 591,333 514,345 221,333"/>
                <Baseline points="226,363 252,363 278,363 304,363 330,363 356,363 382,364 408,364 434,364 460,364 486,364 512,364 538,363 564,363 590,363 616,363 642,363 668,363 694,363 720,363"/>
                <TextEquiv>
                    <Unicode>sibile scilicet falsum impossibile. D.d. si</Unicode>
                </TextEquiv>
            </TextLine>
            <TextLine id="r3l16" custom="readingOrder {index:6;}">
                <Coords points="220,410 239,422 315,406 393,419 722,410 713,374 314,383 220,370"/>
                <Baseline points="225,401 250,401 276,401 302,402 328,402 354,402 380,402 406,403 432,403 458,403 483,403 509,403 535,403 561,403 587,403 613,403 639,403 665,402 691,402 717,401"/>
                <TextEquiv>
                    <Unicode>igitur A est possibile. i. ponatur igi¬</Unicode>
                </TextEquiv>
            </TextLine>
            <TextLine id="r3l18" custom="readingOrder {index:7;}">
                <Coords points="217,446 632,459 650,446 729,451 729,410 217,422"/>
                <Baseline points="222,441 247,441 272,441 297,441 322,441 347,441 372,441 397,441 422,442 447,442 473,442 498,442 523,442 548,443 573,443 598,443 623,442 648,442 673,442 698,441 724,440"/>
                <TextEquiv>
                    <Unicode>tur, quod A est possibile, &amp; pn impossibi</Unicode>
                </TextEquiv>
            </TextLine>
            <TextLine id="r3l20" custom="readingOrder {index:8;}">
                <Coords points="226,490 721,490 721,460 655,448 625,461 274,452 260,465 226,449"/>
                <Baseline points="231,482 256,482 282,482 307,482 333,481 358,481 384,481 409,481 435,481 460,481 486,481 511,481 537,481 562,481 588,481 613,481 639,482 664,482 690,482 716,482"/>
                <TextEquiv>
                    <Unicode>le. D.d. cum igitur fuerit possibile,</Unicode>
                </TextEquiv>
            </TextLine>
            <TextLine id="r3l22" custom="readingOrder {index:9;}">
                <Coords points="216,519 251,531 721,530 721,493 666,489 565,503 538,487 462,501 216,496"/>
                <Baseline points="221,519 247,519 273,519 299,520 325,520 351,520 377,520 403,520 429,520 455,520 481,520 507,519 533,519 559,519 585,519 611,519 637,519 663,519 689,519 716,519"/>
                <TextEquiv>
                    <Unicode>&amp;c. i. si A fuerit possibile, &amp; fuerit po</Unicode>
                </TextEquiv>
            </TextLine>
            <TextLine id="r3l24" custom="readingOrder {index:10;}">
                <Coords points="215,566 558,565 582,578 634,559 717,563 717,532 477,543 432,530 402,544 340,529 306,544 235,527 215,539"/>
                <Baseline points="220,559 245,559 271,559 297,559 323,559 349,559 375,559 401,559 427,559 453,559 478,559 504,559 530,559 556,559 582,559 608,559 634,559 660,559 686,559 712,558"/>
                <TextEquiv>
                    <Unicode>situm esse in actu, continget vt con</Unicode>
                </TextEquiv>
            </TextLine>
            <TextLine id="r3l26" custom="readingOrder {index:11;}">
                <Coords points="223,603 324,602 336,614 401,601 426,614 441,601 552,602 569,615 587,602 709,602 709,572 223,573"/>
                <Baseline points="228,598 253,598 278,597 303,597 328,597 353,597 378,597 403,597 428,597 453,597 478,597 503,597 528,597 553,597 578,597 603,597 628,597 653,597 678,597 704,596"/>
                <TextEquiv>
                    <Unicode>clusio, quae sequitur ex ipso, sit im</Unicode>
                </TextEquiv>
            </TextLine>
            <TextLine id="r3l28" custom="readingOrder {index:12;}">
                <Coords points="220,652 710,642 718,604 685,616 496,605 448,621 352,605 220,614"/>
                <Baseline points="225,635 250,635 276,636 302,636 327,636 353,636 379,637 404,637 430,637 456,636 481,636 507,636 533,636 558,636 584,636 610,636 635,636 661,636 687,636 713,636"/>
                <TextEquiv>
                    <Unicode>possibilis: ergo A est impossibile non</Unicode>
                </TextEquiv>
            </TextLine>
            <TextLine id="r3l30" custom="readingOrder {index:13;}">
                <Coords points="228,687 627,678 669,696 716,682 716,645 649,644 624,661 574,645 228,653"/>
                <Baseline points="233,674 258,674 283,674 308,674 333,674 358,674 383,674 409,674 434,675 459,675 484,675 509,675 534,675 560,675 585,675 610,675 635,675 660,675 685,674 711,674"/>
                <TextEquiv>
                    <Unicode>possibile: sed positum fuit A esse post</Unicode>
                </TextEquiv>
            </TextLine>
            <TextLine id="r3l32" custom="readingOrder {index:14;}">
                <Coords points="225,722 637,717 661,731 719,719 719,685 632,701 572,683 225,689"/>
                <Baseline points="230,714 255,714 280,713 306,713 331,713 357,713 382,713 408,713 433,714 459,714 484,714 510,714 535,714 561,714 586,713 612,713 637,713 663,713 688,713 714,713"/>
                <TextEquiv>
                    <Unicode>sibile. &amp; hoc est inconveniens, quoniam e</Unicode>
                </TextEquiv>
            </TextLine>
            <TextLine id="r3l34" custom="readingOrder {index:15;}">
                <Coords points="220,762 452,771 476,757 587,756 629,770 723,756 723,720 690,733 642,720 600,740 567,724 516,737 392,734 377,721 220,733"/>
                <Baseline points="225,751 250,752 276,752 302,752 328,752 354,753 380,753 406,753 432,753 458,753 484,753 510,753 536,753 562,753 588,752 614,752 640,752 666,752 692,751 718,751"/>
                <TextEquiv>
                    <Unicode>cum non fuerit, non erit A. quoniam post</Unicode>
                </TextEquiv>
            </TextLine>
            <TextLine id="r3l36" custom="readingOrder {index:16;}">
                <Coords points="221,802 727,802 727,762 663,762 642,782 587,758 553,773 221,765"/>
                <Baseline points="226,792 252,792 278,791 304,791 330,791 356,791 382,791 408,791 434,792 460,792 487,792 513,792 539,792 565,792 591,792 617,792 643,792 669,792 695,791 722,791"/>
                <TextEquiv>
                    <Unicode>tum fuit quod, cum a fuerit, erit 8. D.d.</Unicode>
                </TextEquiv>
            </TextLine>
            <TextLine id="r3l38" custom="readingOrder {index:17;}">
                <Coords points="224,839 715,835 715,807 653,797 591,813 224,803"/>
                <Baseline points="229,829 254,829 279,830 304,830 330,830 355,830 380,830 406,830 431,830 456,831 482,831 507,831 532,831 558,831 583,831 608,831 634,830 659,830 684,830 710,830"/>
                <TextEquiv>
                    <Unicode>Cum igitur fuerit A, &amp; s, &amp;c. i. ne</Unicode>
                </TextEquiv>
            </TextLine>
            <TextLine id="r3l39" custom="readingOrder {index:18;}">
                <Coords points="229,874 333,874 353,888 383,873 719,882 719,845 696,837 229,845"/>
                <Baseline points="234,869 259,869 284,869 309,869 335,869 360,869 385,869 410,869 436,869 461,869 486,869 511,869 537,869 562,869 587,869 612,869 638,869 663,869 688,869 714,869"/>
                <TextEquiv>
                    <Unicode>cesse est igitur, si A fuerit possibile,</Unicode>
                </TextEquiv>
            </TextLine>
            <TextLine id="r3l41" custom="readingOrder {index:19;}">
                <Coords points="222,908 321,914 337,928 428,910 458,922 478,910 724,913 724,884 688,877 222,885"/>
                <Baseline points="227,905 252,906 278,906 304,906 330,907 356,907 382,907 408,907 434,907 460,908 485,908 511,908 537,908 563,908 589,907 615,907 641,907 667,907 693,907 719,907"/>
                <TextEquiv>
                    <Unicode>vt per sit possibile, cum fuerint in hac</Unicode>
                </TextEquiv>
            </TextLine>
            <TextLine id="r3l43" custom="readingOrder {index:20;}">
                <Coords points="222,954 653,958 720,953 721,920 655,933 503,913 481,927 425,913 344,928 321,914 295,926 223,916"/>
                <Baseline points="228,944 253,944 279,945 305,945 330,945 356,945 382,945 407,945 433,946 459,946 484,946 510,946 536,946 561,946 587,946 613,945 638,945 664,945 690,945 716,945"/>
                <TextEquiv>
                    <Unicode>dispositione, scilicet quod n sequitur ex A, erunt</Unicode>
                </TextEquiv>
            </TextLine>
            <TextLine id="r3l45" custom="readingOrder {index:21;}">
                <Coords points="224,994 285,983 325,1005 347,989 557,1005 599,990 718,993 718,956 533,964 480,951 453,966 431,952 335,951 224,968"/>
                <Baseline points="229,983 254,983 279,984 305,984 330,984 356,984 381,984 407,984 432,984 458,984 483,984 509,984 534,984 560,984 585,984 611,984 636,983 662,983 687,983 713,983"/>
                <TextEquiv>
                    <Unicode>Ax &amp; n possibilia. scilicet syllogismus &amp; con¬</Unicode>
                </TextEquiv>
            </TextLine>
            <TextLine id="r3l47" custom="readingOrder {index:22;}">
                <Coords points="224,1028 701,1035 713,992 497,1005 347,989 315,1009 282,989 224,998"/>
                <Baseline points="229,1023 254,1023 279,1023 304,1023 329,1023 355,1023 380,1023 405,1023 430,1023 455,1023 481,1023 506,1023 531,1023 556,1023 581,1023 607,1023 632,1023 657,1023 682,1024 708,1024"/>
                <TextEquiv>
                    <Unicode>clusio, cum fuerint posita in hac di</Unicode>
                </TextEquiv>
            </TextLine>
            <TextLine id="r3l49" custom="readingOrder {index:23;}">
                <Coords points="218,1071 459,1064 500,1080 555,1063 712,1066 712,1029 687,1044 656,1032 636,1049 556,1033 218,1029"/>
                <Baseline points="223,1060 248,1060 273,1061 299,1061 324,1061 350,1061 375,1062 401,1062 426,1062 452,1062 477,1062 503,1062 528,1062 554,1062 579,1062 605,1062 630,1062 656,1062 681,1062 707,1062"/>
                <TextEquiv>
                    <Unicode>spositione, scilicet quod pn sequatur ex A. D.d.</Unicode>
                </TextEquiv>
            </TextLine>
            <TextLine id="r3l51" custom="readingOrder {index:24;}">
                <Coords points="226,1108 644,1105 690,1121 712,1105 712,1076 690,1068 644,1080 464,1069 358,1086 226,1073"/>
                <Baseline points="231,1101 256,1101 281,1101 306,1101 331,1101 356,1101 381,1101 406,1101 431,1101 456,1101 481,1101 506,1101 531,1101 556,1101 581,1101 606,1101 631,1101 656,1101 681,1101 707,1100"/>
                <TextEquiv>
                    <Unicode>Si autem A, &amp; B fuerint in hac dispo</Unicode>
                </TextEquiv>
            </TextLine>
            <TextLine id="r3l53" custom="readingOrder {index:25;}">
                <Coords points="214,1143 720,1144 720,1116 634,1105 529,1124 408,1105 214,1113"/>
                <Baseline points="219,1138 245,1138 271,1139 297,1139 323,1139 349,1139 375,1139 401,1139 427,1139 453,1139 480,1139 506,1139 532,1139 558,1139 584,1139 610,1139 636,1139 662,1139 688,1139 715,1138"/>
                <TextEquiv>
                    <Unicode>sitione, &amp;c. i. si autem A, &amp; n fuerint</Unicode>
                </TextEquiv>
            </TextLine>
            <TextLine id="r3l55" custom="readingOrder {index:26;}">
                <Coords points="216,1187 721,1187 721,1166 645,1147 516,1160 460,1146 430,1159 356,1143 332,1158 217,1150"/>
                <Baseline points="221,1176 247,1176 273,1177 299,1177 325,1177 351,1177 377,1177 403,1177 429,1177 455,1178 481,1178 507,1178 533,1178 559,1178 585,1178 611,1178 637,1178 663,1178 689,1178 716,1178"/>
                <TextEquiv>
                    <Unicode>secundum quod positum est de consecutione,</Unicode>
                </TextEquiv>
            </TextLine>
            <TextLine id="r3l57" custom="readingOrder {index:27;}">
                <Coords points="225,1220 422,1235 456,1219 723,1226 723,1187 710,1186 696,1199 537,1189 500,1206 471,1183 442,1198 400,1185 284,1199 225,1188"/>
                <Baseline points="230,1215 255,1215 281,1215 307,1215 332,1215 358,1215 384,1215 409,1215 435,1215 461,1215 486,1216 512,1216 538,1216 563,1216 589,1216 615,1216 640,1215 666,1215 692,1215 718,1215"/>
                <TextEquiv>
                    <Unicode>&amp; pn non fuerit possibile, A estiam non erit, si¬</Unicode>
                </TextEquiv>
            </TextLine>
            <TextLine id="r3l59" custom="readingOrder {index:28;}">
                <Coords points="219,1259 323,1273 351,1259 574,1257 596,1274 610,1260 721,1258 721,1233 679,1222 219,1228"/>
                <Baseline points="224,1253 249,1253 275,1254 301,1254 327,1254 353,1254 379,1254 405,1254 431,1254 457,1254 482,1254 508,1254 534,1254 560,1254 586,1254 612,1254 638,1254 664,1254 690,1255 716,1255"/>
                <TextEquiv>
                    <Unicode>cut est positum. i. non erit possibile¬</Unicode>
                </TextEquiv>
            </TextLine>
            <TextLine id="r3l61" custom="readingOrder {index:29;}">
                <Coords points="220,1298 716,1298 716,1269 662,1261 593,1279 573,1261 372,1272 337,1261 320,1273 298,1260 259,1273 220,1260"/>
                <Baseline points="225,1292 250,1292 276,1293 301,1293 327,1293 352,1293 378,1294 404,1294 429,1294 455,1294 480,1294 506,1294 531,1293 557,1293 583,1293 608,1293 634,1293 659,1293 685,1294 711,1294"/>
                <TextEquiv>
                    <Unicode>Dd. &amp; si A fuerit possibile, &amp;c. i. ma</Unicode>
                </TextEquiv>
            </TextLine>
            <TextLine id="r3l62" custom="readingOrder {index:30;}">
                <Coords points="222,1336 414,1339 434,1354 453,1338 557,1336 589,1353 712,1337 712,1308 248,1300 222,1311"/>
                <Baseline points="227,1331 252,1331 277,1331 302,1331 328,1332 353,1332 378,1332 403,1332 429,1332 454,1332 479,1332 504,1332 530,1332 555,1332 580,1332 605,1332 631,1332 656,1332 681,1332 707,1332"/>
                <TextEquiv>
                    <Unicode>nifestum est igitur ex hoc quod, cum ¬</Unicode>
                </TextEquiv>
            </TextLine>
            <TextLine id="r3l64" custom="readingOrder {index:31;}">
                <Coords points="223,1378 723,1378 715,1341 583,1352 556,1338 438,1357 415,1340 290,1352 223,1341"/>
                <Baseline points="228,1370 253,1370 279,1370 305,1370 331,1370 356,1370 382,1370 408,1370 434,1371 460,1371 485,1371 511,1371 537,1371 563,1372 589,1372 614,1372 640,1371 666,1371 692,1371 718,1370"/>
                <TextEquiv>
                    <Unicode>fuerit possibile, pro necessario erit pos¬</Unicode>
                </TextEquiv>
            </TextLine>
            <TextLine id="r3l66" custom="readingOrder {index:32;}">
                <Coords points="216,1417 714,1417 700,1379 543,1397 459,1374 415,1397 371,1379 216,1382"/>
                <Baseline points="221,1408 246,1408 272,1409 298,1409 323,1409 349,1409 375,1410 400,1410 426,1410 452,1410 477,1410 503,1410 529,1410 554,1410 580,1409 606,1409 631,1409 657,1409 683,1409 709,1408"/>
                <TextEquiv>
                    <Unicode>sibile. &amp;, cum A fuerit, n necessario</Unicode>
                </TextEquiv>
            </TextLine>
            <TextLine id="r3l68" custom="readingOrder {index:33;}">
                <Coords points="222,1457 700,1459 710,1426 458,1415 423,1429 392,1415 370,1428 222,1429"/>
                <Baseline points="227,1447 252,1447 277,1447 302,1447 327,1447 352,1447 377,1447 403,1447 428,1447 453,1447 478,1447 503,1447 528,1447 554,1447 579,1447 604,1447 629,1447 654,1447 679,1448 705,1448"/>
                <TextEquiv>
                    <Unicode>erit. D.d. quoniam possibilitas essendi i</Unicode>
                </TextEquiv>
            </TextLine>
            <TextLine id="r3l70" custom="readingOrder {index:34;}">
                <Coords points="224,1498 716,1492 716,1461 678,1454 224,1457"/>
                <Baseline points="229,1485 254,1485 279,1485 305,1486 330,1486 355,1486 381,1486 406,1486 431,1486 457,1486 482,1486 508,1486 533,1486 558,1486 584,1486 609,1486 634,1486 660,1486 685,1486 711,1486"/>
                <TextEquiv>
                    <Unicode>&amp;c. i. quoniam possibilitas essendli per est ne</Unicode>
                </TextEquiv>
            </TextLine>
            <TextLine id="r3l72" custom="readingOrder {index:35;}">
                <Coords points="220,1531 709,1529 709,1508 669,1493 570,1506 469,1492 220,1501"/>
                <Baseline points="225,1523 250,1523 275,1523 300,1523 325,1523 351,1523 376,1523 401,1523 426,1523 451,1523 477,1523 502,1523 527,1523 552,1524 577,1524 603,1524 628,1524 653,1524 678,1524 704,1525"/>
                <TextEquiv>
                    <Unicode>cessaria per possibilitatem essendi A</Unicode>
                </TextEquiv>
            </TextLine>
            <TextLine id="r3l74" custom="readingOrder {index:36;}">
                <Coords points="223,1568 715,1572 716,1541 224,1535"/>
                <Baseline points="228,1562 253,1562 278,1562 304,1562 329,1562 354,1562 380,1562 405,1562 430,1562 456,1562 481,1562 507,1562 532,1562 557,1562 583,1562 608,1563 633,1563 659,1563 684,1563 710,1563"/>
                <TextEquiv>
                    <Unicode>D.d. cum sit impossibile, &amp;c. i. cum</Unicode>
                </TextEquiv>
            </TextLine>
            <TextLine id="r3l76" custom="readingOrder {index:37;}">
                <Coords points="218,1606 296,1618 408,1606 483,1622 497,1610 702,1609 702,1572 670,1566 631,1582 218,1575"/>
                <Baseline points="223,1600 249,1600 275,1600 302,1600 328,1600 354,1600 381,1600 407,1600 433,1600 460,1600 486,1600 512,1600 539,1600 565,1601 591,1601 618,1601 644,1600 670,1600 697,1600"/>
                <TextEquiv>
                    <Unicode>sit impossibile aliquid in loco istius</Unicode>
                </TextEquiv>
            </TextLine>
            <TextLine id="r3l78" custom="readingOrder {index:38;}">
                <Coords points="223,1650 722,1650 722,1589 668,1616 584,1605 529,1620 485,1600 412,1621 355,1606 317,1625 223,1611"/>
                <Baseline points="228,1640 253,1639 279,1639 305,1639 330,1638 356,1638 382,1638 408,1639 433,1639 459,1639 485,1639 511,1639 536,1639 562,1639 588,1639 614,1639 639,1639 665,1638 691,1638 717,1637"/>
                <TextEquiv>
                    <Unicode>scilicet um A fuerit vt sit s: &amp; similiter si¬</Unicode>
                </TextEquiv>
            </TextLine>
            <TextLine id="r3l80" custom="readingOrder {index:39;}">
                <Coords points="227,1682 625,1690 711,1682 711,1652 622,1660 488,1643 376,1661 348,1645 284,1659 259,1642 227,1654"/>
                <Baseline points="232,1678 258,1677 284,1676 311,1676 337,1676 363,1676 390,1676 416,1676 442,1676 469,1676 495,1676 521,1676 548,1677 574,1677 600,1677 627,1676 653,1676 679,1675 706,1675"/>
                <TextEquiv>
                    <Unicode> fuerit in alia dispositione, n im¬</Unicode>
                </TextEquiv>
            </TextLine>
            <TextLine id="r3l82" custom="readingOrder {index:40;}">
                <Coords points="218,1732 346,1717 466,1730 655,1718 669,1731 717,1722 717,1680 620,1697 521,1682 468,1697 445,1681 218,1692"/>
                <Baseline points="223,1712 248,1712 274,1713 300,1713 325,1713 351,1713 377,1714 403,1714 428,1714 454,1714 480,1714 506,1714 531,1714 557,1714 583,1714 609,1714 634,1714 660,1714 686,1714 712,1713"/>
                <TextEquiv>
                    <Unicode>possibile est vt sit, nisi in illa disposi</Unicode>
                </TextEquiv>
            </TextLine>
            <TextLine id="r3l84" custom="readingOrder {index:41;}">
                <Coords points="217,1761 709,1757 709,1734 656,1719 639,1734 548,1721 506,1734 217,1731"/>
                <Baseline points="222,1751 247,1751 272,1752 298,1752 323,1752 348,1752 374,1752 399,1751 424,1751 450,1751 475,1751 501,1751 526,1751 551,1751 577,1752 602,1752 627,1752 653,1752 678,1753 704,1753"/>
                <TextEquiv>
                    <Unicode>tione. D.d. ergo necesse est vt sit B</Unicode>
                </TextEquiv>
            </TextLine>
            <TextLine id="r3l85" custom="readingOrder {index:42;}">
                <Coords points="215,1802 544,1796 659,1811 711,1802 712,1758 676,1772 584,1758 521,1774 503,1758 216,1766"/>
                <Baseline points="220,1789 245,1789 271,1790 296,1790 322,1790 347,1790 373,1790 399,1790 424,1791 450,1791 475,1791 501,1791 526,1791 552,1791 578,1791 603,1791 629,1792 654,1792 680,1792 706,1791"/>
                <TextEquiv>
                    <Unicode>cum fuerit A, &amp; vt sit in illa disposi¬</Unicode>
                </TextEquiv>
            </TextLine>
            <TextLine id="r3l87" custom="readingOrder {index:43;}">
                <Coords points="216,1835 416,1842 438,1833 469,1851 508,1831 559,1842 587,1834 587,1813 543,1797 507,1809 390,1798 360,1809 338,1795 216,1805"/>
                <Baseline points="221,1826 246,1827 272,1828 298,1828 324,1828 349,1828 375,1828 401,1828 427,1828 453,1828 478,1828 504,1829 530,1829 556,1830 582,1831"/>
                <TextEquiv>
                    <Unicode>tione essendi, in qua est A</Unicode>
                </TextEquiv>
            </TextLine>
            <TextEquiv>
                <Unicode>bilis. D. incoepit dicere hoc, &amp; d. Si
igitur non fuerit possibile, &amp;c. i. si ergo
conclusio, quae est pin, non fuerit pos¬
sibilis, &amp; est conclusio syllogismi pos¬
sibilis scilicet A, ponatur quod pr sit non pos
sibile scilicet falsum impossibile. D.d. si
igitur A est possibile. i. ponatur igi¬
tur, quod A est possibile, &amp; pn impossibi
le. D.d. cum igitur fuerit possibile,
&amp;c. i. si A fuerit possibile, &amp; fuerit po
situm esse in actu, continget vt con
clusio, quae sequitur ex ipso, sit im
possibilis: ergo A est impossibile non
possibile: sed positum fuit A esse post
sibile. &amp; hoc est inconveniens, quoniam e
cum non fuerit, non erit A. quoniam post
tum fuit quod, cum a fuerit, erit 8. D.d.
Cum igitur fuerit A, &amp; s, &amp;c. i. ne
cesse est igitur, si A fuerit possibile,
vt per sit possibile, cum fuerint in hac
dispositione, scilicet quod n sequitur ex A, erunt
Ax &amp; n possibilia. scilicet syllogismus &amp; con¬
clusio, cum fuerint posita in hac di
spositione, scilicet quod pn sequatur ex A. D.d.
Si autem A, &amp; B fuerint in hac dispo
sitione, &amp;c. i. si autem A, &amp; n fuerint
secundum quod positum est de consecutione,
&amp; pn non fuerit possibile, A estiam non erit, si¬
cut est positum. i. non erit possibile¬
Dd. &amp; si A fuerit possibile, &amp;c. i. ma
nifestum est igitur ex hoc quod, cum ¬
fuerit possibile, pro necessario erit pos¬
sibile. &amp;, cum A fuerit, n necessario
erit. D.d. quoniam possibilitas essendi i
&amp;c. i. quoniam possibilitas essendli per est ne
cessaria per possibilitatem essendi A
D.d. cum sit impossibile, &amp;c. i. cum
sit impossibile aliquid in loco istius
scilicet um A fuerit vt sit s: &amp; similiter si¬
 fuerit in alia dispositione, n im¬
possibile est vt sit, nisi in illa disposi
tione. D.d. ergo necesse est vt sit B
cum fuerit A, &amp; vt sit in illa disposi¬
tione essendi, in qua est A</Unicode>
            </TextEquiv>
        </TextRegion>
        <TextRegion orientation="0.0" id="TextRegion_1604603854509_1497" custom="readingOrder {index:1;}">
            <Coords points="739,94 1267,94 1267,1882 739,1882"/>
            <TextLine id="line_1604603840061_1486" custom="readingOrder {index:0;}">
                <Coords points="762,178 1095,187 1172,175 1233,190 1272,174 1262,141 1171,152 1147,133 1071,150 1024,133 966,150 762,141"/>
                <Baseline points="767,169 793,169 820,169 846,169 873,169 899,169 926,169 952,169 979,169 1005,169 1032,169 1059,170 1085,170 1112,170 1138,170 1165,170 1191,170 1218,169 1244,169 1267,169"/>
                <TextEquiv>
                    <Unicode>Quae potentiae praecedenteopere in resigni</Unicode>
                </TextEquiv>
            </TextLine>
            <TextLine id="r3l5" custom="readingOrder {index:1;}">
                <Coords points="786,226 843,212 912,226 962,211 1184,226 1213,218 1214,188 829,190 811,176 787,190"/>
                <Baseline points="791,206 817,206 843,207 869,207 895,207 921,207 947,207 973,207 999,207 1025,207 1051,207 1077,207 1103,207 1129,207 1155,207 1181,208 1208,208"/>
                <TextEquiv>
                    <Unicode>ficantur, quae vero non, &amp; quo pa¬</Unicode>
                </TextEquiv>
            </TextLine>
            <TextLine id="r3l7" custom="readingOrder {index:2;}">
                <Coords points="827,249 872,268 895,252 1181,250 1181,229 1151,216 1134,227 1120,217 1074,228 1054,212 1035,224 1013,215 992,229 960,217 919,231 848,214 827,228"/>
                <Baseline points="832,246 858,245 884,245 911,245 937,245 964,245 990,246 1017,246 1043,246 1070,246 1096,246 1123,245 1149,244 1176,243"/>
                <TextEquiv>
                    <Unicode>cto potentiae ad actum dedu¬</Unicode>
                </TextEquiv>
            </TextLine>
            <TextLine id="line_1604603870502_1508" custom="readingOrder {index:3;}">
                <Coords points="877,290 967,290 986,271 1005,271 1024,290 1048,290 1061,301 1096,281 1128,298 1139,292 1139,252 1099,274 1037,253 1021,263 877,266"/>
                <Baseline points="882,284 907,286 932,283 958,284 1028,284 1054,283 1081,284 1107,284 1134,284"/>
                <TextEquiv>
                    <Unicode>cantur. Cap. 8.</Unicode>
                </TextEquiv>
            </TextLine>
            <TextLine id="r3l12" custom="readingOrder {index:4;}">
                <Coords points="793,314 840,338 1254,338 1254,300 1238,293 1074,293 1052,305 793,284"/>
                <Baseline points="798,320 823,322 848,324 873,325 898,326 923,326 948,326 973,326 998,326 1023,326 1048,326 1073,326 1098,325 1123,325 1148,325 1173,326 1198,326 1223,327 1249,328"/>
                <TextEquiv>
                    <Unicode>erqu vm autem omnium potentia</Unicode>
                </TextEquiv>
            </TextLine>
            <TextLine id="r3l14" custom="readingOrder {index:5;}">
                <Coords points="844,372 931,375 943,386 967,373 1255,378 1255,340 1237,335 1156,353 1139,341 1039,349 979,332 931,346 844,341"/>
                <Baseline points="849,367 874,367 899,367 924,367 949,368 974,368 999,368 1024,367 1049,367 1074,367 1099,367 1124,367 1149,367 1174,367 1199,367 1224,367 1250,367"/>
                <TextEquiv>
                    <Unicode>rum quaedam natura nobis</Unicode>
                </TextEquiv>
            </TextLine>
            <TextLine id="r3l17" custom="readingOrder {index:6;}">
                <Coords points="846,419 1030,426 1149,414 1248,426 1248,380 1099,387 1086,375 997,388 967,373 930,389 901,372 880,391 846,381"/>
                <Baseline points="851,409 877,409 903,409 929,409 955,409 981,410 1007,410 1033,410 1060,410 1086,409 1112,409 1138,409 1164,409 1190,409 1216,409 1243,409"/>
                <TextEquiv>
                    <Unicode>insitae sint, vt sensuum: quae</Unicode>
                </TextEquiv>
            </TextLine>
            <TextLine id="r3l19" custom="readingOrder {index:7;}">
                <Coords points="752,458 1042,458 1059,475 1100,454 1177,467 1253,458 1253,429 1154,418 1063,437 1008,417 977,430 752,423"/>
                <Baseline points="757,451 782,451 808,452 834,452 860,452 886,452 912,452 937,451 963,451 989,451 1015,451 1041,450 1067,450 1092,450 1118,450 1144,450 1170,450 1196,450 1222,451 1248,452"/>
                <TextEquiv>
                    <Unicode>dam consuetudine, vt tibiis ca¬</Unicode>
                </TextEquiv>
            </TextLine>
            <TextLine id="r3l21" custom="readingOrder {index:8;}">
                <Coords points="748,498 1157,495 1224,498 1250,515 1240,461 748,469"/>
                <Baseline points="753,492 778,493 804,493 830,493 856,493 882,493 908,493 934,493 960,493 986,492 1011,492 1037,492 1063,492 1089,492 1115,492 1141,492 1167,493 1193,493 1219,494 1245,494"/>
                <TextEquiv>
                    <Unicode>nendi: quaedam doctrina vt artium,</Unicode>
                </TextEquiv>
            </TextLine>
            <TextLine id="r3l23" custom="readingOrder {index:9;}">
                <Coords points="748,546 1257,546 1256,505 1185,522 1094,498 1068,513 747,501"/>
                <Baseline points="753,535 779,535 805,535 831,535 858,535 884,535 910,535 936,534 963,534 989,534 1015,534 1041,533 1068,533 1094,533 1120,533 1146,533 1173,534 1199,534 1225,535 1252,535"/>
                <TextEquiv>
                    <Unicode>has quidem necesse est eos, qui</Unicode>
                </TextEquiv>
            </TextLine>
            <TextLine id="r3l25" custom="readingOrder {index:10;}">
                <Coords points="754,594 862,579 883,594 907,583 1248,594 1248,556 1187,560 1117,541 983,557 754,550"/>
                <Baseline points="759,576 784,576 809,576 835,576 860,576 886,576 911,576 937,576 962,576 988,576 1013,576 1039,576 1064,575 1090,575 1115,576 1141,576 1166,576 1192,576 1217,576 1243,577"/>
                <TextEquiv>
                    <Unicode>primo operati sunt, habere, quae</Unicode>
                </TextEquiv>
            </TextLine>
            <TextLine id="r3l27" custom="readingOrder {index:11;}">
                <Coords points="749,627 1251,626 1251,596 749,597"/>
                <Baseline points="754,620 779,619 805,619 831,618 857,618 883,618 909,617 935,617 961,617 987,617 1012,617 1038,617 1064,617 1090,617 1116,617 1142,617 1168,617 1194,617 1220,617 1246,617"/>
                <TextEquiv>
                    <Unicode>cunque scilicet consuetudine &amp; ratio¬</Unicode>
                </TextEquiv>
            </TextLine>
            <TextLine id="r3l29" custom="readingOrder {index:12;}">
                <Coords points="750,666 1257,667 1257,637 1207,629 750,636"/>
                <Baseline points="755,659 781,659 807,659 833,659 859,659 885,659 911,659 938,659 964,659 990,659 1016,659 1042,659 1068,659 1095,659 1121,659 1147,660 1173,660 1199,660 1225,661 1252,661"/>
                <TextEquiv>
                    <Unicode>ne, quaecunque vero non tales, &amp; quae pa</Unicode>
                </TextEquiv>
            </TextLine>
            <TextLine id="r3l31" custom="readingOrder {index:13;}">
                <Coords points="756,714 1253,706 1253,679 1188,669 756,676"/>
                <Baseline points="761,703 786,702 812,702 837,702 863,701 889,701 914,701 940,701 966,701 991,701 1017,701 1042,701 1068,702 1094,702 1119,702 1145,702 1171,702 1196,702 1222,701 1248,701"/>
                <TextEquiv>
                    <Unicode>tiendi potentiae sunt, non est ne¬</Unicode>
                </TextEquiv>
            </TextLine>
            <TextLine id="line_1604603840064_1488" custom="readingOrder {index:14;}">
                <Coords points="750,754 843,747 883,762 936,744 1015,762 1038,745 1060,764 1091,750 1197,763 1272,754 1272,718 1154,708 1118,732 1095,709 993,724 793,709 750,723"/>
                <Baseline points="755,744 781,743 807,743 834,743 860,743 886,743 913,743 939,743 965,743 992,743 1018,743 1044,743 1071,743 1097,743 1123,743 1150,743 1176,744 1202,744 1229,744 1255,745 1267,745"/>
                <TextEquiv>
                    <Unicode>cesse. Quiam vero quod potest, aliquid l</Unicode>
                </TextEquiv>
            </TextLine>
            <TextLine id="r3l35" custom="readingOrder {index:15;}">
                <Coords points="748,801 1218,801 1247,794 1247,763 1027,753 1007,765 976,752 874,765 842,749 824,765 791,752 748,765"/>
                <Baseline points="753,784 778,784 804,785 830,785 855,785 881,786 907,786 933,786 958,786 984,786 1010,786 1036,786 1061,786 1087,786 1113,786 1139,786 1164,786 1190,786 1216,786 1242,786"/>
                <TextEquiv>
                    <Unicode>potest, &amp; aliquandm, &amp; aliquo modo, et</Unicode>
                </TextEquiv>
            </TextLine>
            <TextLine id="r3l37" custom="readingOrder {index:16;}">
                <Coords points="754,841 1250,841 1250,804 1194,793 1116,808 1094,794 1061,808 1040,793 992,807 754,800"/>
                <Baseline points="759,829 784,829 810,828 835,828 861,828 886,828 912,828 938,828 963,828 989,828 1014,828 1040,828 1065,828 1091,828 1117,828 1142,828 1168,828 1193,827 1219,827 1245,827"/>
                <TextEquiv>
                    <Unicode>quacunque alia necesse est adesse in</Unicode>
                </TextEquiv>
            </TextLine>
            <TextLine id="r3l40" custom="readingOrder {index:17;}">
                <Coords points="750,874 1232,882 1251,874 1251,846 862,847 808,834 750,849"/>
                <Baseline points="755,870 780,869 806,869 832,869 858,869 884,870 910,870 935,870 961,870 987,870 1013,870 1039,871 1065,871 1090,871 1116,871 1142,871 1168,870 1194,870 1220,870 1246,869"/>
                <TextEquiv>
                    <Unicode>definitione: &amp; quadam quidem ratio¬</Unicode>
                </TextEquiv>
            </TextLine>
            <TextLine id="r3l42" custom="readingOrder {index:18;}">
                <Coords points="750,923 1250,922 1250,892 1219,881 750,886"/>
                <Baseline points="755,911 780,911 806,911 832,911 858,911 883,912 909,912 935,912 961,912 987,912 1012,912 1038,912 1064,912 1090,912 1116,912 1141,912 1167,912 1193,912 1219,912 1245,912"/>
                <TextEquiv>
                    <Unicode>ne possunt mouere, &amp; potentiae,</Unicode>
                </TextEquiv>
            </TextLine>
            <TextLine id="r3l44" custom="readingOrder {index:19;}">
                <Coords points="750,962 1037,962 1054,976 1073,962 1243,962 1229,921 1201,933 1080,921 750,929"/>
                <Baseline points="755,952 780,952 805,953 831,953 856,954 882,954 907,954 932,954 958,954 983,953 1009,953 1034,953 1060,953 1085,953 1110,953 1136,953 1161,953 1187,953 1212,953 1238,954"/>
                <TextEquiv>
                    <Unicode>eorum cum ratione, quadam vero in</Unicode>
                </TextEquiv>
            </TextLine>
            <TextLine id="r3l46" custom="readingOrder {index:20;}">
                <Coords points="750,1002 1243,1009 1243,973 1200,964 750,973"/>
                <Baseline points="755,995 780,995 805,995 831,996 856,996 882,996 907,996 932,996 958,996 983,995 1009,995 1034,995 1060,995 1085,995 1110,995 1136,995 1161,996 1187,996 1212,997 1238,997"/>
                <TextEquiv>
                    <Unicode>rationalia, &amp; potentiae irrationales,</Unicode>
                </TextEquiv>
            </TextLine>
            <TextLine id="r3l48" custom="readingOrder {index:21;}">
                <Coords points="748,1042 1249,1050 1249,1013 1220,1004 1196,1016 1097,1002 996,1017 748,1011"/>
                <Baseline points="753,1036 778,1036 804,1037 830,1037 856,1037 882,1037 908,1037 933,1037 959,1037 985,1037 1011,1037 1037,1037 1063,1037 1088,1037 1114,1037 1140,1037 1166,1038 1192,1038 1218,1039 1244,1039"/>
                <TextEquiv>
                    <Unicode>&amp; illas quidem necesse est in anima</Unicode>
                </TextEquiv>
            </TextLine>
            <TextLine id="r3l50" custom="readingOrder {index:22;}">
                <Coords points="752,1091 1241,1090 1241,1052 752,1053"/>
                <Baseline points="757,1079 782,1079 807,1079 832,1079 857,1080 883,1080 908,1080 933,1080 958,1080 983,1079 1009,1079 1034,1079 1059,1079 1084,1079 1109,1078 1135,1078 1160,1078 1185,1078 1210,1077 1236,1077"/>
                <TextEquiv>
                    <Unicode>to esse, has vero in ambobus: hu¬</Unicode>
                </TextEquiv>
            </TextLine>
            <TextLine id="r3l52" custom="readingOrder {index:23;}">
                <Coords points="751,1130 1247,1130 1247,1100 1152,1102 1137,1088 1020,1102 998,1087 963,1100 751,1092"/>
                <Baseline points="756,1122 781,1122 807,1121 832,1121 858,1121 883,1121 909,1121 935,1121 960,1121 986,1121 1011,1121 1037,1121 1062,1121 1088,1121 1114,1121 1139,1121 1165,1121 1190,1121 1216,1121 1242,1121"/>
                <TextEquiv>
                    <Unicode>iuscemodi quidem potentias ne¬</Unicode>
                </TextEquiv>
            </TextLine>
            <TextLine id="r3l54" custom="readingOrder {index:24;}">
                <Coords points="744,1168 888,1178 1009,1163 1026,1178 1143,1178 1249,1170 1249,1140 1115,1129 1006,1149 810,1129 744,1144"/>
                <Baseline points="749,1163 775,1163 801,1163 827,1164 853,1164 879,1164 905,1164 931,1164 957,1163 983,1163 1009,1163 1035,1163 1061,1163 1087,1163 1113,1163 1139,1163 1165,1163 1191,1163 1217,1163 1244,1163"/>
                <TextEquiv>
                    <Unicode>cesse est, vt cum quoad possint</Unicode>
                </TextEquiv>
            </TextLine>
            <TextLine id="r3l56" custom="readingOrder {index:25;}">
                <Coords points="747,1210 1246,1217 1246,1181 747,1181"/>
                <Baseline points="752,1205 777,1205 803,1205 829,1205 854,1205 880,1205 906,1205 932,1205 957,1205 983,1205 1009,1205 1035,1205 1060,1205 1086,1205 1112,1205 1138,1204 1163,1203 1189,1203 1215,1202 1241,1201"/>
                <TextEquiv>
                    <Unicode>actiuum &amp; passiuum approxt</Unicode>
                </TextEquiv>
            </TextLine>
            <TextLine id="r3l58" custom="readingOrder {index:26;}">
                <Coords points="750,1258 1089,1251 1108,1267 1133,1251 1240,1251 1240,1221 1185,1209 750,1221"/>
                <Baseline points="755,1247 780,1247 805,1247 830,1248 856,1248 881,1248 906,1248 931,1247 957,1247 982,1247 1007,1247 1032,1247 1058,1247 1083,1247 1108,1246 1133,1246 1159,1246 1184,1246 1209,1245 1235,1245"/>
                <TextEquiv>
                    <Unicode>ment, hoc quidem faciat, illud ve¬</Unicode>
                </TextEquiv>
            </TextLine>
            <TextLine id="r3l60" custom="readingOrder {index:27;}">
                <Coords points="745,1297 1237,1298 1236,1259 744,1262"/>
                <Baseline points="750,1288 775,1289 800,1289 826,1289 851,1289 876,1289 902,1289 927,1288 952,1288 978,1288 1003,1288 1029,1288 1054,1287 1079,1287 1105,1287 1130,1287 1155,1287 1181,1287 1206,1287 1232,1288"/>
                <TextEquiv>
                    <Unicode>ro patiatur, illas vero non est neces¬</Unicode>
                </TextEquiv>
            </TextLine>
            <TextLine id="r3l63" custom="readingOrder {index:28;}">
                <Coords points="750,1338 1226,1338 1226,1309 1169,1295 1112,1310 1062,1296 1044,1311 750,1301"/>
                <Baseline points="755,1332 780,1332 806,1331 832,1331 858,1331 884,1331 910,1331 936,1331 962,1331 988,1330 1013,1330 1039,1330 1065,1330 1091,1331 1117,1331 1143,1331 1169,1331 1195,1332 1221,1332"/>
                <TextEquiv>
                    <Unicode>se. hae enim omnes, vna vnius factiua</Unicode>
                </TextEquiv>
            </TextLine>
            <TextLine id="r3l65" custom="readingOrder {index:29;}">
                <Coords points="752,1379 1239,1386 1239,1349 1171,1341 795,1352 752,1341"/>
                <Baseline points="757,1372 782,1372 807,1372 832,1373 857,1373 882,1373 907,1373 932,1373 957,1373 982,1373 1008,1372 1033,1372 1058,1372 1083,1372 1108,1372 1133,1372 1158,1372 1183,1373 1208,1373 1234,1373"/>
                <TextEquiv>
                    <Unicode>illae vero contrariorum. Quare </Unicode>
                </TextEquiv>
            </TextLine>
            <TextLine id="r3l67" custom="readingOrder {index:30;}">
                <Coords points="752,1426 1244,1426 1244,1388 752,1381"/>
                <Baseline points="757,1415 782,1415 807,1415 833,1415 858,1415 883,1415 909,1415 934,1415 959,1415 985,1415 1010,1415 1036,1415 1061,1415 1086,1415 1112,1415 1137,1415 1162,1415 1188,1414 1213,1414 1239,1414"/>
                <TextEquiv>
                    <Unicode>simul ne faciat contraria * hoc ve</Unicode>
                </TextEquiv>
            </TextLine>
            <TextLine id="r3l69" custom="readingOrder {index:31;}">
                <Coords points="744,1464 1247,1466 1247,1430 1182,1438 1161,1422 744,1431"/>
                <Baseline points="749,1454 774,1455 800,1456 826,1456 852,1457 878,1457 904,1457 930,1457 956,1457 982,1457 1008,1457 1034,1456 1060,1456 1086,1456 1112,1456 1138,1456 1164,1456 1190,1456 1216,1456 1242,1456"/>
                <TextEquiv>
                    <Unicode>ro impossibile est. Necesse est igitur</Unicode>
                </TextEquiv>
            </TextLine>
            <TextLine id="r3l71" custom="readingOrder {index:32;}">
                <Coords points="751,1507 1247,1505 1247,1465 1068,1481 1048,1464 1015,1477 937,1462 860,1478 832,1465 751,1472"/>
                <Baseline points="756,1498 781,1498 807,1498 832,1498 858,1499 883,1499 909,1499 935,1499 960,1499 986,1499 1011,1498 1037,1498 1062,1498 1088,1498 1114,1498 1139,1498 1165,1498 1190,1498 1216,1498 1242,1498"/>
                <TextEquiv>
                    <Unicode>aliud quiddam esse, quod dicunetur.</Unicode>
                </TextEquiv>
            </TextLine>
            <TextLine id="r3l73" custom="readingOrder {index:33;}">
                <Coords points="753,1546 1249,1549 1249,1513 1229,1504 1200,1517 1013,1520 958,1504 928,1518 753,1508"/>
                <Baseline points="758,1539 783,1539 809,1540 834,1540 860,1540 885,1540 911,1540 937,1541 962,1541 988,1541 1013,1541 1039,1541 1064,1540 1090,1540 1116,1540 1141,1540 1167,1539 1192,1539 1218,1538 1244,1538"/>
                <TextEquiv>
                    <Unicode>dico autem, siue appetitum, si¬</Unicode>
                </TextEquiv>
            </TextLine>
            <TextLine id="r3l75" custom="readingOrder {index:34;}">
                <Coords points="751,1586 1034,1589 1110,1604 1249,1586 1249,1556 1149,1549 751,1556"/>
                <Baseline points="756,1580 781,1581 807,1581 833,1581 858,1582 884,1582 910,1582 935,1582 961,1582 987,1583 1012,1583 1038,1583 1064,1583 1089,1582 1115,1582 1141,1582 1166,1582 1192,1582 1218,1581 1244,1581"/>
                <TextEquiv>
                    <Unicode>ue electionem. quodcunque enim appe </Unicode>
                </TextEquiv>
            </TextLine>
            <TextLine id="r3l77" custom="readingOrder {index:35;}">
                <Coords points="746,1633 825,1644 848,1629 917,1642 931,1628 1156,1626 1207,1644 1241,1631 1241,1591 1200,1613 1147,1590 1110,1604 1037,1590 746,1597"/>
                <Baseline points="751,1622 776,1623 802,1623 827,1624 853,1624 878,1624 904,1624 929,1624 955,1624 980,1624 1006,1623 1031,1623 1057,1623 1082,1623 1108,1623 1133,1622 1159,1622 1184,1622 1210,1622 1236,1623"/>
                <TextEquiv>
                    <Unicode>tat, principaliter hoc faciet, cum</Unicode>
                </TextEquiv>
            </TextLine>
            <TextLine id="r3l79" custom="readingOrder {index:36;}">
                <Coords points="741,1666 864,1682 1229,1674 1229,1644 1178,1631 1100,1648 1025,1634 964,1644 942,1630 894,1646 850,1632 741,1643"/>
                <Baseline points="746,1663 771,1664 796,1664 821,1664 846,1665 871,1665 896,1666 922,1666 947,1666 972,1667 997,1667 1022,1667 1047,1667 1073,1667 1098,1667 1123,1666 1148,1666 1173,1666 1198,1665 1224,1664"/>
                <TextEquiv>
                    <Unicode>quoad possit, proximet passiuo</Unicode>
                </TextEquiv>
            </TextLine>
            <TextLine id="r3l81" custom="readingOrder {index:37;}">
                <Coords points="752,1714 809,1728 829,1713 1237,1714 1231,1684 943,1685 927,1672 787,1684 753,1670"/>
                <Baseline points="757,1705 782,1705 807,1705 832,1705 857,1706 882,1706 907,1706 932,1706 957,1706 982,1707 1007,1707 1032,1707 1057,1707 1082,1707 1107,1706 1132,1706 1157,1706 1182,1706 1207,1705 1232,1705"/>
                <TextEquiv>
                    <Unicode>Quare omne secundum rationem potens ne¬</Unicode>
                </TextEquiv>
            </TextLine>
            <TextLine id="r3l83" custom="readingOrder {index:38;}">
                <Coords points="747,1754 1182,1763 1235,1755 1235,1716 747,1725"/>
                <Baseline points="752,1746 777,1747 802,1747 827,1747 852,1748 877,1748 902,1748 928,1748 953,1749 978,1749 1003,1749 1028,1749 1053,1749 1079,1749 1104,1749 1129,1749 1154,1748 1179,1748 1204,1748 1230,1747"/>
                <TextEquiv>
                    <Unicode>cesse est vt, cum appetat id, cuius</Unicode>
                </TextEquiv>
            </TextLine>
            <TextLine id="r3l86" custom="readingOrder {index:39;}">
                <Coords points="744,1801 1245,1802 1245,1764 1231,1757 744,1765"/>
                <Baseline points="749,1786 774,1788 800,1788 826,1790 852,1790 878,1791 904,1791 929,1792 955,1792 981,1792 1007,1792 1033,1792 1059,1791 1084,1791 1110,1791 1136,1791 1162,1791 1188,1791 1214,1791 1240,1791"/>
                <TextEquiv>
                    <Unicode>potentiam habet, &amp; vti habet, hoc fa¬</Unicode>
                </TextEquiv>
            </TextLine>
            <TextLine id="r3l88" custom="readingOrder {index:40;}">
                <Coords points="738,1834 935,1850 1242,1842 1242,1809 1192,1805 738,1805"/>
                <Baseline points="743,1830 769,1830 795,1831 821,1832 847,1832 873,1833 899,1833 925,1833 951,1833 977,1834 1003,1834 1029,1834 1055,1834 1081,1833 1107,1833 1133,1833 1159,1833 1185,1833 1211,1833 1237,1834"/>
                <TextEquiv>
                    <Unicode>ciat. habet autem passiuo praesente, et</Unicode>
                </TextEquiv>
            </TextLine>
            <TextEquiv>
                <Unicode>Quae potentiae praecedenteopere in resigni
ficantur, quae vero non, &amp; quo pa¬
cto potentiae ad actum dedu¬
cantur. Cap. 8.
erqu vm autem omnium potentia
rum quaedam natura nobis
insitae sint, vt sensuum: quae
dam consuetudine, vt tibiis ca¬
nendi: quaedam doctrina vt artium,
has quidem necesse est eos, qui
primo operati sunt, habere, quae
cunque scilicet consuetudine &amp; ratio¬
ne, quaecunque vero non tales, &amp; quae pa
tiendi potentiae sunt, non est ne¬
cesse. Quiam vero quod potest, aliquid l
potest, &amp; aliquandm, &amp; aliquo modo, et
quacunque alia necesse est adesse in
definitione: &amp; quadam quidem ratio¬
ne possunt mouere, &amp; potentiae,
eorum cum ratione, quadam vero in
rationalia, &amp; potentiae irrationales,
&amp; illas quidem necesse est in anima
to esse, has vero in ambobus: hu¬
iuscemodi quidem potentias ne¬
cesse est, vt cum quoad possint
actiuum &amp; passiuum approxt
ment, hoc quidem faciat, illud ve¬
ro patiatur, illas vero non est neces¬
se. hae enim omnes, vna vnius factiua
illae vero contrariorum. Quare 
simul ne faciat contraria * hoc ve
ro impossibile est. Necesse est igitur
aliud quiddam esse, quod dicunetur.
dico autem, siue appetitum, si¬
ue electionem. quodcunque enim appe 
tat, principaliter hoc faciet, cum
quoad possit, proximet passiuo
Quare omne secundum rationem potens ne¬
cesse est vt, cum appetat id, cuius
potentiam habet, &amp; vti habet, hoc fa¬
ciat. habet autem passiuo praesente, et</Unicode>
            </TextEquiv>
        </TextRegion>
    </Page>
</PcGts>
