<?xml version="1.0" encoding="UTF-8" standalone="yes"?>
<PcGts xmlns="http://schema.primaresearch.org/PAGE/gts/pagecontent/2013-07-15" xmlns:xsi="http://www.w3.org/2001/XMLSchema-instance" xsi:schemaLocation="http://schema.primaresearch.org/PAGE/gts/pagecontent/2013-07-15 http://schema.primaresearch.org/PAGE/gts/pagecontent/2013-07-15/pagecontent.xsd">
    <Metadata>
        <Creator>prov=University of Rostock/Institute of Mathematics/CITlab|PLANET AI GmbH/Gundram Leifert/gundram.leifert@planet-ai.de:name=cod-AAssXX-m2(htr_id=27673)::::v=2.6.7
prov=University of Rostock/Institute of Mathematics/CITlab|PLANET AI GmbH/Tobias Gruening/tobias.gruening@planet-ai.de:name=de.uros.citlab.module.baseline2polygon.B2PSeamMultiOriented:v=2.6.7
prov=University of Rostock/Institute of Mathematics/CITlab|PLANET AI GmbH/Tobias Gruening/tobias.gruening@planet-ai.de:name=/net_tf/LA73_249_0mod360.pb:de.uros.citlab.segmentation.CITlab_LA_ML:v=2.6.6
Transkribus</Creator>
        <Created>2020-10-30T08:03:38.521-04:00</Created>
        <LastChange>2020-11-20T17:32:32.073+01:00</LastChange>
        <TranskribusMetadata docId="528931" pageId="22410894" pageNr="476" tsid="49374258" status="IN_PROGRESS" userId="25065" imgUrl="https://files.transkribus.eu/Get?id=KRJADHOTQONTJOQVIMRANHWG&amp;fileType=view" xmlUrl="https://files.transkribus.eu/Get?id=LSDWWOQRXQMSMIFWQUZUYYGL" imageId="17470275"/>
    </Metadata>
    <Page imageFilename="Averroes_Metaphysica_JuntSecunda_08-0476.jpg" imageWidth="1475" imageHeight="2066">
        <ReadingOrder>
            <OrderedGroup id="ro_1605972779339" caption="Regions reading order">
                <RegionRefIndexed index="0" regionRef="TextRegion_1604604470808_1819"/>
                <RegionRefIndexed index="1" regionRef="TextRegion_1604604452789_1808"/>
            </OrderedGroup>
        </ReadingOrder>
        <TextRegion orientation="0.0" id="TextRegion_1604604470808_1819" custom="readingOrder {index:0;}">
            <Coords points="228,89 758,89 758,1880 228,1880"/>
            <TextLine id="line_1604604470915_1822" custom="readingOrder {index:0;}">
                <Coords points="223,160 252,178 740,173 740,148 704,133 644,152 584,133 247,132 223,146"/>
                <Baseline points="228,164 248,164 275,164 302,164 329,164 356,164 383,164 410,164 437,165 464,165 491,165 518,165 545,165 572,165 599,165 626,166 653,166 680,166 707,167 735,167"/>
                <TextEquiv>
                    <Unicode>declarab itur ex inductione. &amp; hoc</Unicode>
                </TextEquiv>
            </TextLine>
            <TextLine id="r2l4" custom="readingOrder {index:1;}">
                <Coords points="239,209 596,207 646,223 737,210 737,178 719,176 239,173"/>
                <Baseline points="244,203 269,202 295,202 321,202 346,202 372,202 398,202 423,202 449,203 475,203 500,203 526,203 552,204 577,204 603,204 629,204 654,204 680,204 706,204 732,204"/>
                <TextEquiv>
                    <Unicode>intendebat per sermonem sequentem,</Unicode>
                </TextEquiv>
            </TextLine>
            <TextLine id="r2l6" custom="readingOrder {index:2;}">
                <Coords points="241,247 741,251 741,223 638,228 615,213 241,220"/>
                <Baseline points="246,242 271,242 297,241 323,241 349,241 374,241 400,241 426,241 452,242 478,242 503,242 529,242 555,242 581,242 607,242 632,243 658,243 684,243 710,243 736,243"/>
                <TextEquiv>
                    <Unicode>cum dixit, quod ista descriptio appare,</Unicode>
                </TextEquiv>
            </TextLine>
            <TextLine id="r2l8" custom="readingOrder {index:3;}">
                <Coords points="238,287 303,300 332,284 402,298 742,291 742,263 693,249 671,262 599,262 579,247 560,261 320,250 282,264 238,246"/>
                <Baseline points="243,280 269,280 295,279 321,279 347,279 373,279 399,279 425,279 451,279 477,279 503,280 529,280 555,280 581,280 607,281 633,281 659,281 685,281 711,281 737,282"/>
                <TextEquiv>
                    <Unicode>bit, quando consyderauerimus quid signi</Unicode>
                </TextEquiv>
            </TextLine>
            <TextLine id="r2l11" custom="readingOrder {index:4;}">
                <Coords points="236,324 740,330 740,293 670,308 548,292 236,292"/>
                <Baseline points="241,318 267,319 293,319 319,319 345,320 371,320 397,320 423,320 449,320 475,319 501,319 527,319 553,319 579,319 605,319 631,319 657,319 683,320 709,320 735,320"/>
                <TextEquiv>
                    <Unicode>ficat actus in vnaquaque rerum, quae</Unicode>
                </TextEquiv>
            </TextLine>
            <TextLine id="r2l12" custom="readingOrder {index:5;}">
                <Coords points="234,362 740,367 740,334 661,328 234,334"/>
                <Baseline points="239,357 265,357 291,357 317,357 343,357 369,358 395,358 421,358 447,358 473,358 500,358 526,358 552,357 578,357 604,357 630,357 656,357 682,357 708,358 735,358"/>
                <TextEquiv>
                    <Unicode>dicuntur esse in actu. nihil enim aliud inten¬</Unicode>
                </TextEquiv>
            </TextLine>
            <TextLine id="r2l15" custom="readingOrder {index:6;}">
                <Coords points="238,410 742,402 742,372 703,365 238,370"/>
                <Baseline points="243,395 269,395 295,395 321,396 347,396 373,396 399,396 425,396 451,396 477,397 503,397 529,397 555,397 581,397 607,397 633,397 659,396 685,396 711,396 737,395"/>
                <TextEquiv>
                    <Unicode>dimus qua hoc, scilicet quod est in dispositio</Unicode>
                </TextEquiv>
            </TextLine>
            <TextLine id="r2l16" custom="readingOrder {index:7;}">
                <Coords points="237,441 737,442 737,412 671,405 237,413"/>
                <Baseline points="242,434 267,434 293,433 319,433 345,434 370,434 396,434 422,434 448,434 474,434 499,434 525,434 551,434 577,434 603,434 628,434 654,434 680,434 706,433 732,433"/>
                <TextEquiv>
                    <Unicode>ne, in qua non est, cum fuerit in po¬</Unicode>
                </TextEquiv>
            </TextLine>
            <TextLine id="r2l19" custom="readingOrder {index:8;}">
                <Coords points="230,482 734,482 734,453 592,454 578,441 552,454 525,441 230,453"/>
                <Baseline points="235,472 261,472 287,472 313,473 339,473 365,473 391,473 417,473 443,473 469,473 495,473 521,473 547,473 573,473 599,473 625,473 651,473 677,474 703,474 729,474"/>
                <TextEquiv>
                    <Unicode>tentia. &amp; similiter aliquid esse in poten</Unicode>
                </TextEquiv>
            </TextLine>
            <TextLine id="r2l21" custom="readingOrder {index:9;}">
                <Coords points="237,522 745,522 745,485 629,493 613,480 563,495 501,479 432,501 371,479 326,493 237,485"/>
                <Baseline points="242,510 268,510 294,511 320,511 346,511 373,511 399,511 425,511 451,511 477,511 504,511 530,511 556,511 582,511 608,511 635,511 661,511 687,511 713,511 740,511"/>
                <TextEquiv>
                    <Unicode>tia significat, quod est in dispositione</Unicode>
                </TextEquiv>
            </TextLine>
            <TextLine id="r2l23" custom="readingOrder {index:10;}">
                <Coords points="233,554 284,569 301,554 396,554 414,568 600,549 622,567 736,554 736,523 600,535 567,520 550,537 470,517 445,530 410,516 233,528"/>
                <Baseline points="238,547 263,548 289,548 315,549 341,549 367,549 393,550 419,550 445,550 471,550 497,550 523,550 549,550 575,550 601,550 627,549 653,549 679,550 705,550 731,550"/>
                <TextEquiv>
                    <Unicode>opposita dispositioni, in qua est in</Unicode>
                </TextEquiv>
            </TextLine>
            <TextLine id="r2l24" custom="readingOrder {index:11;}">
                <Coords points="232,594 361,606 512,593 559,608 575,594 744,594 744,564 232,565"/>
                <Baseline points="237,586 262,587 287,587 312,588 337,588 362,589 387,589 412,589 437,589 462,588 488,588 513,588 538,588 563,588 588,588 613,587 638,587 663,587 688,588 713,588 739,588"/>
                <TextEquiv>
                    <Unicode>actu. &amp;, quia actus &amp; potentia sunt</Unicode>
                </TextEquiv>
            </TextLine>
            <TextLine id="r2l26" custom="readingOrder {index:12;}">
                <Coords points="238,633 548,628 649,645 738,633 738,607 710,597 238,606"/>
                <Baseline points="243,625 268,625 294,626 320,626 346,626 371,626 397,626 423,626 449,626 475,626 500,626 526,626 552,626 578,626 604,626 629,626 655,626 681,627 707,627 733,628"/>
                <TextEquiv>
                    <Unicode>relatiua contraria: &amp; vtrunque relat</Unicode>
                </TextEquiv>
            </TextLine>
            <TextLine id="r2l29" custom="readingOrder {index:13;}">
                <Coords points="243,675 741,674 741,636 243,646"/>
                <Baseline points="248,666 273,666 299,665 325,665 350,665 376,665 402,665 427,665 453,665 479,665 504,665 530,665 556,665 581,665 607,665 633,665 658,665 684,665 710,665 736,664"/>
                <TextEquiv>
                    <Unicode>uorum accipitur in definitione al¬</Unicode>
                </TextEquiv>
            </TextLine>
            <TextLine id="r2l30" custom="readingOrder {index:14;}">
                <Coords points="244,716 717,712 717,684 660,673 637,686 505,672 471,684 244,684"/>
                <Baseline points="249,702 274,703 300,703 326,703 351,704 377,704 403,704 429,704 454,704 480,704 506,704 531,704 557,704 583,704 609,704 634,704 660,704 686,704 712,704"/>
                <TextEquiv>
                    <Unicode>terius: &amp; non accidit inde malum</Unicode>
                </TextEquiv>
            </TextLine>
            <TextLine id="r2l33" custom="readingOrder {index:15;}">
                <Coords points="246,754 744,754 744,709 534,725 246,715"/>
                <Baseline points="251,743 276,743 302,743 328,743 353,743 379,743 405,743 430,743 456,743 482,743 507,743 533,743 559,743 584,743 610,743 636,743 661,743 687,743 713,743 739,743"/>
                <TextEquiv>
                    <Unicode>Et d. &amp; non oportet quaerere defini</Unicode>
                </TextEquiv>
            </TextLine>
            <TextLine id="r2l34" custom="readingOrder {index:16;}">
                <Coords points="241,794 593,786 686,799 728,787 728,756 241,757"/>
                <Baseline points="246,782 271,782 296,782 321,782 346,782 371,782 396,782 421,782 446,782 471,782 497,782 522,782 547,782 572,782 597,782 622,782 647,782 672,782 697,781 723,781"/>
                <TextEquiv>
                    <Unicode>tionem omni modo, i. &amp; non opor</Unicode>
                </TextEquiv>
            </TextLine>
            <TextLine id="r2l36" custom="readingOrder {index:17;}">
                <Coords points="242,826 297,838 349,825 738,826 738,789 683,801 453,787 242,796"/>
                <Baseline points="247,819 272,819 298,819 323,819 349,819 374,819 400,819 426,819 451,819 477,820 502,820 528,820 553,820 579,820 605,820 630,820 656,820 681,819 707,819 733,819"/>
                <TextEquiv>
                    <Unicode>tet quaerere definitionem in omni¬</Unicode>
                </TextEquiv>
            </TextLine>
            <TextLine id="r2l39" custom="readingOrder {index:18;}">
                <Coords points="236,867 735,864 735,838 701,828 608,828 592,844 558,828 483,840 236,829"/>
                <Baseline points="241,857 266,857 292,857 318,858 343,858 369,858 395,859 421,859 446,859 472,859 498,860 524,860 549,860 575,860 601,859 627,859 652,859 678,858 704,857 730,857"/>
                <TextEquiv>
                    <Unicode>bus rebus eodem modo. definitio¬</Unicode>
                </TextEquiv>
            </TextLine>
            <TextLine id="r2l40" custom="readingOrder {index:19;}">
                <Coords points="243,906 732,906 731,869 701,865 656,877 242,877"/>
                <Baseline points="248,898 273,898 298,898 323,898 348,898 374,898 399,898 424,898 449,898 474,898 500,898 525,898 550,898 575,897 600,897 626,897 651,897 676,897 701,897 727,897"/>
                <TextEquiv>
                    <Unicode>nes enim rerum non relatiuarum debent</Unicode>
                </TextEquiv>
            </TextLine>
            <TextLine id="r2l43" custom="readingOrder {index:20;}">
                <Coords points="235,946 726,945 726,916 650,906 630,918 501,904 481,916 235,913"/>
                <Baseline points="240,936 265,935 290,935 315,935 341,935 366,935 391,936 417,936 442,936 467,936 493,936 518,936 543,937 569,937 594,937 619,937 645,936 670,936 695,935 721,935"/>
                <TextEquiv>
                    <Unicode>esse alio modo a definitionibus re</Unicode>
                </TextEquiv>
            </TextLine>
            <TextLine id="r2l45" custom="readingOrder {index:21;}">
                <Coords points="242,987 625,978 690,994 740,987 740,948 654,958 560,943 493,960 242,949"/>
                <Baseline points="247,974 272,974 298,975 324,975 349,975 375,976 401,976 426,976 452,976 478,976 503,976 529,975 555,975 580,975 606,975 632,975 657,974 683,974 709,974 735,974"/>
                <TextEquiv>
                    <Unicode>rum relatiuarum. D.d. sed consyde</Unicode>
                </TextEquiv>
            </TextLine>
            <TextLine id="r2l46" custom="readingOrder {index:22;}">
                <Coords points="234,1026 736,1024 729,989 234,989"/>
                <Baseline points="239,1013 264,1013 290,1013 316,1013 342,1014 368,1014 394,1014 420,1014 446,1014 472,1014 497,1014 523,1014 549,1014 575,1014 601,1014 627,1014 653,1014 679,1013 705,1013 731,1013"/>
                <TextEquiv>
                    <Unicode>ratio est de rebus, quae dicuntur secundum con¬</Unicode>
                </TextEquiv>
            </TextLine>
            <TextLine id="r2l49" custom="readingOrder {index:23;}">
                <Coords points="241,1059 733,1062 733,1029 677,1021 241,1029"/>
                <Baseline points="246,1051 271,1052 296,1052 322,1053 347,1053 372,1053 398,1053 423,1053 448,1053 474,1053 499,1052 525,1052 550,1052 575,1052 601,1052 626,1052 651,1052 677,1052 702,1053 728,1053"/>
                <TextEquiv>
                    <Unicode>uenientiam. i. sed definitio, quam qua</Unicode>
                </TextEquiv>
            </TextLine>
            <TextLine id="r2l51" custom="readingOrder {index:24;}">
                <Coords points="229,1098 656,1093 733,1108 722,1057 687,1071 427,1070 407,1058 229,1068"/>
                <Baseline points="234,1092 260,1092 286,1091 312,1091 338,1091 364,1091 390,1091 416,1091 442,1092 468,1092 494,1092 520,1092 546,1092 572,1092 598,1092 624,1091 650,1091 676,1091 702,1090 728,1090"/>
                <TextEquiv>
                    <Unicode>rimus hic est alio modo: cum consy</Unicode>
                </TextEquiv>
            </TextLine>
            <TextLine id="r2l53" custom="readingOrder {index:25;}">
                <Coords points="230,1138 736,1138 736,1108 651,1098 639,1110 230,1101"/>
                <Baseline points="235,1129 261,1129 287,1129 313,1129 339,1129 365,1129 391,1129 417,1129 443,1129 469,1129 496,1129 522,1129 548,1129 574,1129 600,1129 626,1129 652,1129 678,1129 704,1129 731,1129"/>
                <TextEquiv>
                    <Unicode>deratio hic est in rebus, quae dicuntur</Unicode>
                </TextEquiv>
            </TextLine>
            <TextLine id="r2l55" custom="readingOrder {index:26;}">
                <Coords points="231,1178 732,1175 732,1149 693,1135 673,1149 231,1141"/>
                <Baseline points="236,1167 261,1167 287,1168 313,1168 339,1168 365,1168 391,1168 416,1168 442,1168 468,1168 494,1168 520,1168 546,1168 571,1168 597,1168 623,1168 649,1168 675,1168 701,1168 727,1168"/>
                <TextEquiv>
                    <Unicode>secundum comparationem adinuicem scilicet in</Unicode>
                </TextEquiv>
            </TextLine>
            <TextLine id="r2l57" custom="readingOrder {index:27;}">
                <Coords points="231,1218 294,1203 351,1218 544,1211 585,1227 702,1207 731,1218 731,1173 657,1189 603,1175 585,1189 502,1189 485,1175 231,1181"/>
                <Baseline points="236,1206 261,1206 287,1206 313,1206 339,1206 364,1206 390,1206 416,1206 442,1206 468,1206 493,1206 519,1206 545,1206 571,1206 597,1206 622,1206 648,1206 674,1206 700,1206 726,1206"/>
                <TextEquiv>
                    <Unicode>rebus relatiuis. D.d. exemplum, &amp; di</Unicode>
                </TextEquiv>
            </TextLine>
            <TextLine id="r2l59" custom="readingOrder {index:28;}">
                <Coords points="236,1255 375,1263 401,1248 427,1266 443,1250 587,1247 632,1261 732,1249 732,1220 651,1212 586,1230 542,1217 524,1234 489,1214 236,1221"/>
                <Baseline points="241,1244 266,1245 292,1245 317,1245 343,1245 368,1246 394,1246 420,1246 445,1246 471,1246 496,1246 522,1246 547,1245 573,1245 599,1245 624,1245 650,1245 675,1245 701,1246 727,1246"/>
                <TextEquiv>
                    <Unicode>quoniam, sicut proportio, &amp;c. i. quoniam sicut</Unicode>
                </TextEquiv>
            </TextLine>
            <TextLine id="line_1604604470918_1824" custom="readingOrder {index:29;}">
                <Coords points="223,1285 732,1290 731,1261 705,1252 636,1266 611,1252 429,1266 269,1253 222,1270"/>
                <Baseline points="228,1282 231,1283 257,1283 283,1283 309,1284 335,1284 361,1284 387,1284 413,1284 439,1284 466,1284 492,1284 518,1283 544,1283 570,1283 596,1283 622,1283 648,1283 674,1283 700,1283 727,1284"/>
                <TextEquiv>
                    <Unicode>aedificans dicitur in re spectu aedifica</Unicode>
                </TextEquiv>
            </TextLine>
            <TextLine id="r2l63" custom="readingOrder {index:30;}">
                <Coords points="236,1331 735,1330 741,1292 236,1299"/>
                <Baseline points="241,1323 267,1323 293,1323 319,1323 345,1323 371,1323 397,1323 423,1323 449,1323 475,1323 501,1323 527,1323 553,1323 579,1323 605,1323 631,1323 657,1323 683,1323 709,1323 736,1323"/>
                <TextEquiv>
                    <Unicode>ti, &amp; aedificatum in respectu aedificam</Unicode>
                </TextEquiv>
            </TextLine>
            <TextLine id="r2l65" custom="readingOrder {index:31;}">
                <Coords points="238,1370 516,1364 544,1378 630,1360 664,1381 732,1370 732,1340 701,1332 238,1335"/>
                <Baseline points="243,1361 268,1361 293,1361 319,1361 344,1361 370,1361 395,1361 421,1361 446,1361 472,1361 497,1361 523,1361 548,1361 574,1360 599,1360 625,1360 650,1360 676,1359 701,1359 727,1359"/>
                <TextEquiv>
                    <Unicode>tis: &amp; dormiens in respectu vigilan</Unicode>
                </TextEquiv>
            </TextLine>
            <TextLine id="r2l66" custom="readingOrder {index:32;}">
                <Coords points="229,1406 344,1421 369,1405 472,1418 491,1406 516,1418 731,1410 730,1381 688,1370 667,1382 613,1368 599,1381 228,1373"/>
                <Baseline points="234,1400 259,1400 285,1399 311,1399 337,1399 363,1399 389,1399 415,1399 441,1399 467,1399 492,1400 518,1400 544,1400 570,1400 596,1400 622,1399 648,1399 674,1399 700,1399 726,1398"/>
                <TextEquiv>
                    <Unicode>tis, &amp; vigilans in respectu dormien¬</Unicode>
                </TextEquiv>
            </TextLine>
            <TextLine id="r2l68" custom="readingOrder {index:33;}">
                <Coords points="230,1437 296,1450 472,1442 502,1460 544,1441 726,1450 726,1414 659,1407 543,1407 526,1420 503,1406 482,1420 230,1413"/>
                <Baseline points="235,1437 260,1437 286,1437 311,1437 337,1437 362,1438 388,1438 414,1438 439,1438 465,1438 490,1438 516,1438 541,1437 567,1437 593,1437 618,1437 644,1437 669,1437 695,1438 721,1438"/>
                <TextEquiv>
                    <Unicode>tis: &amp; videns in respectu clausi ocu¬</Unicode>
                </TextEquiv>
            </TextLine>
            <TextLine id="r2l71" custom="readingOrder {index:34;}">
                <Coords points="231,1483 727,1482 727,1452 669,1444 536,1445 506,1459 231,1445"/>
                <Baseline points="236,1476 261,1477 287,1477 312,1477 338,1477 363,1477 389,1477 415,1477 440,1477 466,1477 491,1477 517,1477 542,1476 568,1476 594,1476 619,1476 645,1475 670,1475 696,1474 722,1474"/>
                <TextEquiv>
                    <Unicode>lorum, &amp; econuerso: &amp; forma in re</Unicode>
                </TextEquiv>
            </TextLine>
            <TextLine id="r2l73" custom="readingOrder {index:35;}">
                <Coords points="224,1521 250,1537 271,1522 730,1522 730,1493 671,1485 224,1486"/>
                <Baseline points="229,1514 255,1515 281,1515 307,1515 333,1515 359,1516 385,1516 411,1516 437,1516 463,1516 490,1515 516,1515 542,1515 568,1515 594,1515 620,1515 646,1515 672,1515 698,1516 725,1516"/>
                <TextEquiv>
                    <Unicode>spectu materiae, &amp; econuerso: &amp; art</Unicode>
                </TextEquiv>
            </TextLine>
            <TextLine id="r2l74" custom="readingOrder {index:36;}">
                <Coords points="233,1561 735,1562 728,1533 233,1526"/>
                <Baseline points="238,1555 263,1554 289,1554 315,1554 341,1554 367,1554 393,1554 419,1554 445,1554 471,1554 496,1554 522,1554 548,1554 574,1554 600,1554 626,1554 652,1554 678,1554 704,1553 730,1552"/>
                <TextEquiv>
                    <Unicode>fex in respectu artificiati, &amp; econuern</Unicode>
                </TextEquiv>
            </TextLine>
            <TextLine id="r2l76" custom="readingOrder {index:37;}">
                <Coords points="235,1603 735,1599 735,1564 577,1575 515,1562 499,1577 457,1561 439,1573 235,1564"/>
                <Baseline points="240,1593 265,1593 291,1593 317,1593 343,1593 368,1594 394,1594 420,1593 446,1593 472,1593 497,1593 523,1593 549,1593 575,1593 601,1593 626,1593 652,1593 678,1593 704,1593 730,1593"/>
                <TextEquiv>
                    <Unicode>so, &amp; similiter est in suis definitionibus, cum</Unicode>
                </TextEquiv>
            </TextLine>
            <TextLine id="r2l78" custom="readingOrder {index:38;}">
                <Coords points="231,1642 737,1642 737,1603 231,1608"/>
                <Baseline points="236,1631 262,1631 288,1632 314,1632 340,1632 366,1632 392,1632 418,1632 444,1631 470,1631 497,1631 523,1631 549,1631 575,1631 601,1631 627,1631 653,1631 679,1632 705,1632 732,1632"/>
                <TextEquiv>
                    <Unicode>significatio definitionis debeat esse</Unicode>
                </TextEquiv>
            </TextLine>
            <TextLine id="r2l81" custom="readingOrder {index:39;}">
                <Coords points="232,1677 362,1692 474,1676 709,1679 709,1651 631,1640 617,1652 541,1641 502,1652 490,1640 452,1652 435,1639 401,1653 368,1639 232,1652"/>
                <Baseline points="237,1671 262,1671 288,1671 314,1671 340,1671 366,1671 392,1671 418,1671 444,1671 470,1671 496,1671 522,1671 548,1671 574,1671 600,1672 626,1672 652,1672 678,1672 704,1671"/>
                <TextEquiv>
                    <Unicode>aequalis significationi nominum</Unicode>
                </TextEquiv>
            </TextLine>
            <TextLine id="r2l83" custom="readingOrder {index:40;}">
                <Coords points="235,1722 618,1715 736,1728 736,1676 384,1691 286,1679 272,1693 235,1681"/>
                <Baseline points="240,1711 265,1710 291,1710 317,1710 343,1710 369,1710 395,1711 420,1711 446,1711 472,1711 498,1711 524,1711 550,1711 575,1711 601,1711 627,1711 653,1711 679,1710 705,1710 731,1709"/>
                <TextEquiv>
                    <Unicode>D.d. sint igitur alterius, &amp;c. i. sint igi</Unicode>
                </TextEquiv>
            </TextLine>
            <TextLine id="r2l85" custom="readingOrder {index:41;}">
                <Coords points="232,1754 727,1754 727,1730 625,1716 232,1725"/>
                <Baseline points="237,1749 262,1749 288,1749 313,1749 339,1749 364,1749 390,1749 415,1749 441,1749 466,1749 492,1749 517,1749 543,1749 568,1749 594,1749 619,1749 645,1749 670,1749 696,1749 722,1749"/>
                <TextEquiv>
                    <Unicode>tur haeduae definitiones actus vni</Unicode>
                </TextEquiv>
            </TextLine>
            <TextLine id="r2l86" custom="readingOrder {index:42;}">
                <Coords points="235,1793 363,1805 532,1792 562,1810 588,1793 733,1793 733,1756 235,1765"/>
                <Baseline points="240,1788 265,1788 291,1788 317,1788 342,1789 368,1789 394,1789 419,1789 445,1789 471,1789 496,1789 522,1789 548,1789 573,1789 599,1789 625,1789 650,1789 676,1788 702,1788 728,1788"/>
                <TextEquiv>
                    <Unicode>uersalis. quod autem significat vtrum</Unicode>
                </TextEquiv>
            </TextLine>
            <TextLine id="r2l89" custom="readingOrder {index:43;}">
                <Coords points="235,1850 273,1833 461,1831 519,1850 560,1835 575,1850 639,1850 739,1834 739,1797 559,1812 431,1797 236,1805"/>
                <Baseline points="241,1826 266,1827 292,1828 318,1828 344,1828 370,1829 396,1829 422,1829 448,1829 474,1829 500,1829 526,1829 552,1828 578,1828 604,1828 630,1828 656,1828 682,1828 708,1829 734,1829"/>
                <TextEquiv>
                    <Unicode>que istorum in vnaquaque specie est</Unicode>
                </TextEquiv>
            </TextLine>
            <TextEquiv>
                <Unicode>declarab itur ex inductione. &amp; hoc
intendebat per sermonem sequentem,
cum dixit, quod ista descriptio appare,
bit, quando consyderauerimus quid signi
ficat actus in vnaquaque rerum, quae
dicuntur esse in actu. nihil enim aliud inten¬
dimus qua hoc, scilicet quod est in dispositio
ne, in qua non est, cum fuerit in po¬
tentia. &amp; similiter aliquid esse in poten
tia significat, quod est in dispositione
opposita dispositioni, in qua est in
actu. &amp;, quia actus &amp; potentia sunt
relatiua contraria: &amp; vtrunque relat
uorum accipitur in definitione al¬
terius: &amp; non accidit inde malum
Et d. &amp; non oportet quaerere defini
tionem omni modo, i. &amp; non opor
tet quaerere definitionem in omni¬
bus rebus eodem modo. definitio¬
nes enim rerum non relatiuarum debent
esse alio modo a definitionibus re
rum relatiuarum. D.d. sed consyde
ratio est de rebus, quae dicuntur secundum con¬
uenientiam. i. sed definitio, quam qua
rimus hic est alio modo: cum consy
deratio hic est in rebus, quae dicuntur
secundum comparationem adinuicem scilicet in
rebus relatiuis. D.d. exemplum, &amp; di
quoniam, sicut proportio, &amp;c. i. quoniam sicut
aedificans dicitur in re spectu aedifica
ti, &amp; aedificatum in respectu aedificam
tis: &amp; dormiens in respectu vigilan
tis, &amp; vigilans in respectu dormien¬
tis: &amp; videns in respectu clausi ocu¬
lorum, &amp; econuerso: &amp; forma in re
spectu materiae, &amp; econuerso: &amp; art
fex in respectu artificiati, &amp; econuern
so, &amp; similiter est in suis definitionibus, cum
significatio definitionis debeat esse
aequalis significationi nominum
D.d. sint igitur alterius, &amp;c. i. sint igi
tur haeduae definitiones actus vni
uersalis. quod autem significat vtrum
que istorum in vnaquaque specie est</Unicode>
            </TextEquiv>
        </TextRegion>
        <TextRegion orientation="0.0" id="TextRegion_1604604452789_1808" custom="readingOrder {index:1;}">
            <Coords points="758,89 1284,89 1284,1880 758,1880"/>
            <TextLine id="line_1604604443751_1806" custom="readingOrder {index:0;}">
                <Coords points="772,178 1289,171 1289,139 1257,132 772,139"/>
                <Baseline points="777,166 803,166 830,166 857,166 884,166 910,166 937,166 964,166 991,166 1017,167 1044,167 1071,167 1098,167 1124,167 1151,167 1178,167 1205,167 1231,167 1258,167 1284,166"/>
                <TextEquiv>
                    <Unicode>diuersum, non consimile. D.d. sed dicuntur</Unicode>
                </TextEquiv>
            </TextLine>
            <TextLine id="r2l5" custom="readingOrder {index:1;}">
                <Coords points="773,211 1281,213 1267,175 773,181"/>
                <Baseline points="778,203 804,203 830,204 856,204 882,204 909,204 935,204 961,204 987,204 1013,204 1040,204 1066,204 1092,204 1118,204 1144,204 1171,204 1197,204 1223,203 1249,203 1276,203"/>
                <TextEquiv>
                    <Unicode>aut secundum conuenientiam, &amp;c. i. quoniam quae¬</Unicode>
                </TextEquiv>
            </TextLine>
            <TextLine id="r2l7" custom="readingOrder {index:2;}">
                <Coords points="772,250 1279,249 1279,224 1136,212 772,222"/>
                <Baseline points="777,243 803,243 829,243 855,243 881,243 907,242 933,242 960,243 986,243 1012,243 1038,243 1064,243 1090,243 1117,243 1143,242 1169,242 1195,242 1221,242 1247,242 1274,241"/>
                <TextEquiv>
                    <Unicode>dam de quibusdam dicuntur secundum conue¬</Unicode>
                </TextEquiv>
            </TextLine>
            <TextLine id="r2l9" custom="readingOrder {index:3;}">
                <Coords points="775,290 1274,290 1274,262 1230,250 775,261"/>
                <Baseline points="780,282 805,282 831,281 857,281 882,281 908,281 934,281 960,281 985,281 1011,281 1037,281 1063,281 1088,281 1114,281 1140,281 1166,281 1191,281 1217,281 1243,281 1269,281"/>
                <TextEquiv>
                    <Unicode>nientiam &amp; proportionalitatem, sicut</Unicode>
                </TextEquiv>
            </TextLine>
            <TextLine id="r2l10" custom="readingOrder {index:4;}">
                <Coords points="775,329 1275,330 1275,299 1236,285 1212,301 1150,288 1131,304 1103,292 993,307 832,300 816,287 775,296"/>
                <Baseline points="780,319 805,319 831,320 857,320 883,320 908,320 934,320 960,320 986,320 1012,320 1037,320 1063,320 1089,319 1115,319 1141,319 1166,319 1192,319 1218,319 1244,319 1270,319"/>
                <TextEquiv>
                    <Unicode>dicitur hoc nomen potentia de duobus</Unicode>
                </TextEquiv>
            </TextLine>
            <TextLine id="r2l13" custom="readingOrder {index:5;}">
                <Coords points="768,365 1275,363 1275,333 768,336"/>
                <Baseline points="773,357 799,357 825,357 851,357 877,357 903,357 929,357 956,357 982,357 1008,357 1034,357 1060,357 1086,357 1113,357 1139,357 1165,357 1191,357 1217,357 1243,357 1270,357"/>
                <TextEquiv>
                    <Unicode>secundum proportionalitatem eorum. &amp; hoc</Unicode>
                </TextEquiv>
            </TextLine>
            <TextLine id="r2l14" custom="readingOrder {index:6;}">
                <Coords points="776,402 1271,399 1271,374 1174,365 947,365 924,377 846,365 829,380 776,365"/>
                <Baseline points="781,395 806,395 832,395 857,396 883,396 908,396 934,396 959,397 985,397 1010,397 1036,396 1061,396 1087,396 1112,396 1138,396 1163,395 1189,395 1214,395 1240,394 1266,394"/>
                <TextEquiv>
                    <Unicode>intedebat, cum d. vt sit. i. vt hoc no¬</Unicode>
                </TextEquiv>
            </TextLine>
            <TextLine id="r2l17" custom="readingOrder {index:7;}">
                <Coords points="775,443 1207,450 1278,441 1278,405 1176,420 1124,405 775,413"/>
                <Baseline points="780,433 805,434 831,434 857,434 883,434 909,434 935,434 961,434 987,434 1013,434 1039,434 1065,433 1091,433 1117,433 1143,433 1169,434 1195,434 1221,434 1247,435 1273,436"/>
                <TextEquiv>
                    <Unicode>men potentia dicitur de duobus, quorum</Unicode>
                </TextEquiv>
            </TextLine>
            <TextLine id="r2l18" custom="readingOrder {index:8;}">
                <Coords points="768,490 1197,479 1214,491 1278,482 1278,442 768,452"/>
                <Baseline points="773,472 798,473 823,473 848,473 873,473 898,473 923,473 948,473 973,473 998,473 1023,473 1048,473 1073,473 1098,473 1123,473 1148,473 1173,473 1198,473 1223,473 1248,473 1273,474"/>
                <TextEquiv>
                    <Unicode>proportio alterius ad illud, ad quod</Unicode>
                </TextEquiv>
            </TextLine>
            <TextLine id="r2l20" custom="readingOrder {index:9;}">
                <Coords points="775,522 1274,522 1274,482 775,491"/>
                <Baseline points="780,511 805,511 831,511 857,512 882,512 908,511 934,511 960,511 985,511 1011,511 1037,510 1063,510 1088,510 1114,510 1140,510 1166,510 1191,510 1217,511 1243,511 1269,512"/>
                <TextEquiv>
                    <Unicode>comparatur, est sicut proportio reli</Unicode>
                </TextEquiv>
            </TextLine>
            <TextLine id="r2l22" custom="readingOrder {index:10;}">
                <Coords points="771,560 1029,553 1060,567 1166,553 1190,568 1275,555 1274,524 770,526"/>
                <Baseline points="776,550 802,550 828,550 854,550 880,549 906,549 932,549 958,549 984,549 1010,549 1036,549 1062,549 1088,549 1114,549 1140,549 1166,549 1192,549 1218,549 1244,550 1270,550"/>
                <TextEquiv>
                    <Unicode>qui ad illud: &amp; hoc per hanc praepo</Unicode>
                </TextEquiv>
            </TextLine>
            <TextLine id="r2l25" custom="readingOrder {index:11;}">
                <Coords points="774,594 1064,595 1083,607 1095,595 1277,593 1278,565 809,557 775,573"/>
                <Baseline points="779,587 804,587 830,588 856,588 882,588 908,588 934,588 960,588 986,588 1012,588 1038,588 1064,588 1090,588 1116,588 1142,588 1168,588 1194,588 1220,588 1246,588 1272,588"/>
                <TextEquiv>
                    <Unicode>nntionem ad, aut alias praepositiones.</Unicode>
                </TextEquiv>
            </TextLine>
            <TextLine id="r2l27" custom="readingOrder {index:12;}">
                <Coords points="770,636 1279,633 1279,605 1242,597 770,597"/>
                <Baseline points="775,628 801,627 827,627 853,627 880,627 906,627 932,627 958,627 985,627 1011,627 1037,627 1063,627 1090,627 1116,627 1142,627 1168,627 1195,627 1221,627 1247,627 1274,627"/>
                <TextEquiv>
                    <Unicode>D.d. exemplum, &amp; d. quaedam enim</Unicode>
                </TextEquiv>
            </TextLine>
            <TextLine id="r2l28" custom="readingOrder {index:13;}">
                <Coords points="768,674 1271,674 1271,645 1255,637 1208,654 1152,637 768,637"/>
                <Baseline points="773,664 798,664 824,665 850,665 876,665 902,665 928,665 954,665 980,665 1006,665 1032,665 1058,665 1084,665 1110,665 1136,665 1162,665 1188,665 1214,665 1240,665 1266,665"/>
                <TextEquiv>
                    <Unicode>sunt sicut motus ad potentiam, &amp;c.</Unicode>
                </TextEquiv>
            </TextLine>
            <TextLine id="r2l31" custom="readingOrder {index:14;}">
                <Coords points="775,714 1139,710 1215,725 1269,711 1269,677 1190,692 1153,673 1044,685 1021,672 1005,686 775,674"/>
                <Baseline points="780,703 805,704 830,704 856,704 881,704 907,704 932,704 958,704 983,704 1009,704 1034,704 1060,704 1085,704 1111,704 1136,704 1162,703 1187,703 1213,703 1238,703 1264,703"/>
                <TextEquiv>
                    <Unicode>i. v. g. in eis, quae dicuntur secundum propor</Unicode>
                </TextEquiv>
            </TextLine>
            <TextLine id="r2l32" custom="readingOrder {index:15;}">
                <Coords points="775,754 1270,754 1270,713 1219,726 775,717"/>
                <Baseline points="780,741 805,741 831,742 856,742 882,742 907,743 933,743 958,743 984,743 1009,743 1035,743 1060,743 1086,743 1111,743 1137,743 1162,743 1188,743 1213,743 1239,743 1265,743"/>
                <TextEquiv>
                    <Unicode>tionalitatem, est dicere potentia ad</Unicode>
                </TextEquiv>
            </TextLine>
            <TextLine id="r2l35" custom="readingOrder {index:16;}">
                <Coords points="775,794 1218,794 1275,786 1275,756 1105,749 1042,769 1010,751 775,757"/>
                <Baseline points="780,782 805,781 831,781 857,781 883,781 908,781 934,781 960,781 986,781 1012,781 1037,782 1063,782 1089,782 1115,782 1141,782 1166,782 1192,781 1218,781 1244,781 1270,781"/>
                <TextEquiv>
                    <Unicode>motum, &amp; potentia, quae est in materia</Unicode>
                </TextEquiv>
            </TextLine>
            <TextLine id="r2l37" custom="readingOrder {index:17;}">
                <Coords points="764,828 922,825 950,839 967,826 1007,837 1114,825 1137,838 1157,825 1265,829 1266,796 764,797"/>
                <Baseline points="769,819 794,819 820,819 846,819 872,820 898,820 924,820 949,820 975,820 1001,820 1027,819 1053,819 1079,819 1104,819 1130,819 1156,819 1182,820 1208,820 1234,820 1260,820"/>
                <TextEquiv>
                    <Unicode>ad formam: proportio enim potentiae,</Unicode>
                </TextEquiv>
            </TextLine>
            <TextLine id="r2l38" custom="readingOrder {index:18;}">
                <Coords points="775,874 1165,865 1184,879 1254,864 1254,837 1179,840 1165,826 1132,844 999,828 950,840 775,829"/>
                <Baseline points="780,856 806,857 832,857 858,858 884,859 910,859 936,859 962,859 988,860 1014,860 1040,860 1066,859 1092,859 1118,859 1144,859 1170,858 1196,858 1222,858 1249,857"/>
                <TextEquiv>
                    <Unicode>quae est in moto ad motum, est, propor</Unicode>
                </TextEquiv>
            </TextLine>
            <TextLine id="r2l41" custom="readingOrder {index:19;}">
                <Coords points="774,906 1267,906 1267,875 1237,864 1186,882 1162,866 1139,878 1039,865 774,876"/>
                <Baseline points="779,897 804,897 829,897 855,897 880,897 906,897 931,897 956,897 982,898 1007,898 1033,898 1058,898 1084,898 1109,898 1134,898 1160,897 1185,897 1211,897 1236,897 1262,896"/>
                <TextEquiv>
                    <Unicode>tio potentiae, quae est in materia ad for¬</Unicode>
                </TextEquiv>
            </TextLine>
            <TextLine id="r2l42" custom="readingOrder {index:20;}">
                <Coords points="768,946 1257,947 1257,917 1241,909 768,916"/>
                <Baseline points="773,936 798,936 823,936 848,936 873,936 899,936 924,936 949,936 974,936 999,936 1025,936 1050,936 1075,936 1100,936 1125,936 1151,936 1176,936 1201,936 1226,935 1252,935"/>
                <TextEquiv>
                    <Unicode>mam. D.d. Et alio modo, &amp;c. i. &amp; po</Unicode>
                </TextEquiv>
            </TextLine>
            <TextLine id="r2l44" custom="readingOrder {index:21;}">
                <Coords points="772,980 1171,979 1233,993 1262,978 1262,953 772,954"/>
                <Baseline points="777,976 802,975 827,975 852,974 878,974 903,974 928,974 953,974 979,974 1004,974 1029,974 1054,974 1080,974 1105,974 1130,975 1155,974 1181,974 1206,974 1231,974 1257,974"/>
                <TextEquiv>
                    <Unicode>tentia dicitur alio modo ab eo, qui</Unicode>
                </TextEquiv>
            </TextLine>
            <TextLine id="r2l47" custom="readingOrder {index:22;}">
                <Coords points="771,1019 1106,1016 1123,1033 1146,1018 1214,1017 1259,1030 1259,989 1173,981 771,988"/>
                <Baseline points="776,1013 801,1013 826,1013 851,1014 876,1013 901,1013 926,1013 952,1013 977,1013 1002,1013 1027,1013 1052,1013 1077,1013 1103,1013 1128,1013 1153,1013 1178,1013 1203,1014 1228,1014 1254,1014"/>
                <TextEquiv>
                    <Unicode>dicitur secundum conuenientiam. v. g. dicere, quod</Unicode>
                </TextEquiv>
            </TextLine>
            <TextLine id="r2l48" custom="readingOrder {index:23;}">
                <Coords points="767,1058 985,1057 1006,1071 1038,1057 1259,1057 1259,1030 1228,1021 1156,1021 1117,1039 1088,1021 996,1032 767,1021"/>
                <Baseline points="772,1051 797,1051 822,1052 848,1052 873,1052 898,1052 924,1052 949,1052 974,1052 1000,1052 1025,1052 1051,1052 1076,1051 1101,1051 1127,1051 1152,1051 1177,1052 1203,1052 1228,1052 1254,1052"/>
                <TextEquiv>
                    <Unicode>infinitum est in potentia. &amp; intendit,</Unicode>
                </TextEquiv>
            </TextLine>
            <TextLine id="r2l50" custom="readingOrder {index:24;}">
                <Coords points="769,1105 1269,1098 1269,1069 1220,1060 769,1063"/>
                <Baseline points="774,1091 799,1091 825,1091 851,1091 877,1091 902,1091 928,1091 954,1091 980,1091 1006,1091 1031,1091 1057,1090 1083,1090 1109,1090 1135,1090 1160,1090 1186,1090 1212,1090 1238,1090 1264,1090"/>
                <TextEquiv>
                    <Unicode>quod non intelligitur hic per potentiam</Unicode>
                </TextEquiv>
            </TextLine>
            <TextLine id="r2l52" custom="readingOrder {index:25;}">
                <Coords points="764,1145 808,1132 916,1149 945,1134 1054,1147 1097,1132 1253,1137 1265,1101 764,1102"/>
                <Baseline points="769,1128 794,1129 820,1129 846,1129 872,1130 898,1130 924,1130 949,1130 975,1129 1001,1129 1027,1129 1053,1129 1079,1129 1104,1128 1130,1128 1156,1128 1182,1128 1208,1128 1234,1128 1260,1127"/>
                <TextEquiv>
                    <Unicode>potentia, quae dicitur respectu actus. ista</Unicode>
                </TextEquiv>
            </TextLine>
            <TextLine id="r2l54" custom="readingOrder {index:26;}">
                <Coords points="767,1178 1262,1178 1269,1135 1234,1148 1146,1134 1133,1147 1002,1134 767,1148"/>
                <Baseline points="772,1168 797,1168 823,1167 849,1167 875,1167 901,1167 927,1167 953,1167 979,1167 1005,1167 1030,1167 1056,1167 1082,1167 1108,1167 1134,1167 1160,1167 1186,1167 1212,1166 1238,1166 1264,1166"/>
                <TextEquiv>
                    <Unicode>enim est finita, sed intelligitur cum di</Unicode>
                </TextEquiv>
            </TextLine>
            <TextLine id="r2l56" custom="readingOrder {index:27;}">
                <Coords points="767,1212 1041,1210 1087,1226 1112,1210 1238,1210 1263,1223 1263,1181 1221,1177 767,1182"/>
                <Baseline points="772,1207 797,1206 823,1206 848,1206 874,1206 899,1205 925,1205 951,1205 976,1205 1002,1205 1027,1206 1053,1206 1078,1206 1104,1206 1130,1206 1155,1206 1181,1205 1206,1205 1232,1205 1258,1205"/>
                <TextEquiv>
                    <Unicode>citur infinitum est in potentia, i. quod</Unicode>
                </TextEquiv>
            </TextLine>
            <TextLine id="r2l58" custom="readingOrder {index:28;}">
                <Coords points="767,1253 1190,1258 1267,1245 1267,1224 1241,1213 1089,1228 1053,1213 1005,1225 767,1213"/>
                <Baseline points="772,1245 797,1245 823,1245 849,1245 875,1245 900,1245 926,1245 952,1245 978,1245 1004,1245 1029,1245 1055,1245 1081,1245 1107,1245 1133,1245 1158,1245 1184,1244 1210,1244 1236,1244 1262,1243"/>
                <TextEquiv>
                    <Unicode>semper potentia associatur ei, vt di¬</Unicode>
                </TextEquiv>
            </TextLine>
            <TextLine id="r2l60" custom="readingOrder {index:29;}">
                <Coords points="767,1290 1257,1291 1257,1255 767,1257"/>
                <Baseline points="772,1283 797,1283 822,1283 847,1283 873,1283 898,1283 923,1283 948,1283 974,1283 999,1283 1024,1283 1049,1283 1075,1283 1100,1283 1125,1283 1150,1283 1176,1283 1201,1283 1226,1283 1252,1282"/>
                <TextEquiv>
                    <Unicode>ctum est in Physicis. D.d. &amp; vacuum</Unicode>
                </TextEquiv>
            </TextLine>
            <TextLine id="r2l62" custom="readingOrder {index:30;}">
                <Coords points="764,1330 1266,1330 1266,1301 764,1292"/>
                <Baseline points="769,1322 794,1322 820,1322 846,1322 872,1322 898,1322 924,1322 950,1322 976,1322 1002,1322 1027,1322 1053,1321 1079,1321 1105,1321 1131,1321 1157,1321 1183,1321 1209,1321 1235,1322 1261,1322"/>
                <TextEquiv>
                    <Unicode>i. &amp; sicut sermodicentis, quod vacuum</Unicode>
                </TextEquiv>
            </TextLine>
            <TextLine id="r2l64" custom="readingOrder {index:31;}">
                <Coords points="761,1370 1271,1370 1271,1341 1152,1330 1114,1342 849,1343 801,1329 761,1340"/>
                <Baseline points="766,1360 791,1360 816,1360 841,1361 866,1361 891,1361 916,1361 941,1361 966,1361 991,1361 1016,1361 1041,1361 1066,1361 1091,1361 1116,1361 1141,1360 1166,1360 1191,1360 1216,1360 1241,1360 1266,1360"/>
                <TextEquiv>
                    <Unicode>est in potentia in corporibus non </Unicode>
                </TextEquiv>
            </TextLine>
            <TextLine id="r2l67" custom="readingOrder {index:32;}">
                <Coords points="764,1409 1244,1410 1268,1407 1268,1373 1083,1383 976,1369 941,1382 882,1367 819,1381 800,1367 764,1381"/>
                <Baseline points="769,1400 795,1400 821,1400 847,1400 873,1399 899,1399 925,1399 951,1399 977,1399 1003,1399 1029,1399 1055,1399 1081,1399 1107,1399 1133,1399 1159,1399 1185,1399 1211,1399 1237,1400 1263,1400"/>
                <TextEquiv>
                    <Unicode>actu, &amp; sermo dicentis, quod in materia</Unicode>
                </TextEquiv>
            </TextLine>
            <TextLine id="r2l69" custom="readingOrder {index:33;}">
                <Coords points="766,1446 1258,1450 1264,1406 1102,1421 1009,1406 962,1420 766,1413"/>
                <Baseline points="771,1437 796,1437 822,1437 848,1437 873,1437 899,1437 925,1438 950,1438 976,1438 1002,1438 1027,1438 1053,1438 1079,1437 1104,1437 1130,1437 1156,1437 1181,1437 1207,1437 1233,1437 1259,1437"/>
                <TextEquiv>
                    <Unicode>est potentia ad formas infinitas est</Unicode>
                </TextEquiv>
            </TextLine>
            <TextLine id="r2l70" custom="readingOrder {index:34;}">
                <Coords points="767,1488 851,1483 873,1498 896,1482 1075,1479 1200,1495 1265,1482 1265,1454 1226,1444 1180,1457 1154,1444 1076,1457 1063,1445 767,1447"/>
                <Baseline points="772,1477 797,1477 823,1476 849,1476 874,1476 900,1476 926,1475 951,1475 977,1476 1003,1476 1028,1476 1054,1476 1080,1476 1105,1476 1131,1477 1157,1477 1182,1477 1208,1477 1234,1477 1260,1477"/>
                <TextEquiv>
                    <Unicode>de hoc genere. D.d. &amp; omnia, quae sunt</Unicode>
                </TextEquiv>
            </TextLine>
            <TextLine id="r2l72" custom="readingOrder {index:35;}">
                <Coords points="767,1522 863,1522 876,1535 893,1522 1259,1527 1259,1493 1187,1486 767,1493"/>
                <Baseline points="772,1516 797,1515 822,1515 848,1515 873,1515 898,1515 924,1515 949,1515 974,1515 1000,1515 1025,1515 1051,1515 1076,1515 1101,1515 1127,1515 1152,1515 1177,1515 1203,1515 1228,1515 1254,1515"/>
                <TextEquiv>
                    <Unicode>talia in potentia, &amp;c. i. &amp; omnia, quae</Unicode>
                </TextEquiv>
            </TextLine>
            <TextLine id="r2l75" custom="readingOrder {index:36;}">
                <Coords points="765,1562 866,1573 1260,1562 1261,1528 766,1529"/>
                <Baseline points="771,1553 796,1554 822,1554 847,1554 873,1554 898,1554 924,1554 949,1554 975,1554 1000,1554 1026,1554 1051,1554 1077,1554 1102,1554 1128,1554 1153,1554 1179,1554 1204,1554 1230,1554 1256,1554"/>
                <TextEquiv>
                    <Unicode>dicuntur in potentia &amp; actu secundum conuenien</Unicode>
                </TextEquiv>
            </TextLine>
            <TextLine id="r2l77" custom="readingOrder {index:37;}">
                <Coords points="767,1600 1078,1610 1167,1594 1194,1616 1265,1594 1265,1573 1191,1561 1120,1573 1090,1561 1073,1573 767,1566"/>
                <Baseline points="772,1593 797,1593 823,1593 849,1593 874,1594 900,1594 926,1594 951,1594 977,1594 1003,1593 1028,1593 1054,1593 1080,1593 1105,1593 1131,1593 1157,1593 1182,1593 1208,1593 1234,1593 1260,1593"/>
                <TextEquiv>
                    <Unicode>tiam, inueniuntur in pluribus specie¬</Unicode>
                </TextEquiv>
            </TextLine>
            <TextLine id="r2l79" custom="readingOrder {index:38;}">
                <Coords points="764,1639 981,1636 1040,1650 1111,1635 1239,1650 1262,1638 1252,1602 1199,1615 1135,1600 1040,1613 764,1602"/>
                <Baseline points="769,1632 794,1632 820,1632 846,1632 871,1632 897,1632 923,1632 948,1632 974,1632 1000,1632 1025,1632 1051,1632 1077,1632 1102,1632 1128,1632 1154,1632 1179,1632 1205,1632 1231,1632 1257,1632"/>
                <TextEquiv>
                    <Unicode>bus entium. vt dicitur quod in visu &amp; in aedi</Unicode>
                </TextEquiv>
            </TextLine>
            <TextLine id="r2l80" custom="readingOrder {index:39;}">
                <Coords points="766,1678 1218,1688 1263,1676 1263,1641 1246,1653 1141,1653 1125,1639 1040,1653 766,1643"/>
                <Baseline points="771,1671 796,1671 822,1671 847,1671 873,1671 899,1671 924,1671 950,1671 976,1671 1001,1671 1027,1671 1052,1671 1078,1671 1104,1671 1129,1671 1155,1671 1181,1671 1206,1671 1232,1671 1258,1671"/>
                <TextEquiv>
                    <Unicode>ficato, &amp; inspecto. i. quoniam dicitur quod vi</Unicode>
                </TextEquiv>
            </TextLine>
            <TextLine id="r2l82" custom="readingOrder {index:40;}">
                <Coords points="763,1716 983,1713 1028,1728 1169,1714 1189,1731 1259,1718 1247,1680 1224,1693 763,1682"/>
                <Baseline points="768,1709 793,1710 819,1710 844,1710 870,1710 895,1710 921,1710 947,1711 972,1711 998,1711 1023,1711 1049,1711 1074,1711 1100,1711 1126,1711 1151,1711 1177,1711 1202,1711 1228,1711 1254,1711"/>
                <TextEquiv>
                    <Unicode>sus quidam est in potentia, &amp; quidam</Unicode>
                </TextEquiv>
            </TextLine>
            <TextLine id="r2l84" custom="readingOrder {index:41;}">
                <Coords points="766,1754 1076,1752 1097,1768 1112,1754 1264,1757 1254,1718 1223,1733 1173,1717 1070,1732 930,1716 873,1737 838,1719 803,1730 766,1717"/>
                <Baseline points="771,1749 796,1749 822,1749 848,1749 873,1749 899,1749 925,1749 950,1749 976,1749 1002,1749 1027,1748 1053,1748 1079,1748 1104,1748 1130,1748 1156,1749 1181,1749 1207,1749 1233,1750 1259,1750"/>
                <TextEquiv>
                    <Unicode>in actu. &amp; similiter visum quoddam est</Unicode>
                </TextEquiv>
            </TextLine>
            <TextLine id="r2l87" custom="readingOrder {index:42;}">
                <Coords points="767,1795 910,1794 931,1809 947,1794 1267,1794 1267,1764 1229,1779 1198,1757 1092,1771 1071,1757 767,1757"/>
                <Baseline points="772,1789 797,1789 823,1789 849,1789 875,1789 900,1789 926,1789 952,1789 978,1789 1004,1789 1029,1789 1055,1789 1081,1789 1107,1789 1133,1789 1158,1789 1184,1789 1210,1789 1236,1790 1262,1790"/>
                <TextEquiv>
                    <Unicode>in actu, &amp; quoddam in potentia. &amp; </Unicode>
                </TextEquiv>
            </TextLine>
            <TextLine id="r2l88" custom="readingOrder {index:43;}">
                <Coords points="766,1836 1266,1834 1266,1797 931,1810 913,1797 860,1809 766,1797"/>
                <Baseline points="771,1828 796,1829 822,1829 848,1829 874,1830 899,1830 925,1830 951,1830 977,1830 1003,1829 1028,1829 1054,1829 1080,1829 1106,1829 1132,1828 1157,1828 1183,1828 1209,1828 1235,1828 1261,1828"/>
                <TextEquiv>
                    <Unicode>similiter de aedificante &amp; aedificato. Et, cum</Unicode>
                </TextEquiv>
            </TextLine>
            <TextEquiv>
                <Unicode>diuersum, non consimile. D.d. sed dicuntur
aut secundum conuenientiam, &amp;c. i. quoniam quae¬
dam de quibusdam dicuntur secundum conue¬
nientiam &amp; proportionalitatem, sicut
dicitur hoc nomen potentia de duobus
secundum proportionalitatem eorum. &amp; hoc
intedebat, cum d. vt sit. i. vt hoc no¬
men potentia dicitur de duobus, quorum
proportio alterius ad illud, ad quod
comparatur, est sicut proportio reli
qui ad illud: &amp; hoc per hanc praepo
nntionem ad, aut alias praepositiones.
D.d. exemplum, &amp; d. quaedam enim
sunt sicut motus ad potentiam, &amp;c.
i. v. g. in eis, quae dicuntur secundum propor
tionalitatem, est dicere potentia ad
motum, &amp; potentia, quae est in materia
ad formam: proportio enim potentiae,
quae est in moto ad motum, est, propor
tio potentiae, quae est in materia ad for¬
mam. D.d. Et alio modo, &amp;c. i. &amp; po
tentia dicitur alio modo ab eo, qui
dicitur secundum conuenientiam. v. g. dicere, quod
infinitum est in potentia. &amp; intendit,
quod non intelligitur hic per potentiam
potentia, quae dicitur respectu actus. ista
enim est finita, sed intelligitur cum di
citur infinitum est in potentia, i. quod
semper potentia associatur ei, vt di¬
ctum est in Physicis. D.d. &amp; vacuum
i. &amp; sicut sermodicentis, quod vacuum
est in potentia in corporibus non 
actu, &amp; sermo dicentis, quod in materia
est potentia ad formas infinitas est
de hoc genere. D.d. &amp; omnia, quae sunt
talia in potentia, &amp;c. i. &amp; omnia, quae
dicuntur in potentia &amp; actu secundum conuenien
tiam, inueniuntur in pluribus specie¬
bus entium. vt dicitur quod in visu &amp; in aedi
ficato, &amp; inspecto. i. quoniam dicitur quod vi
sus quidam est in potentia, &amp; quidam
in actu. &amp; similiter visum quoddam est
in actu, &amp; quoddam in potentia. &amp; 
similiter de aedificante &amp; aedificato. Et, cum</Unicode>
            </TextEquiv>
        </TextRegion>
    </Page>
</PcGts>
