1475 2066
228 161 747 210 voluerit vt sit, & nullum extrinsecun
237 206 749 256 impediet. & ista definitio, licet indu
246 241 742 283 xerit eam in sanitate, est vniversalis omnibus
247 281 748 323 rebus factis ab artificio. D.d. illud
248 319 744 362 vero, &c. i. homo vero, qui recipit
240 357 742 410 sanitatem, agit in ipsum faciens, sanita
247 399 743 446 tem, quando nullum impediet extrinse¬
248 438 746 483 cum, aut intrinsecum ad recipiendam
245 473 747 514 sanitatem. D.d. & similiter domus in
245 512 745 563 potentia. i. & similiter illa est, ex qui¬
249 554 734 594 bus est domus, sunt domus in poten
248 596 741 643 tia, quando artifex fuerit praesens, & vo¬
236 628 747 666 luerit facere domum, & non fuerit
246 670 751 720 aliquod impediens. D.d. illud enim quid
240 706 749 758 est possibile, &c. i. illud enim, quod
240 744 743 799 est generatum in potentiam, recipit ad
247 788 741 827 ditionem, & diminutionem, & trans
236 825 743 876 mutationem. Et d. hoc quia ge
242 862 735 913 neratio perficitur per haec tria. ne
245 901 741 955 cesse lest enim, quando aliquid ge¬
243 941 733 992 neratur, vt aliquid superfiuum
245 983 748 1029 quod non conuenit ad recipiendum
242 1018 747 1059 formam, diuidatur a sua materia:
245 1057 741 1106 & necesse est etiam vt aliquid adda¬
240 1097 741 1138 tur eis scilicet forma, per quam dicitur gene¬
242 1135 746 1179 rari: & additio & diminutio non
246 1173 744 1223 erunt sine transmutatione. D.d. haec
247 1213 745 1258 igitur est domus in potentia, &c. i.
244 1252 751 1306 & illud, quod est domus in potentia,
242 1292 751 1341 est illud, in quo ponunt esse haec tria.
228 1333 741 1370 & hoc est in omnibus rebus, quarum
242 1372 739 1422 generatio extrinseca est. D.d. & etiam
248 1409 742 1461 omnia, quorum principium, &c. i.
244 1445 742 1498 generabilia autem ex se illa eorum
251 1485 747 1539 quae sunt in potentia, sunt omnia in
244 1525 753 1569 quibus non est aliquid, quod indiget
246 1564 745 1619 primo motore extrinseco, ital quod sit
247 1604 743 1651 in potentia illud. D.d. vt sperma, &c.
251 1644 749 1697 i. vt sperma. & quoniam non quando fuerit in
247 1681 749 1735 alio, in quo indiget transmutante a
245 1721 735 1765 quo transmutetur, & tunc erit sper
246 1765 743 1810 ma: quoniam tunc non dicitur esse in potentia,
244 1802 740 1851 v.g. quando est sanguis in venis: sed cum
244 1842 753 1899 fuerit sperma in actu, & habuerit virt
780 165 1298 217 tutem, per quam est sperma. D.d. illud autem
778 204 1281 253 indiget, &c. i materia autem remo¬
781 244 1291 282 ta non est in potentia illud, cuius est
777 285 1280 332 materia: quia indiget in hoc, quod exoat
781 316 1283 370 in actum alio motore ab eo, quod ge¬
777 364 1274 410 nirat illud, quod est in potentia. v. g
774 397 1275 442 quoniam terra non est idolum in potentia,
771 434 1285 475 sed est cuprum potentia. quoniam, cum trans¬
775 468 1285 524 mutatur a corpore coelesti, erit cuprum
779 513 1285 563 & cuprum est idolum in potentia: quoniam est
772 549 1274 603 illud, quod ab vno motore fit idolum,
773 589 1275 627 scilicet faciente idola. Et intendebat de¬
772 628 1270 676 clarare hoc, quod materia, quae potest simpictie
774 670 1271 720 non indiget in hoc, quod exeat in actum
779 707 1272 754 nisi vno motore tantum: Materia autem, qua
779 749 1268 795 non dicitur posse simpliciter, sed per poten
777 785 1279 835 riam remotam, exit in actum per
778 823 1275 874 plures vno motore secundum remotionem,
772 870 1277 912 aut propinquitatem. D.d. Et videtur
774 900 1270 955 vt sit illud, quod dicitur, non hoc, sec
772 941 1268 991 de quo. i. videtur quod illud, quod de¬
773 980 1281 1030 fert potentiam propinquam rei, est
778 1020 1272 1060 illuo, per cuius nomen principale non
772 1055 1272 1106 disponitur illud, ad quod potest, sed
776 1095 1277 1148 per nomen denominatiuum. v. g. quoniam
776 1133 1280 1179 idolum non dicitur esse cuprum, sed
776 1181 1279 1216 cupreum: neque quando demonstratur,
774 1212 1277 1263 idolum, & cuprum dicitur hoc, sed
776 1250 1276 1301 hoc cum hoc. & hoc est proprium
773 1292 1273 1330 idiomati Graecorum. D.d. exem¬
773 1330 1269 1378 plum, & d. ver. gra. arca, &c. i. hoc,
773 1368 1273 1418 quod d. manifestum est in nostris
775 1408 1275 1451 idiomatibus in rebus naturalibus, et
768 1446 1275 1490 in artificialibus non est manifestum
774 1491 1263 1530 Deinde d. & etiam terra, si dicitur,
774 1525 1268 1562 &c. i. & etiam terra, si habet mate¬
781 1565 1271 1616 riam, de qua praedicatur, non dici¬
776 1604 1272 1650 tur quod est illud, quod est materia il¬
776 1642 1269 1683 lius, sed illud, quo. D.d. & est illud,
776 1691 1272 1735 quod est in potentia simpliciter. i. &
776 1725 1281 1776 illud, a quo denominatut nomen ge
774 1772 1276 1812 nerati, est illud, quod est in potentiae
768 1801 1272 1843 illud, quod potest simpliciter. D.d.
772 1845 1273 1898 vt arca, quae non est terrea, &c. i. v. g.
