1475 2066
220 172 735 228 singulares scilicet indiuiduales, non vniversales:
234 217 731 258 sicut sermo dicentium, quod elementa
232 258 731 300 sunt quatuor scilicet aqua, & ignis, terra,
228 298 732 338 & aer, aut duo eorum. isti enim non
227 341 735 382 opinantur, quod vniuersale commune
228 373 731 414 istis est elementum, scilicet corpus,
230 412 723 451 sed ignis, & terra: & indifferentes
230 448 719 501 apud eos siue istud commune habue
230 486 722 529 rit esse, aut non habueit esse. Et hoc
226 528 721 584 quod dixit, est contingens eis, quia
224 567 723 603 cum vnitates numerales fuerint ex¬
230 605 731 650 tra animam, erunt in materia, & erit
232 642 734 686 vna secundum formam, & multae se
226 682 730 732 cundum numerum. & ista est dispo
230 719 728 773 sitio vnitarum, quae significant ea,
226 763 727 808 quae sunt consimilium partium: &
227 797 728 848 dispositio multitudinis existentis in
232 837 726 874 eis. & hoc intendebat, cum d. vnum
226 877 724 927 igitur nunc, &c. Deinde dicit: &, cum
226 913 730 954 ita sit, numeri non sunt substantiae.
223 952 730 994 idest & cum vnitates non sunt nisi
233 992 731 1035 elementa vnitatum sensibilium, secundum
224 1030 733 1078 quod sunt vnitates indiuiduales consimi
227 1072 726 1122 lium partium, manifestum est quod nume
231 1116 725 1146 ri, qui sunt species, non sunt substan
230 1145 721 1187 tiae abstractae. scilicet formae Sed manife¬
226 1188 724 1227 stum est, si fuerit declaratum aliquod
226 1229 724 1274 vnum existens per se extra animam, quod
226 1266 725 1306 illud est principium omnium entium
250 1305 727 1346 D.d. & vnum dicitur multis modis. i.
220 1343 727 1395 & possibile est vt in quolibet praedicamen
229 1381 725 1426 torum sit vnum, scilicet indiuisibile in ille
230 1421 728 1473 praedicamento, sicut est in quantitate
230 1468 733 1510 discreta: quia vnum dicitur multas modis.
246 1502 722 1551 Et d. hoc, innuendo errorem Antiquo
220 1538 718 1589 rum opinantium vnum, dici de vna in
225 1575 729 1618 tentione, scilicet substantia indiuiduali,
224 1620 730 1658 sicut dicebant de hoc nomine ens,
250 1653 727 1704 D.d. Sed illi volunt, &c. i. per hoc, quod
224 1693 725 1730 ipsi quaerunt principia substantiae, rei
228 1731 729 1770 ctum fuit. sed eleuant substantias, aut
228 1773 730 1819 quod non est possibile vt sit principium
227 1805 723 1844 substantia, sicut formae numerales
227 1845 658 1899 & magnitudines geometricae.
800 172 1318 226 Longitudines quidem ex lon E
756 228 1266 267 go & breui ponunt, ex quodam
764 260 1269 314 paruo & magno: planum vero
758 301 1257 346 ex lato & stricto: corpus autem
760 344 1046 386 ex alto & humili.
804 385 1261 442 Finea autem componitur ex lon¬
757 432 1261 498 go, & breui, & ex paruo & ma¬
763 477 1267 541 gno: & superficies ex lato & stri
757 529 1259 586 cto: & corpus ex prosundo & imo.
797 572 1264 629 Quoniam Antiqui dicebant, quod prin¬
761 609 1265 658 cipia prima sunt contraria, & isti similiter
758 660 1258 703 dicentes numeros dicunt quod prima
757 693 1259 730 contrarietas in numeris est multum &
762 733 1265 782 paucum, & in magnitudinibus prima
762 772 1261 813 contraria sunt apud eos principia,
762 808 1264 850 narrat sermones eorum in hoc, & d.
762 847 1261 890 Sed isti ponunt principia lineae hanc
762 884 1269 929 contrarietatem. scilicet longum & breue,
764 925 1261 976 & magnum & paruum: & ponunt con¬
756 962 1264 1003 trarietatem, ex qua sit superficies, la¬
763 1000 1261 1051 tum & strictum: & ex qua sit corpus,
760 1037 1070 1090 profundum & imum
795 1093 1250 1139 At quomodo aut planum habebit li¬
759 1142 1268 1186 neam, aut solidum lineam atque pla
761 1182 1259 1219 numus aliud nanque geneus latum &
754 1219 1268 1268 strictum, altum & humile. Quemad
762 1258 1261 1305 modum igitur neque numerus est in
758 1301 1269 1347 eis, eo quod multu & paucum ab his,
759 1342 1268 1394 aliud est: ita manifestum est, quod
761 1388 1265 1441 nec aliud quicquam superiorum in¬
756 1427 1269 1467 ferioribus inerit. At vero nec la¬
758 1477 1263 1523 tum genus alti est. etenim corpus
757 1508 1271 1562 esset planum quid. Item puncta, ex
765 1558 1263 1599 quo insunt AAt huic generi ad¬
756 1596 1267 1634 uersabatur Plato, tanquam existenti
757 1636 1273 1682 dogmati Geometrico. sed nomi
757 1684 1269 1723 nabat principium lineae, hoc vero
761 1719 1265 1762 saepius ponebat lineas indiuisibi
759 1765 1273 1802 les. atqui necesse est harum aliquem
763 1801 1273 1858 esse terminum, quare ex qua ratione
754 1845 1235 1899 linea est: punctum quoque est.
