1475 2066
211 144 722 211 & quod hoc est secundum forman¬
221 196 723 258 idem. & ideo existimatur, quod im¬
214 244 727 306 possibile sit vt sit aedificator, qui
212 292 733 354 non aedificet omnino, & vt sit cithari
219 340 733 402 sta, qui non citharilet omnino. qui
215 388 727 451 enim addiscit cithari lare cithari
219 436 723 499 Aat et addiscit. et similiter de alii¬
219 484 722 538 etia. Et ex hoc fuit causa sermoni
219 532 726 594 Sophistaru, quod possibile est vt co
216 584 728 643 gnitio non sit in vno, & vt agat in
216 629 717 690 tud, quod habet dominus cognitio
221 676 728 739 nis. non igitur habet addiscens, nisi
211 725 729 786 vt sit aliquid ex eo, quod habet ge
223 773 733 835 neratum, & vt moueatur aliquo
218 821 729 882 motu eorum, quae vniuersaliter ha
221 869 721 930 bet motor. & est manifestum in ser¬
222 916 721 974 monibus de motu, quoniam est ne¬
221 964 726 1026 cesse vt hoc & addiscens habeani
218 1011 548 1074 aliquid de cognitione.
261 1077 729 1128 Intendit per sermonem de substantia
220 1122 726 1171 Septimum istius libri, in quo locutus
232 1157 736 1210 est de principiis substantiae sensibilis.
246 1196 737 1235 Et cum d. ex aliquo intendit manm.
240 1236 731 1288 & per aliquid, intendit agens. & quod agens
238 1278 733 1315 & actum sunt idem in forma. totum
233 1310 733 1354 enim hoc declaratum est in illo tra
226 1350 731 1393 ctatu, & intendebat declarare per hoc,
234 1391 724 1442 quod actus est ante potentiam secundum tempus
228 1432 737 1467 & secundum substantiam. D.d. & ideo existit
233 1468 726 1514 matur, quod impossibile sit vt sit aedificator, quod
231 1503 736 1559 non aedificet omnino. i. & quia actus praece
232 1539 726 1586 dit potentiam tempore, existimatur, quod im¬
232 1584 733 1637 possibile est vt acquirat artem aedifica
232 1627 734 1666 toriae qui non aedificat, neque artem ci
230 1663 736 1706 tharixandi, qui nunquam citharixauit.
247 1701 733 1746 D.d. qui enim addiscit citharixa¬
224 1741 728 1795 re, &c. i. qui enim addiscit citharixa
232 1781 730 1828 te citharixat vt addiscat, & sic acqui¬
229 1821 729 1858 rit artem citharitandi. & similiter in aliis al
760 149 1253 194 tificiis, quae addiscuntur per exereitium
772 197 1256 228 D.d. Et ex hoc fuit camsa, &c. i. & ex
758 221 1259 280 hoc, quod actus praecedit potentiam, fuit caum
758 269 1259 319 quidnis Sophistarum famosae attribute
761 306 1260 354 Mennoni, per quam destruit scire & ad
755 344 1255 386 discere. dicebat enim quod impossibile est ali¬
760 380 1257 427 quid addisci. lquoniam addiscere aut erit
762 421 1264 466 nine aliqua actione scientiae addiscente, aut
766 468 1265 511 per aliquam actionem. si igitur sine aliqua
756 501 1271 544 actione, non erit illic addiscere omnino,
757 535 1265 580 & si per actiones illius scientiae, tunc addi¬
757 575 1257 628 scens erit sciens, & non indigebit addi¬
758 613 1259 667 scere. v. g. quod, si non addiscit citharixa¬
765 653 1258 705 re nisi qui citharixat: & non cithari
756 700 1265 741 xat nisi qui scit citharixare: ergo
756 731 1263 784 impossibile est addiscere citharixare. Se
756 771 1260 821 quitur enim ex hac quidne vt qui nescit
760 806 1266 858 eitharixare agat citharistae actionem,
763 846 1269 899 & hoc intendebat, cum d. & vt agat il¬
760 885 1264 939 lud, quod habet dicuns cognitionis. i. vt
756 932 1257 977 addiscens agat actionem scientis: dicen
763 963 1259 1016 do quod qui addiscit habet scientiam, & qui
760 1000 1262 1054 habet scientiam est sciens: ergo addiscens
760 1044 1264 1082 est sciens. D.d. non igitur habet, &c. i.
764 1085 1268 1131 quoniam omne quod generatur & fit aliquid,
762 1116 1269 1154 impossibile est hoc fieri, nisi vt habeat
759 1152 1259 1208 namcliter illud aliquid ex eo, quod habe¬
766 1194 1259 1234 bit in postremo. v. v. quoniam impossibile est
762 1226 1256 1274 vt citharixet, nisi isse, qui habet ali¬
764 1269 1266 1314 quid de arte cithariaandi. & ideo asi
761 1317 1250 1354 nus non addiscit citharixare, nequi
762 1350 1259 1401 homo, qui non est innatus citharixare.
769 1389 1254 1426 & hoc intendebat cum dicit, & vt mo
760 1435 1259 1467 ueatur, &c. i. & omne, quod mouets
759 1463 1263 1518 in aliquo motu, impossibile est vt mo¬
760 1503 1259 1555 ueatur illo motu, nisi habeat aliquid
760 1541 1254 1594 eorum, quae habet motor: & si non ha¬
766 1582 1257 1621 bet eodem modo, secundum quod ha¬
763 1620 1259 1660 bet motor. D.d. & est manifestum ex¬
763 1659 1131 1707 sermonibus de motu, &c.
806 1732 1265 1788 At ex hoc quoque patet quod
757 1773 1263 1827 actus prior potentia, & genera¬
762 1821 1103 1874 tione, & tempore est.
