1475 2066
236 153 744 200 & intendit per potentiam corpora co¬
242 188 747 226 lestia, quoniam in corporibus coelestibus
253 237 751 280 est potentia ad generationem & cor
254 265 748 309 ruptionem istorum, & ad generatio
256 303 756 356 nem contrariorum apud propinqui
256 341 745 385 tatem & remotionem. D.d. illud. en
259 380 753 431 quod habet potentiam, &c. i. illud enim
256 421 751 469 de corporibus coelestibus, quod ha
257 460 759 511 bet potentiam. vt sit aliquid, habet po¬
249 497 758 538 tentiam vt sit non illud, sed contra¬
254 537 757 588 rium: sicut est dispositio in omnibus, quae
253 574 758 626 sunt cum ratione, scilicet quia agunt con
252 617 757 659 traria in diuersis: sicut dictum est su
250 653 752 702 perius. D.d. Illa autem, quae non ha
261 691 761 730 bent definitiones, &c. sic inuenitur in¬
258 728 755 770 exemplar. scilicet quod sunt contradictorio¬
236 765 758 823 rum, sine non. & debet esse quod non
257 807 759 850 sunt contradictoriorum: quia hoc
253 844 759 897 declaratum est in principio istius tra
250 883 755 922 ctatus. Et demonstrat hoc, quia in
257 932 752 972 alia translatione sic est: Illa autem quae
259 962 753 1014 sunt sine ratione, quia sunt praesen¬
259 1005 763 1042 tia, & non sunt contradictoriorum
250 1039 756 1090 generationis istorum, i, quae autem sunt
254 1078 755 1122 sine ratione, non agunt contraria
250 1116 752 1168 primo & essentialiter, quando est praesen¬
259 1153 752 1210 illud, in quod agunt. & est necesse v
258 1196 761 1245 sit ptaesens: quia agunt, quando actum in
257 1232 757 1275 telligunt. D.d. Si igitur ista fuerint
259 1277 755 1322 naturae, &c. & in alia translatione sic
254 1312 761 1355 inuenitur: si autem inuenitur aliqua
236 1349 746 1394 natura sicut ista, aut substantiae, si
257 1395 753 1440 cut dicunt illi qui verificant exem¬
254 1427 756 1479 plaria per sermones. dicunt enim quod ho
254 1469 750 1520 mo est sciens magis multum qua scien
258 1503 759 1556 tia, & motus mobilis magis qui mo¬
257 1545 751 1597 tus. ista enim sunt magis actu, illa vere
249 1582 757 1635 sunt potentiae. id est quoniam si fuerint hic for¬
254 1628 753 1673 mae, & substantiae separatae, quae lar
252 1659 763 1711 giuntur sensibilibus cognitionem &
258 1693 756 1738 esse, tunc homo, qui est ex talibus for
254 1735 767 1784 mis sciens, est perfectioris scientiae il
253 1772 763 1818 lis: & formae motae ex eis sunt etiam
250 1815 756 1866 perfectioris in motu, quam motus qui est
775 148 1318 192 in illis formis. Istae enim formae sunt
772 187 1290 236 potentiae, quae agunt quandoque, &
776 236 1284 279 non agunt quandoque, & acta eorum
781 268 1288 306 sunt perfectio & complementum actio
781 303 1289 354 num. & si sint similia, intrant magis
782 349 1280 395 capitulum actus, qua separata: quod
782 378 999 435 est impossibile¬
800 437 1269 491 Ectum priorem esse studiosa potentia.
941 481 1141 525 Cap. 8.
915 510 1282 563 Vod autem melior ac prae¬
902 556 1284 603 stantior quam ipsa studiosa
882 597 1287 653 mnu. Potentia actus sit, ex
788 637 1286 682 his patebit. Quaecumque enim secundum pos¬
781 685 1290 726 se dicuntur: idem est potens contraria.
789 725 1319 773 vt quod dicitur posse sanum esse, idem i
788 767 1286 809 est etiam aegrotans, & simul. ea¬
790 812 1284 858 dem enim potentia est sanum & aegro
793 849 1279 899 tum esse, & quiescere & moueri¬
784 886 1281 938 & extruere & destruere domum,¬
788 928 1284 972 & extrui domum & destrui. Pos¬
792 967 1287 1018 se itaque contraria simul est: con¬
790 1012 1283 1058 traria vero simul esse impossibi
789 1054 1286 1099 le est, vt sanum & aegrotum esse.
789 1097 1289 1141 quare necesse est vnum eorum bo¬
791 1141 1278 1189 num esse. ipsum autem posse vtrum¬
795 1180 1292 1233 que simul, aut neutrum. actus igitur
788 1220 1291 1266 melior. Necesse autem est etiam in
792 1264 1285 1307 malis finem & actum deteriorem
793 1305 1283 1364 potentia esse. etenim potens est
792 1347 1288 1401 idem ambo contraria. Patet igitur
795 1396 1281 1435 quod malum non est praeter res. ma
784 1432 1276 1474 lum nanque natura posterius po
789 1477 1291 1525 tentia est. Non igitur quicquam in
787 1517 1290 1570 his, quae a principio, & quae por
795 1565 1293 1607 petua sunt, malum est neque corru
792 1600 1297 1650 ptum. etenim corruptio de malis e.
832 1660 1292 1722 Quoniam autem actus est me¬
793 1709 1297 1767 lior, & nobilior potetia nobili, ma
793 1755 1292 1803 nifestum est ex istis. sermonibus.
789 1805 1295 1866 Vnumquod quae enim eorum, quae
