1475 2066
184 989 698 1042 Intendit declarare, quod res non in¬
194 1031 700 1078 ueniuntur, & sciuntur, nisi quando sunt in
186 1076 699 1107 actu. & dat exemplum in Mathematicis
198 1104 687 1151 quia non inueniuntur in actu, aut sciuntur
199 1145 691 1188 nisi quando Geometer ponit ea in suum in
196 1183 698 1226 telsecudum, & extrahit ea quae potentia in actum,
197 1220 700 1266 & intendit per hoc declarare, quod actus est
194 1260 698 1310 nobilior potentia, cum esse sit nobilior
197 1301 694 1352 non esse, & scientia ignorantia. Et d. Et fi
192 1348 696 1389 gurae linearum, &c. i. & sigurae, quae sunt
194 1378 693 1420 in lineis, non inueniuntur, & sciuntu, ni¬
196 1414 687 1469 si quando sunt in actu. D.d. quoniam cum diui¬
190 1452 696 1506 dunt, inueniunt eas. i. Geometer enim quando
196 1493 690 1546 diuidit siguras, inuenit, & scit eas. v
204 1535 693 1584 g. cum d. quod sigurarum quaedam constant ex li¬
195 1580 680 1610 neis rectis, & quaedam ex non rectis: & re
192 1608 694 1650 ctarum quaedam constant ex tribus lineis rei
190 1648 695 1702 ctis, & quaedam ex quatuor. quoniam, cum perficiunt
196 1693 696 1731 diuisionem, tunc inueniuntur & sciuntur in
194 1728 695 1768 actu: dum autem non diuiduntur, non sciuntur
190 1771 697 1804 neque sunt. D.d. sed sunt diuisae mani¬
190 1807 700 1842 feste. i. sed illud existit in actu, & scitur in
193 1845 695 1899 actu, quando diuiduntur suae species:, propria ve
724 987 1236 1034 ro earum inueniuntur in eis post diuisionem,
724 1028 1230 1066 in potentia, ita quod, cum in actu exiuerint
722 1068 1228 1106 cmanmae, quae faciunt vt illa, propria existant in
727 1108 1234 1154 eis in actu, tunc exibunt in actum, & sciunt
731 1144 1234 1186 in actu: an vero neque erunt exntes in
728 1181 1207 1234 actu, neque sciuntur. v. g. quod triangulus
728 1219 1220 1266 diuisionem existet in actu, & erit scit
726 1265 1232 1314 quando vero anguli eius sunt duo recti, erit
726 1301 1222 1338 scitum in potentia in eo. D.d. quia duo ar
726 1341 1224 1386 guli, &c. i. sed cum alterum laterum extra¬
725 1367 1225 1428 fietur, & apparebit quod duo anguli, qui¬
725 1415 1225 1457 sunt in duabus partibus lineae triangu
729 1453 1227 1506 li tangentis lineam extractam, sunt aequa¬
726 1493 1226 1546 les duobus rectis, statim appebit in actu
724 1533 1230 1585 quod tres anguli triaguli sunt aequales
728 1571 1229 1614 duobus rectis. quando etiam extrahitur a puncto,
724 1613 1235 1665 in quo triangulus tangit latus extractum,
735 1649 1230 1690 linea aequidistans lineae tertiae trian
730 1686 1232 1734 guli, tunc fiet ibi tres aguli aequales duo
729 1730 1229 1771 bus rectis: quorum vnus est continuus trian¬
726 1764 1224 1816 oulo, & duo reliqui straequales duobus re¬
727 1796 1231 1859 siquis triangulis. ille vero, quid appropiquait
726 1844 1236 1899 lateri triaguli tangentis lineam extractam,
