1475 2066
205 125 722 195 Et etiam quomodo superficies est
221 185 723 246 linea, aut corpus linca & superfi¬
220 233 729 295 cies: genus enim lati & Stricti aliud
220 278 723 343 est a genere profundi & imi: non
220 330 729 387 igitur inueniuntur in eis contraria.
216 373 721 439 Postqua autem multum & pau¬
218 420 731 490 cum differunt ab istis, manifestum
215 469 729 535 est, quod neque, aliud superius inue¬
216 517 719 583 nitur in eis, quae sunt inferius. Immo
212 565 722 630 neque genus lati est geneus profundi¬
224 610 718 675 superfici es enim est aliquid ex con
214 660 718 723 pore: & puncta sunt ex aliquo
216 708 723 774 Et istud geneus consyderat plato se
215 763 721 819 cundum opiniones Geometricas, sec
225 809 718 858 vocat eas principium lineae. & mul¬
221 853 724 922 totiens posuerunt hoc ex lineis non
219 899 722 962 discretis. & hoc necessarium est
219 949 731 1017 ut sit secundum hunc modum. vbi
221 1001 604 1051 enim est linea, est punctus.
261 1060 727 1114 Plato opinabatur, quod vnitas est priun
215 1101 733 1155 cipium puncti, & quod dualitas est for¬
215 1142 713 1191 ma lineae, & trinitas forma superfi
214 1181 721 1229 ciei, & quaternitas forma corporis
215 1221 719 1271 & opinabatur cum hoc, quod corpus con¬
218 1257 726 1306 ponitur ex superficiebus, & superficies
205 1294 722 1348 ex lineis, & linea ex punctis. & dicebat
219 1334 719 1387 cum hoc, quod linea componebatur ex duo
213 1378 726 1418 bus contrarijs, quae sunt magnum &
212 1409 729 1462 paruum: & supficies ex stricto & lato:
212 1452 724 1503 & numerus ex multo & pauco. Dicit
218 1500 725 1544 ergo ei, quomodo est possibile vt superficies
214 1533 723 1570 sit ex lineis, ita quod sit pars eius, & linea
217 1567 727 1623 ex longo & breui, & corpus ex supsi
215 1613 730 1650 cie & finea, & supficies ex stricto &
218 1646 724 1690 lato: & corpus ex, profundo & imos
220 1690 730 1729 & omnia ista sunt continua. & numerus
218 1731 720 1770 est ex mulio & pauco. & omnia ista non
219 1765 725 1818 congregantur in vno genere. Et si ef
214 1804 732 1859 set sic, contingeret vt omnia reducerentur
761 132 1279 187 in vnum genus scilicet contraria, ex quibus.
756 180 1258 230 surguntr istae magnitudines tres, & ex
754 220 1263 268 quibus surgunt numeri, qui funt prin¬
762 257 1260 306 cipia magnitudinum. & hoc intende¬
752 292 1258 349 bat, cum d. genus enim lati, &c. i. quod con¬
760 337 1259 386 trari etas superficiei non congregatur
757 369 1264 410 cum contrarietate superficie in vno
751 413 1261 458 genere, neque ista cum contratietate nu¬
759 444 1259 497 meri, quae est paucum & multum. impos¬
757 487 1259 538 sibile est igitur vt sint pars numeri. &
753 525 1259 580 ideo d. Postquim autem multum & pau¬
761 565 1257 603 tum, &c. i. quoniam omnia ista non videnm
757 605 1263 656 tur congregari in eodem genere supe
753 638 1259 695 riori istis generibus dictis. D.d. su¬.
757 685 1263 731 perficies enim est aliquid ex corpo¬
752 716 1260 765 re, &c. i. & hoc quidem contingit eis, quia
761 761 1256 806 ponunt superficien partem corporis, &
756 797 1256 844 punctum partem lineae. D.d. Et istud
756 834 1265 886 genus, &c. i. & Plato sollicitus fuit ad
757 875 1257 923 declarandum hunc sermonem: quia opi
761 913 1268 954 nabatur quod magnitudines geometri
759 956 1259 996 cae sunt principia corporum cum nu¬
751 989 1265 1026 meris. Deinde dicit: sed vocat, &c.
748 1028 1268 1067 idest, & vocat eas principia lineae. &
759 1068 1262 1115 non dicebat eas apte partes lineae: quia
759 1101 1256 1158 contingeret ei vt continuum esset de
754 1146 1258 1184 nam discreti. & ideo dicebat quod linea
752 1180 1264 1235 componitur ex lineis indiuisibilibus. &
753 1221 1263 1264 hoc intendebat, cum d. & multo¬
759 1261 1263 1299 tiens, &c. i. quod propter istam contradictio
758 1301 1258 1338 nem contra ponentes eas puncta: & ideo
754 1339 1266 1386 plures eorum vocabant eas lineas indi
755 1373 1266 1427 uisibiles, & existimauerunt, quod li nesu
752 1414 1265 1456 componatur ex lineis non discretis, non
757 1459 1267 1498 ex punctis, qui a necesse est, cum linea
753 1493 1270 1531 recipiat diuisionem secundum totum, vt etiam
756 1533 1265 1570 diuidatur in non lineas aut in lineam
750 1568 1267 1612 non diuisibilem, aut in non lineami
759 1612 1269 1652 quod est impossibile. ergo necesse est vt
759 1644 1263 1690 diuidatur in lineas indiuisibiles. &
757 1684 1264 1738 huic positioni contradictum fuit in
757 1724 1267 1771 libro de Generatione. Delnde di¬
755 1761 1267 1811 cit: & hoc necessarium est, &c. i. propter
757 1801 1256 1850 hoc quod ponunt lineas non diseretas
