1475 2066
315 133 698 186 aer Ntendit per distinctione:
352 175 701 225 Quintum librum, in quo
346 220 699 258 ldistinctae sunt significa¬
345 243 704 306 ltiones nominum. D.d. D.tu
201 293 701 337 enim, &c. i. quoniam, & si illic numeraui¬
209 333 706 381 mus plura, de quibus dicitur hoc nomen
204 368 698 418 vnam, videntur concludi in quatuos
204 407 704 460 generibus primis: & sunt illa, quae di
206 452 705 490 cuntur vnum per se, non per accins,
225 487 703 530 D. incoepit numerare illa, & d. Est
198 532 703 571 enim continuum, &c. i. & vnus isto
201 565 713 610 rum modorum, de quibus dicitur vnum, est
197 605 695 650 continuum, aut simplex, aut secun¬
204 645 703 682 dum prius. & hoc est continuum per na
200 692 702 732 turam, non continuum. per conta¬
201 718 701 771 ctum, aut ligamentum, & vniversaliter per arti¬
204 759 701 802 ficium. D.d. & magis qua hoc, &c. i.
202 800 700 842 hoc nomen vnum dicitur magis de con
202 836 704 886 tinuis per naturam de illo continuo¬
208 880 709 915 quod habet vnum motum indiuisi
210 916 703 955 bilem: & hoc est continuum rectum,
212 954 694 997 quoniam continuum tortuosum, quod ha
204 990 710 1034 bet angulos non mouetur secundum omnes suas
214 1033 693 1081 partes motu aequali quando mouetur se
211 1073 711 1114 cundum totum. & hoc intendebat
211 1110 703 1162 cum d & est magis simplex. Deinde
202 1146 701 1186 induxit secundum modum illorum
209 1195 709 1236 quatuor, & d. Et etiam est tale, aut
202 1225 711 1277 magis, &c. i. & hoc nomen vnum di
204 1275 708 1316 citur, sicut de continuo, aut magis de
206 1306 707 1354 toto, quod est totum, & continuum per
206 1343 705 1391 formam existentem in ipso. & haec
210 1380 704 1425 est dispositio indiuiduorum haben
209 1420 712 1471 tium formas, & d. aut magis, quia
211 1460 709 1498 causa in hoc, quod indiuiduum sit con
214 1496 704 1550 tinuum, est forma eius. ergo forma
209 1541 698 1578 dignius dicitur vnum qua continua
210 1578 704 1618 tio, cum forma sit causa continua¬
209 1613 703 1658 tionis. Et quia totum, aliud est totum
204 1654 707 1698 naturaliter, aliud artificio, & maxi¬
211 1693 697 1744 me quod est naturaliter non violem,
206 1732 704 1770 te. quia indiuiduum artificiale est
212 1780 712 1811 vnum per violentiam, deinde dicit:
204 1812 705 1866 sed habet aliquid in se, &c. i. sed vnum
735 133 1230 178 indiuiduum in rei veritate est illud
740 176 1224 224 quod habet in se causam continua
735 217 1230 258 tionis scilicet formam. & intendit indiui¬
739 256 1233 302 duum naturale, quod est vnum per con
736 292 1236 330 tinuationem secundum suam formam
739 333 1223 370 Deinde d. & tale est, vt motus sit vnum
732 373 1237 418 &c. i. vnum in rei veritate in hoc ge
732 408 1247 450 nere est illud, cuius motus est vnus,
736 445 1240 490 & indiuisibilis secundum tempus, &
741 484 1231 537 secundum locum. & tu bene scis qui¬
739 526 1235 569 sit ille motus vnus ex Quinto Phy¬
732 564 1243 603 Deinde d. Et hoc est manifestum, &c.
734 601 1236 642 i. & est manifestum quod, si fuerit ali¬
738 646 1243 691 quid hic, quod mouetur per principium
739 682 1228 723 in eo primo motu naturaliter, scili
738 724 1240 763 cet circulari simplici, & istud motum
736 766 1233 803 est primum corpus, & quod moue¬
740 799 1241 843 tur vno motu, qui non diuiditur, neque
731 835 1243 887 secundum locum, neque secundum tem¬
740 877 1245 928 pus. Deinde d. Quaedam igitur sum
741 917 1229 966 vnum, &c. i. declaratum est igitur
740 964 1236 998 quod omnia ista reducuntur ad vnum
737 995 1243 1034 secundum continuationem, & vnum
740 1036 1239 1075 secundum totum. Deinde d. Et quae
736 1071 1235 1112 dam sunt talia secundum conuenio
738 1116 1243 1149 tiam, &c. i. & vnum dicitur etiam de
739 1149 1243 1198 illis, quorum proportio ad intelle¬
734 1188 1238 1227 ctum est sicut proportio istorum
732 1225 1234 1267 ad sensum: & sunt illa, quae non diui
738 1266 1230 1317 duntur, quando intelliguntur. & isto
732 1309 1230 1346 rum quaedam sunt, quae non diuidum
743 1341 1241 1387 tur in intellectu, neque diuiduntur in
732 1380 1232 1433 aliquod indiuisibile: vt punctus, &
744 1421 1242 1466 vnum in numero, & vniversaler quod non
738 1456 1238 1498 diuiditur secundum definitionem in
743 1500 1235 1553 illo genere: vt definitio puncti, qua
733 1542 1243 1591 non diuiditur in magnitudinem, & defi¬
743 1576 1241 1629 nitio vnius in numero, quae non diui¬
743 1613 1239 1654 ditur secundum numerum. Deinde dicit:
750 1657 1245 1698 Vnum autem secundum formam est illud
740 1700 1232 1746 quod non diuiditur secundum cognitionem
743 1733 1241 1769 & diuiditur in esse. & hoc est vnum
732 1772 1236 1810 x diuisibile econtiario de vno secun¬
732 1813 1233 1867 dum definitionem in vnoquoque genere
