1475 2066
206 148 749 210 illud, quod videtur vnum per qua
223 196 723 259 le, & quod est per essentiam vnu¬
225 245 718 298 Vnum enim dicitur secundum ni
218 292 724 354 merum istorum modorum, & quod
225 341 725 402 libet istorum erit vnum, quando
225 388 711 450 habuerit aliquem istorum modo
218 436 714 498 rum. Secundum autem quod est vnum
220 485 717 546 forte erit alterius istorum, & for¬
225 533 724 598 te erit aliud, quod est propinquum
214 581 729 643 secundum nome, magis quam ista.
220 629 718 690 illa autem in potentia, vt si esset non
224 676 720 739 cesse loqui de elemento & causa,
206 725 721 787 V& distinguere ea a rebus, & in¬
224 773 721 835 ducere definitionem nominis. igni
217 821 719 874 enim est sicut elementum. & re¬
220 869 714 929 ctum est vt sit infinitu per se, au¬
214 917 716 979 per aliud tale. & quod non est ita
216 964 718 1025 essentia enim ignis & elementi no
219 1013 721 1074 sunt idem, sed ignis est elementi
217 1060 718 1122 sicut natura alicuius. & hoc nomo
213 1109 723 1162 aut accidit sicut accidit ei per com¬
218 1156 720 1216 plemetum, quia est aliquid ex hoc,
216 1204 719 1266 sicut est ex primo, quod est in re. et
218 1253 708 1314 similiter essentia etiam & vnum
206 1298 712 1359 & omnia, quae sunt i talibus istis,
212 1348 725 1410 Et ideo essentia vnius est vt non di¬
217 1396 705 1457 uidatur. & est quia ista res est
218 1452 715 1508 & est non separata per locum, aud
220 1492 722 1556 formam, aut cognitionem, & est
214 1539 717 1595 totum & terminmatum. Et ideo est
210 1588 717 1652 magis quam aliud prima mensu¬
218 1631 726 1699 ra cuiuslibet generis, & quantita
206 1680 721 1730 tes valde dominae. & ex hoc est in
208 1730 717 1789 aliis. rebus. Mensura enim est il¬
206 1779 716 1840 lud, per quod cognoscitur quanti¬
212 1826 721 1891 tas: & quantitas cognoscitur secin
739 148 1275 210 dum quod est quantitas, aut per
758 205 1259 262 vnum, aut per numerum: & om¬
748 245 1252 313 nes numeri cognoscuntur per vnum¬
749 293 1259 354 ergo omnis quantitas, secudum quod
748 330 1254 405 est quantitas, cognoscitur per vnim
755 389 1260 457 & illud, per quod primo cognosci¬
753 436 1253 499 tur, est vnum. & ideo vnum est pri¬
757 500 1255 540 cipium numeri, & non numerus.
797 540 1261 587 Idest. Et non est existimandum, quod
754 581 1248 634 illud, quid significat hoc nomen vnum
748 619 1248 669 in eis, de quibus dicitur, est idem dictum
752 660 1257 699 vniuoce scilicet secundum nomen & defi¬
749 701 1248 738 nitionem. Deinde d. Vnum enim
752 735 1251 790 dicitur, &c. i. apparet enim quod hoc no¬
749 773 1248 819 men vnum dicitur de istis modis di
756 820 1256 859 uersis, quos numerauimus, & quod om
753 855 1253 905 ne ens non simpliciter habet hoc no¬
755 892 1252 943 men, nisi habuerit aliquam istarum
750 933 1260 970 intentionum, quas numerauimus.
748 971 1258 1018 Deinde d. Secundum autem quod est
748 1008 1256 1051 vnum, forte est alterius, &c. i. illud au
749 1047 1246 1100 tem, quid significat hoc nomen vnum
750 1085 1257 1140 secundum quod est vnum, forte est pri
749 1126 1259 1170 mum in hoc genere: & forte inueni
757 1164 1259 1218 tur eim aliquid, quod appropinquat
755 1203 1256 1257 significato huius nominis, secundum quod est
752 1244 1257 1296 vnum magis quam aliud. Illud autem, quod
752 1281 1261 1322 est praeter vnum primum, inuenitur
748 1319 1253 1374 ei de significato huius nominis vnum,
753 1358 1246 1410 secundum quod est vnum, aliquod si¬
751 1408 1251 1443 mile illi primae intentioni. & hoc in
751 1442 1249 1488 tendebat, cum d. illa autem in poten
750 1477 1259 1522 tia, quoniam simile rei dicitur esse
753 1517 1254 1567 res in potentia. Deinde dedit exem
752 1557 1242 1603 plum & d. vt si esset necesse loqui
753 1602 1251 1642 &c. i. & dispositio debet esse, quando
756 1636 1250 1681 volumus loqui de vno, sicut disposi
753 1672 1249 1724 tio debet esse, quando volumus lo¬
754 1710 1251 1757 qui de elemento & causa, & de aliis
750 1748 1258 1802 quae dicuntur primo & secundo sc. lie
756 1789 1258 1834 vt primo incipiamus ab eo, quod si
757 1837 1255 1882 gnificat de finitio illius nomnis, sedm
