1475 2066
206 140 721 186 duplicia. vg. quonim graue diuiditur in
217 179 717 232 illud, quod est magis graue, & in il¬
220 221 724 271 lud, quod est minus graue. & simili
220 268 725 305 ter velocitas. cuius causa est, quia
224 299 715 347 quantitas grauis diuiditur in illud
218 335 714 385 quod est minoris velocitatis & ma
220 375 721 418 is velocitatis, cum sit rei grauis
226 413 717 465 & leuis scilicet illud quod est minoris gra¬
229 460 718 503 uitatis: grauis vero est velocitas, le¬
228 494 727 531 uis vero tarditas. Et hoc est manife¬
227 528 710 570 stius in alia translatione, in qua di
233 572 729 609 Grauitas enim & velocitas est com¬
224 613 722 657 plementum commune in contrarijs: quo¬
221 645 723 695 niam vtrunque eorum est duplex. gra¬
233 684 723 722 ue enim est illud, quod habet pau¬
230 721 723 762 cam declinationem, & quod habet
231 761 722 803 multam declinationem. & velox etia
228 797 725 850 secundum hunc modum est illud, quod ha
228 839 723 888 bet paruum motum & magnum mo¬
231 876 711 914 tum. velocitas enim inuenitur in tardo
228 916 724 955 & tarditas in veloci. i. quoniam velox di
226 956 722 994 tardus ad illud, quod est velocius: &
226 989 731 1044 tardum dicitur velox ad illud, quod
226 1029 728 1080 est tardius. & intendit quod similiter.
224 1076 730 1114 est in quantitate continua. Et inten¬
222 1117 732 1158 dit declarare, quod in ista non inuenitur
230 1149 723 1199 aliquod vnum. scilicet indiuisibile per na¬
227 1187 726 1226 turam: sed, cum homines voluerint
220 1226 722 1266 mensurare in istis rebus, posuerunt
226 1266 723 1314 vnum per institutionem, & inspexe¬
230 1301 730 1347 runt, quod esset valde simile vni nume
228 1345 729 1386 rali. Et intendebat per hoc quod, cum
228 1384 723 1435 fuit necesse vti pondere per grauia
226 1420 724 1474 acceperunt illud, quod non recipit
220 1461 723 1514 magis & minus in sensu: sicut fece¬
228 1508 729 1539 runt in ponderibus, quae fundantur
226 1538 714 1591 super grana ordei. Et hoc intende
233 1575 729 1618 bat, cum d. In omnibus igitur istis est
222 1613 730 1659 mensura. i. in omnibus istis rebus
228 1652 724 1703 mensurabilibus & ponderosis met
228 1693 728 1730 bilibus accipiunt vnam mensuram
224 1732 718 1770 indiuisibilem, aut secundum institutionem,
230 1766 733 1811 aut secundum sensum similem mensurae * na
227 1812 731 1851 turali. scilicet vno numerali. In pondero¬
745 140 1293 185 sis enim ponunt aliquod indiuifibile secundum
750 180 1246 222 sensum. vt grana ordei. & in spaciis
747 220 1246 258 continuis aliquod aequale minori
753 254 1249 299 mensurae, quae est naturaliter: vt men¬
753 297 1242 345 sura pedis & cubiti. & notificant cu¬
752 333 1244 384 bitos per palmas, & palmas per digi
750 378 1252 425 tos. D.d. inlineis enim &c. i. quoniam, quando me
748 414 1253 450 surant lineas, ponunt mensuras aequa
753 449 1251 490 les alicui quantitati lineae mensura¬
755 487 1252 540 bilis, & ponunt illam mensuram qua
748 532 1253 570 si indiuisibilem, ver. g. cubitum aut
758 570 1256 614 palmam. D. dedit causam in hoc, &
755 604 1255 656 d. quia quaerunt mensuram, &c. i. &
750 645 1253 696 cum inueniunt illud in illo genere,
758 683 1248 731 ponunt ipsum indiuisibile secundum inst
753 719 1249 763 tutionem. Deinde d. & hoc est sim¬
754 757 1258 810 plex, &c. i. & mensura, cui assimilant
753 799 1259 841 alias mensuras, est illud, quod non di
756 838 1257 882 uiditur. in qualitate autem est illud
758 877 1252 919 quod non diuiditur in qualitate: in
752 917 1246 954 quantitate vero est illud, quod non
756 953 1253 1006 diuiditur in quantitate. D.d. Vbi igi
748 995 1257 1034 tur existimatur, &c. i. & cum accidit
761 1040 1244 1074 eis aliquo genere inuenire mensu
761 1069 1253 1114 ram, in qua non est additio, nec di¬
758 1109 1259 1161 minutio, illa mensura est apud nos
750 1148 1255 1199 mensura certa, quia est similis men
758 1188 1253 1240 surae numeri certae simpliciter, quae¬
757 1226 1249 1268 est vnum. D.d. Et positio eorum,
756 1269 1253 1307 &c.: i. quoniam opinabantur, quod vni
753 1304 1255 1355 tas est prima mensura, ideo quaerunt
759 1343 1256 1387 simile ei in aliis rebus. Deinde d. quo
754 1380 1259 1426 niam ex linea, & ex tali, &c. i. & cum
763 1421 1256 1458 fuerint duae mensurae diuersae, cum
758 1462 1257 1510 de maiori diminuitur aliquid, aut
758 1501 1255 1539 additur aliquid, latet diminutio & ad
760 1537 1255 1578 ditio, magis qua lateat additio, & di¬
758 1579 1259 1626 minutio in men sura minori. & quan¬
761 1614 1249 1659 to magis mensura fuerit minor, tan¬
759 1655 1261 1707 to magis apparebit additio & dimi¬
753 1693 1258 1741 nutio. & ideo mensurare per minorem,
761 1732 1259 1771 mensuram semper est certius. D.d. et
764 1773 1256 1822 go illud, in quo est impossibile, &c. i. er¬
755 1810 1266 1859 go illud, in quo additio aut diminu
