1475 2066
211 149 718 194 ipsum eius natura sit. at vero in
212 197 721 234 coloribus est vnus color, vtpu¬
223 244 728 282 ta album: deinde alii ex hoc ex¬
215 285 716 331 nigro fieri videntur. nigrum au
216 325 715 371 tem priuatio albi est, sicuti tene
212 364 716 402 brae lucis, hae autem lucis priua
222 405 714 454 tio sunt. Quare, si entia colores
226 453 722 490 essent, aliquis profecto numerus
226 485 719 530 entia essent. sed quorum s patet
220 528 714 572 quod colorum. & ipsum vnum esset vti¬
224 566 715 619 que aliquid vnum, vt puta album,
224 607 717 656 Similiter, si entia modulationes
220 660 717 698 essent, numerus essent profecto,
216 695 712 738 attamen primorum sensibilium to
211 737 720 794 norum, sed non numerus esset sub¬
219 780 723 818 stantia ipsorum. & ipsum vnum
220 820 720 876 vtique esset aliquid, cuius substan¬
220 861 717 916 tia non ipsum vnum, sed primus
219 902 723 946 sensibilis tonus. Similiter autem &
224 949 725 986 in sonis elementorum essent entia
220 988 720 1041 profecto numerus, & ipsum vnum
222 1029 715 1074 elementum vocale. Et si sigura
217 1068 718 1115 linearum rectarum, sigurarum
224 1110 722 1162 profecto numerus essent, & ip¬
226 1156 719 1194 sum vnum triangulum. eadem vero rati
224 1197 711 1250 & in caeteris generibus e. Qua
226 1241 720 1290 re, si cum in passionibus, quali¬
227 1278 721 1322 tatibus, quantitatibus, ac in mo¬
222 1319 715 1370 tu numeri sint, & vnum quiddam
217 1364 727 1412 in omnibus, & ipse numerus ali¬
220 1405 720 1451 quorum sit, et ipsum vnum aliquid
224 1447 718 1492 vnum, non autem hoc ipsum sub
222 1492 723 1531 stantia eius sit, necesse est vt etiam
224 1528 721 1575 in substantiis sic se habeat. simi¬
224 1573 718 1627 liter namque in omnibus se habet. Quod
222 1613 718 1664 igitur in omni genere ipsum vnum aliqo
222 1660 722 1706 natura est:, et quod nullius hoc ipsum
226 1708 715 1754 vnum natura est: patet. quemadmo
218 1740 714 1786 dum enim incoloribus ipsum vnum
212 1788 717 1833 vnus color quaerendus est, ita et in sub
213 1829 719 1873 stantia vna substantia ipsum vnum
789 148 1261 207 Et ens dicitur modis aequalibus
745 197 1253 259 modis vnius. Cu igitur vnum est
750 243 1247 302 in qualitatibus, et est alia natura,
747 292 1251 354 et hoc est in quantitabus et, mani¬
753 340 1260 403 festum est, quod oportet vniuersali
749 389 1257 451 ter quaerere quid sit vnum, sicut
748 436 1256 503 ens. cum in cognitione quod est hoc
750 485 1261 547 non est sufficietia. sed in coloribus est
758 533 1258 594 vnus color, vt albus: alii autem viden
752 581 1247 649 tur generari ex hoc & ex nigro.
749 628 1251 694 et nigru est priuatio albi, sicut ob¬
748 676 1257 738 scuritas priuatio lucis. haec igitur
753 724 1273 787 priuatio lucis. Ergo, si entia essent
751 773 1255 819 colores, tunc entia haberent nume¬
756 821 1260 883 ru, sed aliquorum. manifestu est,
759 868 1259 935 igitur quod essent colores, & vnum
751 916 1251 980 et, secundum quod est vniu, si fuerit
759 964 1257 1018 vnu, vt albu. Et similiter, si entia
751 1012 1256 1076 essent neumata, tuc diesis esset nu
755 1061 1257 1120 merus. sed non coponeretur ea sub¬
755 1101 1253 1166 stantia et vnum, eroo quodlibet est
757 1154 1257 1219 aliquid habens substantiam, non
757 1201 1261 1251 vnu, sed diesis. Et similiter in neu
752 1249 1249 1299 matibus etiam, si entiaessent litterae,
753 1295 1259 1354 numerus eorum esset vnalittera vo
750 1344 1253 1406 calis. Et, si essent sigurae rectarum li
750 1394 1257 1455 nearu, tunc numerus sigurarum es¬
748 1440 1256 1505 set sigurae, & vnum triangulus.
761 1489 1251 1555 & idem est sermo de aliis generibus
748 1532 1254 1599 et. Ergo, si in passionibus, & in
759 1584 1258 1649 qualitatibus, & quantitatibus, et
751 1644 1257 1682 in motu est numerus, & in omni¬
755 1681 1257 1742 bus vnum aliquod, & numerus
757 1730 1256 1786 est alicutus vnius etiam, et non est
753 1775 1259 1838 hoc in substantia, necesse est vt si¬
743 1828 1245 1890 militer sit in substantia etiam
