1475 2066
198 141 713 194 Similia vero, si cum non sint
209 186 706 233 vadem simpliciter, nec secundum
208 228 715 271 substantiam subiectam in diffe¬
204 272 708 323 rentia, secundum formam eade
209 316 709 369 sint queniadmodum maius qua¬
221 357 707 402 dratum minori simile est, & li¬
212 397 711 442 neae inaequales. hae enim similes
214 439 707 484 quidem, verum non eaedem sim
214 484 712 539 pliciter sunt. Quaedam vero, si
208 524 711 583 cum eandem formam habeant
207 563 718 618 in quibus magis & minus fit, ne
212 610 704 660 que magis neque minus sit. Quae
216 657 706 699 damautem, si eadem & vna speci
208 691 716 738 cie passio sit. vt valde album &
214 733 719 787 minus, similia esse aiunt, quia vna
214 779 712 826 species eorum est. Quaedam ve
207 829 715 874 ro si plura habet eadem qua diuer
215 862 709 914 sa, aut simpliciter, aut quae in pro¬
212 909 717 955 ptu sunt. vt stannum argento quam
214 947 704 994 auro: aurum vero igni, prout fla¬
209 989 708 1033 uus & rusus est. Quare manife¬
206 1029 708 1074 stum est quod diuersum, & dissim¬
210 1077 712 1122 le multipliciter dicuntur. Aliudque
208 1119 718 1162 & idem oppositae. Vnde omne
208 1158 717 1210 ad omne, aut idem, aut aliud est.
202 1199 711 1243 hoc vero, nisi sit & materia & ra
204 1245 716 1296 tio vna (quare tu & propiquus
206 1283 710 1330 diuersum) tertium autem, sicuti
204 1327 708 1370 illa, quae in mathematicis sunt,
211 1371 707 1422 Diuersum igitur aut idem ideo
204 1413 703 1457 omne ad omne dicitur, quod quae
208 1453 711 1498 quae vnum & ens dicuntur, non
204 1503 709 1538 est enim contradictio ipsius eius¬
203 1541 711 1592 dem. Quare non dicitur de non
204 1580 705 1634 entibus sat non idem dicitur) sed de omnibus
209 1621 713 1666 entibus, aut. enim vnum, aut non vnum
206 1669 709 1707 natura aptum ens, & vnum esse. Di¬
201 1709 713 1754 uersum igitur & idem ita opponuntur.
250 1764 713 1825 Et dicuntur consimilia, cum non
198 1821 704 1882 fuerint idem simpliciter, & non fue¬
741 140 1268 203 rint diuersa per lineam compositam
740 189 1249 251 secundum formam, & fuerint idem.
748 243 1255 305 verbi gratia, quod quandrangulus
747 290 1251 355 maior est consimilis quandr angu¬
741 338 1247 402 lo minori, & lineae, quaed sunt inaquae
744 387 1251 453 les, etiam sunt con similes. Quaedam
740 437 1240 498 autem sunt eadem non simpliciter.
748 484 1249 547 sed habent formam, quae est eadem,
750 533 1247 600 & est in eis magis & minus, cum
740 581 1252 644 non fuerit magis & minus. Et quae
738 629 1248 690 dam, quand passio fuerit eadem
747 677 1247 738 in forma. vt album valde, & mi¬
742 724 1268 787 nus dicuntur consimilia, quia for¬
744 773 1253 839 ma eorum semper est vna. Et quae¬
744 825 1253 882 dam, quando in eis fuerint idem ma
742 875 1236 934 gis, quam diuersa, aut simpliciter
748 922 1249 984 aut facilis esse: vt stannum argen¬
744 971 1242 1031 to & auro, quia est ruffum &
748 1019 1259 1082 igneum. Ergo manifestum est, quod
742 1067 1254 1127 diuersum etiam & dissimile dicun
744 1116 1253 1162 tur multis modis. Et aliud autem
747 1164 1246 1227 & idem dicuntur secundum opi¬
743 1212 1251 1257 nionem in situ. Et ideo omne dici¬
747 1261 1248 1314 tur aut idem aut aliud. & quaedam,
736 1308 1237 1367 cum materia & definitio no fue¬
736 1356 1252 1413 rint vnum & ideo oppositum etia
746 1404 1253 1450 est diuersum) & tertium est sicut
747 1450 1223 1509 illud, quod est in mathematicis.
740 1495 1244 1555 Diuersum enim aut idem propter
744 1547 1246 1603 hoc vtrunque in respectu vniuscu¬
737 1593 1253 1659 iusque, aliorum, & est omne, quod
742 1642 1256 1691 dicitur vnum & ens, non enim con¬
743 1691 1257 1738 tradictorie est idem. Et ideo non
743 1739 1255 1787 dicitur in eis, quae non sunt (non idem
740 1785 1263 1834 autem dicitur vin omnibus vero en
745 1835 1253 1898 tibus dicitur. quoniam vnum aut
