<?xml version="1.0" encoding="UTF-8" standalone="yes"?>
<PcGts xmlns="http://schema.primaresearch.org/PAGE/gts/pagecontent/2013-07-15" xmlns:xsi="http://www.w3.org/2001/XMLSchema-instance" xsi:schemaLocation="http://schema.primaresearch.org/PAGE/gts/pagecontent/2013-07-15 http://schema.primaresearch.org/PAGE/gts/pagecontent/2013-07-15/pagecontent.xsd">
    <Metadata>
        <Creator>prov=University of Rostock/Institute of Mathematics/CITlab|PLANET AI GmbH/Gundram Leifert/gundram.leifert@planet-ai.de:name=cod-AAssXX-m2(htr_id=27673)::::v=2.6.7
prov=University of Rostock/Institute of Mathematics/CITlab|PLANET AI GmbH/Tobias Gruening/tobias.gruening@planet-ai.de:name=de.uros.citlab.module.baseline2polygon.B2PSeamMultiOriented:v=2.6.7
prov=University of Rostock/Institute of Mathematics/CITlab|PLANET AI GmbH/Tobias Gruening/tobias.gruening@planet-ai.de:name=/net_tf/LA73_249_0mod360.pb:de.uros.citlab.segmentation.CITlab_LA_ML:v=2.6.6
Transkribus</Creator>
        <Created>2020-10-30T08:03:41.215-04:00</Created>
        <LastChange>2020-11-20T17:49:41.614+01:00</LastChange>
        <TranskribusMetadata docId="528931" pageId="22410945" pageNr="527" tsid="49376334" status="IN_PROGRESS" userId="25065" imgUrl="https://files.transkribus.eu/Get?id=DLYCLKVOWHCJTTWKZVFQGURN&amp;fileType=view" xmlUrl="https://files.transkribus.eu/Get?id=SXHESNLDKIUFWRGRDXXIQPWH" imageId="17470326"/>
    </Metadata>
    <Page imageFilename="Averroes_Metaphysica_JuntSecunda_08-0527.jpg" imageWidth="1475" imageHeight="2066">
        <ReadingOrder>
            <OrderedGroup id="ro_1605972791998" caption="Regions reading order">
                <RegionRefIndexed index="0" regionRef="TextRegion_1604713291943_1479"/>
                <RegionRefIndexed index="1" regionRef="TextRegion_1604713291943_1478"/>
            </OrderedGroup>
        </ReadingOrder>
        <TextRegion orientation="0.0" id="TextRegion_1604713291943_1479" custom="readingOrder {index:0;}">
            <Coords points="215,120 741,120 741,1918 215,1918"/>
            <TextLine id="line_1604713278151_1465" custom="readingOrder {index:0;}">
                <Coords points="210,202 272,202 310,224 355,203 463,218 505,202 721,205 721,164 612,178 496,157 419,184 210,166"/>
                <Baseline points="215,196 239,196 266,196 292,196 319,196 345,196 372,196 398,196 425,196 451,196 477,196 504,197 530,197 557,197 583,197 610,197 636,197 663,196 689,196 716,196"/>
                <TextEquiv>
                    <Unicode>extra geneus, et quod hoc in eis est </Unicode>
                </TextEquiv>
            </TextLine>
            <TextLine id="r2l6" custom="readingOrder {index:1;}">
                <Coords points="223,258 430,251 479,266 495,250 708,251 717,207 678,228 545,221 528,205 406,230 223,225"/>
                <Baseline points="228,246 253,245 278,245 304,244 329,244 355,244 380,244 406,245 431,245 457,245 482,245 508,245 533,245 559,245 584,245 610,245 635,245 661,244 686,243 712,242"/>
                <TextEquiv>
                    <Unicode>maximum. Et quod maxime di¬</Unicode>
                </TextEquiv>
            </TextLine>
            <TextLine id="r2l9" custom="readingOrder {index:2;}">
                <Coords points="228,306 712,306 712,268 638,269 615,253 586,272 532,253 514,269 343,261 325,273 289,252 228,269"/>
                <Baseline points="233,292 259,292 285,292 312,291 338,291 364,292 391,292 417,292 443,292 470,293 496,293 522,293 549,293 575,293 601,294 628,294 654,293 680,293 707,293"/>
                <TextEquiv>
                    <Unicode>uersa in vno genere sunt contraria</Unicode>
                </TextEquiv>
            </TextLine>
            <TextLine id="r2l11" custom="readingOrder {index:3;}">
                <Coords points="229,354 548,343 592,362 643,345 667,363 690,344 721,347 721,304 652,321 622,301 554,322 503,309 347,319 328,301 304,317 229,313"/>
                <Baseline points="234,340 259,340 284,339 310,339 335,339 360,339 386,339 411,339 436,340 462,340 487,340 513,341 538,341 563,341 589,342 614,342 639,342 665,342 690,341 716,341"/>
                <TextEquiv>
                    <Unicode>diuersitas enim maxima in istis est di¬</Unicode>
                </TextEquiv>
            </TextLine>
            <TextLine id="r2l14" custom="readingOrder {index:4;}">
                <Coords points="219,403 362,393 414,410 430,394 575,393 618,411 720,393 720,366 666,366 649,349 498,376 439,349 399,365 219,365"/>
                <Baseline points="224,390 249,389 275,388 301,388 327,388 353,388 379,388 404,388 430,388 456,389 482,389 508,390 534,390 559,390 585,390 611,390 637,390 663,389 689,389 715,387"/>
                <TextEquiv>
                    <Unicode>uersitas completa. Et et differen¬</Unicode>
                </TextEquiv>
            </TextLine>
            <TextLine id="r2l16" custom="readingOrder {index:5;}">
                <Coords points="227,446 473,443 503,458 535,441 614,459 641,443 671,458 723,447 724,412 686,397 593,420 519,397 493,414 451,397 418,414 228,412"/>
                <Baseline points="232,437 257,436 283,436 308,436 334,435 359,435 385,435 411,436 436,436 462,436 487,437 513,437 538,437 564,437 590,438 615,438 641,438 666,438 692,438 718,437"/>
                <TextEquiv>
                    <Unicode>tia maxima diuersitate, quae sunt</Unicode>
                </TextEquiv>
            </TextLine>
            <TextLine id="r2l18" custom="readingOrder {index:6;}">
                <Coords points="219,498 678,490 709,507 720,453 362,463 305,445 289,461 219,468"/>
                <Baseline points="224,486 249,485 275,484 301,484 327,484 353,484 379,484 404,484 430,484 456,484 482,484 508,485 534,485 559,485 585,485 611,486 637,486 663,486 689,486 715,485"/>
                <TextEquiv>
                    <Unicode>in eodem genere. materia enim est</Unicode>
                </TextEquiv>
            </TextLine>
            <TextLine id="r2l20" custom="readingOrder {index:7;}">
                <Coords points="225,538 723,546 723,509 676,492 643,512 301,510 285,493 225,509"/>
                <Baseline points="230,533 255,533 281,532 307,531 332,531 358,531 384,531 409,532 435,532 461,532 486,532 512,533 538,533 563,533 589,534 615,534 640,534 666,534 692,533 718,533"/>
                <TextEquiv>
                    <Unicode>eadem contrariorum, &amp; quae sunt </Unicode>
                </TextEquiv>
            </TextLine>
            <TextLine id="r2l22" custom="readingOrder {index:8;}">
                <Coords points="220,587 351,586 375,602 391,586 615,584 662,603 714,586 714,557 680,546 542,557 525,541 500,561 335,557 313,541 297,557 220,565"/>
                <Baseline points="225,581 250,580 275,580 301,579 326,579 352,579 377,579 403,580 428,580 454,580 479,581 505,581 530,581 556,581 581,581 607,581 632,581 658,581 683,581 709,580"/>
                <TextEquiv>
                    <Unicode>in eadem potentia sunt diuersita¬</Unicode>
                </TextEquiv>
            </TextLine>
            <TextLine id="r2l25" custom="readingOrder {index:9;}">
                <Coords points="226,635 723,635 723,605 599,593 534,615 513,594 455,605 437,589 406,608 226,598"/>
                <Baseline points="231,630 256,629 282,628 307,628 333,628 359,627 384,627 410,628 436,628 461,628 487,628 512,628 538,629 564,629 589,629 615,629 641,629 666,629 692,629 718,629"/>
                <TextEquiv>
                    <Unicode>te maxima diuersa. eadem enim</Unicode>
                </TextEquiv>
            </TextLine>
            <TextLine id="r2l27" custom="readingOrder {index:10;}">
                <Coords points="226,697 247,682 336,682 352,698 386,680 502,681 522,698 562,683 720,683 720,653 686,650 226,644"/>
                <Baseline points="231,677 256,677 281,677 307,677 332,677 358,677 383,677 409,677 434,676 460,676 485,676 511,676 536,676 562,676 587,676 613,676 638,676 664,677 689,678 715,679"/>
                <TextEquiv>
                    <Unicode>scientia est in eodem genere, &amp; in</Unicode>
                </TextEquiv>
            </TextLine>
            <TextLine id="r2l30" custom="readingOrder {index:11;}">
                <Coords points="221,729 337,729 374,746 494,729 549,746 567,730 641,738 664,722 724,738 725,701 587,704 565,689 528,702 480,685 435,702 403,684 375,701 303,685 221,705"/>
                <Baseline points="226,723 252,723 278,723 304,723 330,724 356,724 382,724 408,724 434,724 460,725 486,725 512,725 538,725 564,725 590,725 616,726 642,726 668,726 694,725 720,725"/>
                <TextEquiv>
                    <Unicode>eis est completa diuersitas, &amp; ma</Unicode>
                </TextEquiv>
            </TextLine>
            <TextLine id="line_1604713278153_1467" custom="readingOrder {index:12;}">
                <Coords points="210,778 246,777 295,786 303,779 322,779 323,756 312,749 240,748 225,751 211,747"/>
                <Baseline points="215,770 239,771 265,772 291,773 317,774"/>
                <TextEquiv>
                    <Unicode>xima.</Unicode>
                </TextEquiv>
            </TextLine>
            <TextLine id="r2l35" custom="readingOrder {index:13;}">
                <Coords points="216,818 477,821 525,836 594,817 729,826 729,796 652,780 611,795 472,781 454,797 335,781 216,805"/>
                <Baseline points="221,814 246,814 271,815 296,815 321,815 346,815 371,816 397,816 422,816 447,816 472,816 497,816 522,816 547,816 573,815 598,815 623,815 648,815 673,815 698,815 724,815"/>
                <TextEquiv>
                    <Unicode>Manifestum est igitur ex sermo</Unicode>
                </TextEquiv>
            </TextLine>
            <TextLine id="r2l37" custom="readingOrder {index:14;}">
                <Coords points="224,860 725,865 725,829 224,829"/>
                <Baseline points="229,854 254,854 280,854 306,854 332,854 358,854 384,854 409,855 435,855 461,855 487,855 513,855 539,855 564,855 590,855 616,855 642,855 668,855 694,855 720,854"/>
                <TextEquiv>
                    <Unicode>nibus praedictis scilicet quod diuersitas, quae</Unicode>
                </TextEquiv>
            </TextLine>
            <TextLine id="r2l40" custom="readingOrder {index:15;}">
                <Coords points="221,899 684,907 721,899 721,869 221,870"/>
                <Baseline points="226,891 251,892 277,892 303,893 329,893 354,893 380,893 406,893 432,894 458,894 483,894 509,894 535,894 561,894 587,894 612,893 638,893 664,893 690,893 716,893"/>
                <TextEquiv>
                    <Unicode>est in contrarietate, est diuersitas, cui</Unicode>
                </TextEquiv>
            </TextLine>
            <TextLine id="r2l42" custom="readingOrder {index:16;}">
                <Coords points="226,937 270,950 291,937 624,937 648,952 720,938 721,910 309,901 251,912 227,900"/>
                <Baseline points="231,931 256,931 281,931 307,931 332,931 358,931 383,931 409,931 434,931 460,931 485,931 511,932 536,932 562,932 587,932 613,932 638,932 664,931 689,931 715,931"/>
                <TextEquiv>
                    <Unicode>impossibile est addere in illo gene¬</Unicode>
                </TextEquiv>
            </TextLine>
            <TextLine id="r2l44" custom="readingOrder {index:17;}">
                <Coords points="224,978 330,984 353,969 438,988 568,977 591,991 614,976 723,978 723,940 224,948"/>
                <Baseline points="229,971 254,971 280,971 306,971 331,970 357,970 383,970 409,970 434,970 460,970 486,971 512,971 537,971 563,971 589,971 615,971 640,971 666,971 692,971 718,971"/>
                <TextEquiv>
                    <Unicode>re, neque vt aliquid illius generis sit</Unicode>
                </TextEquiv>
            </TextLine>
            <TextLine id="r2l46" custom="readingOrder {index:18;}">
                <Coords points="228,1018 694,1026 726,1016 726,982 228,988"/>
                <Baseline points="233,1010 258,1010 284,1009 310,1009 335,1009 361,1009 387,1009 412,1010 438,1010 464,1010 489,1010 515,1011 541,1011 566,1011 592,1011 618,1011 643,1011 669,1011 695,1010 721,1010"/>
                <TextEquiv>
                    <Unicode>extra illud. &amp; quod est tale, est comple¬</Unicode>
                </TextEquiv>
            </TextLine>
            <TextLine id="r2l48" custom="readingOrder {index:19;}">
                <Coords points="228,1059 718,1058 727,1019 552,1031 228,1021"/>
                <Baseline points="233,1049 258,1048 284,1048 310,1048 335,1048 361,1048 387,1048 413,1048 438,1048 464,1048 490,1048 516,1049 541,1049 567,1049 593,1049 619,1049 644,1049 670,1049 696,1049 722,1049"/>
                <TextEquiv>
                    <Unicode>tum in distantia: ergo contrarietas est</Unicode>
                </TextEquiv>
            </TextLine>
            <TextLine id="r2l50" custom="readingOrder {index:20;}">
                <Coords points="227,1099 722,1098 722,1061 227,1061"/>
                <Baseline points="232,1088 257,1088 283,1087 308,1087 334,1087 359,1087 385,1088 410,1088 436,1088 461,1088 487,1089 512,1089 538,1089 563,1089 589,1089 614,1089 640,1089 665,1088 691,1088 717,1087"/>
                <TextEquiv>
                    <Unicode>diuersitas completa. D.d. Et cum con</Unicode>
                </TextEquiv>
            </TextLine>
            <TextLine id="r2l52" custom="readingOrder {index:21;}">
                <Coords points="229,1138 715,1133 715,1101 691,1092 635,1104 593,1094 565,1114 508,1093 442,1107 229,1101"/>
                <Baseline points="234,1126 259,1126 284,1125 309,1125 334,1125 359,1125 384,1126 409,1126 434,1126 459,1126 484,1126 509,1127 534,1127 559,1127 584,1127 609,1127 634,1127 659,1127 684,1127 710,1127"/>
                <TextEquiv>
                    <Unicode>traria dicuntur, &amp;c. i. &amp;, cum sit de¬</Unicode>
                </TextEquiv>
            </TextLine>
            <TextLine id="r2l54" custom="readingOrder {index:22;}">
                <Coords points="229,1178 711,1178 717,1132 229,1141"/>
                <Baseline points="234,1167 259,1166 284,1166 309,1165 334,1165 359,1165 384,1165 410,1165 435,1165 460,1165 485,1166 510,1166 535,1166 561,1166 586,1166 611,1166 636,1165 661,1165 686,1164 712,1164"/>
                <TextEquiv>
                    <Unicode>claratum, quod contratietas est diuersi</Unicode>
                </TextEquiv>
            </TextLine>
            <TextLine id="r2l56" custom="readingOrder {index:23;}">
                <Coords points="227,1210 323,1209 343,1223 360,1210 464,1209 479,1224 520,1209 718,1210 718,1181 663,1173 227,1181"/>
                <Baseline points="232,1204 257,1204 282,1203 307,1203 333,1203 358,1203 383,1203 409,1204 434,1204 459,1204 485,1204 510,1205 535,1205 561,1205 586,1205 611,1205 637,1205 662,1204 687,1204 713,1203"/>
                <TextEquiv>
                    <Unicode>tas completa, secundum quod est contrarietas</Unicode>
                </TextEquiv>
            </TextLine>
            <TextLine id="r2l58" custom="readingOrder {index:24;}">
                <Coords points="229,1252 488,1246 543,1258 725,1241 711,1221 647,1213 229,1221"/>
                <Baseline points="234,1244 259,1244 285,1243 310,1243 336,1243 361,1243 387,1243 413,1243 438,1244 464,1244 489,1244 515,1244 540,1244 566,1244 592,1244 617,1243 643,1243 668,1243 694,1242 720,1241"/>
                <TextEquiv>
                    <Unicode>contraria autem dicuntur multis mo¬</Unicode>
                </TextEquiv>
            </TextLine>
            <TextLine id="r2l60" custom="readingOrder {index:25;}">
                <Coords points="222,1290 456,1286 517,1304 538,1289 724,1285 724,1258 700,1248 615,1263 503,1262 488,1248 431,1262 222,1257"/>
                <Baseline points="227,1281 252,1281 278,1281 304,1281 330,1281 356,1281 382,1281 408,1281 434,1281 460,1281 485,1281 511,1281 537,1281 563,1281 589,1281 615,1281 641,1281 667,1281 693,1280 719,1280"/>
                <TextEquiv>
                    <Unicode>dis, vt dictum est superius: manife¬</Unicode>
                </TextEquiv>
            </TextLine>
            <TextLine id="r2l62" custom="readingOrder {index:26;}">
                <Coords points="220,1330 718,1329 718,1300 648,1287 536,1304 457,1287 428,1300 376,1287 361,1300 303,1287 289,1301 247,1287 220,1299"/>
                <Baseline points="225,1322 250,1321 276,1320 302,1320 327,1320 353,1320 379,1320 404,1320 430,1320 456,1320 481,1320 507,1320 533,1320 558,1320 584,1320 610,1320 635,1321 661,1321 687,1321 713,1321"/>
                <TextEquiv>
                    <Unicode>stum est, quod diuersitas inter modos eo</Unicode>
                </TextEquiv>
            </TextLine>
            <TextLine id="line_1604713278157_1469" custom="readingOrder {index:27;}">
                <Coords points="210,1369 575,1371 612,1358 700,1371 728,1365 728,1327 691,1341 646,1327 625,1340 509,1327 488,1341 303,1327 210,1346"/>
                <Baseline points="215,1359 238,1359 265,1359 292,1359 319,1359 346,1359 373,1359 400,1359 427,1359 454,1359 480,1359 507,1359 534,1359 561,1359 588,1359 615,1359 642,1359 669,1359 696,1360 723,1360"/>
                <TextEquiv>
                    <Unicode>rum debet esse completa secundum essentiam</Unicode>
                </TextEquiv>
            </TextLine>
            <TextLine id="r2l66" custom="readingOrder {index:28;}">
                <Coords points="219,1403 637,1405 654,1420 725,1403 725,1365 696,1380 495,1364 447,1381 389,1365 219,1380"/>
                <Baseline points="224,1398 250,1398 276,1398 302,1398 328,1398 354,1398 380,1398 406,1398 432,1398 458,1398 485,1398 511,1399 537,1399 563,1399 589,1399 615,1399 641,1399 667,1399 693,1399 720,1398"/>
                <TextEquiv>
                    <Unicode>contrarij, secundum quod est contrarium, quoniam, si</Unicode>
                </TextEquiv>
            </TextLine>
            <TextLine id="r2l68" custom="readingOrder {index:29;}">
                <Coords points="223,1442 717,1448 717,1415 687,1406 647,1420 520,1405 423,1423 355,1406 223,1407"/>
                <Baseline points="228,1437 253,1437 278,1437 304,1438 329,1438 355,1438 380,1438 406,1438 431,1438 457,1438 482,1438 508,1438 533,1438 559,1438 584,1438 610,1438 635,1438 661,1438 686,1437 712,1437"/>
                <TextEquiv>
                    <Unicode>fuerit in loco, tunc diuersitas in lo¬</Unicode>
                </TextEquiv>
            </TextLine>
            <TextLine id="r2l69" custom="readingOrder {index:30;}">
                <Coords points="221,1482 715,1484 715,1454 639,1444 221,1453"/>
                <Baseline points="226,1475 251,1475 276,1475 302,1475 327,1475 353,1475 378,1475 404,1475 429,1475 455,1476 480,1476 506,1476 531,1476 557,1476 582,1476 608,1477 633,1477 659,1477 684,1477 710,1477"/>
                <TextEquiv>
                    <Unicode>co erit perfecta. &amp;, si fuerit in forma</Unicode>
                </TextEquiv>
            </TextLine>
            <TextLine id="r2l72" custom="readingOrder {index:31;}">
                <Coords points="221,1522 719,1523 719,1493 690,1485 221,1493"/>
                <Baseline points="226,1516 251,1515 277,1514 303,1514 328,1514 354,1514 380,1514 405,1514 431,1515 457,1515 482,1515 508,1516 534,1516 559,1516 585,1516 611,1516 636,1516 662,1516 688,1515 714,1514"/>
                <TextEquiv>
                    <Unicode>tunc diuersitas in forma erit comple¬</Unicode>
                </TextEquiv>
            </TextLine>
            <TextLine id="r2l74" custom="readingOrder {index:32;}">
                <Coords points="214,1558 296,1570 712,1562 719,1526 215,1527"/>
                <Baseline points="220,1551 246,1552 272,1552 298,1553 324,1553 350,1553 376,1554 402,1554 428,1555 454,1555 480,1555 506,1555 532,1555 558,1555 584,1555 610,1555 636,1555 662,1555 688,1555 714,1554"/>
                <TextEquiv>
                    <Unicode>ta. &amp;, si sunt in qualitate est erit con¬</Unicode>
                </TextEquiv>
            </TextLine>
            <TextLine id="r2l76" custom="readingOrder {index:33;}">
                <Coords points="228,1600 628,1599 690,1612 720,1602 720,1565 228,1572"/>
                <Baseline points="233,1593 258,1593 283,1594 309,1594 334,1594 359,1594 385,1594 410,1595 435,1595 461,1595 486,1595 512,1595 537,1595 562,1595 588,1595 613,1595 638,1595 664,1595 689,1594 715,1594"/>
                <TextEquiv>
                    <Unicode>pleta. Et, cum declarauit hoc, incoepit</Unicode>
                </TextEquiv>
            </TextLine>
            <TextLine id="r2l78" custom="readingOrder {index:34;}">
                <Coords points="220,1643 711,1642 718,1604 220,1613"/>
                <Baseline points="225,1632 250,1632 276,1632 302,1632 327,1633 353,1633 379,1633 404,1633 430,1633 456,1633 481,1634 507,1634 533,1634 558,1634 584,1634 610,1633 635,1633 661,1633 687,1633 713,1632"/>
                <TextEquiv>
                    <Unicode>declarare, quod contrarium vnum habet con¬</Unicode>
                </TextEquiv>
            </TextLine>
            <TextLine id="r2l80" custom="readingOrder {index:35;}">
                <Coords points="221,1683 715,1681 702,1638 587,1654 568,1641 441,1654 221,1644"/>
                <Baseline points="226,1672 251,1671 276,1671 302,1671 327,1671 353,1672 378,1672 404,1672 429,1672 455,1673 480,1673 506,1673 531,1674 557,1674 582,1674 608,1674 633,1674 659,1673 684,1673 710,1672"/>
                <TextEquiv>
                    <Unicode>trarium. &amp; hoc vtitur in coelo &amp; mundo</Unicode>
                </TextEquiv>
            </TextLine>
            <TextLine id="r2l82" custom="readingOrder {index:36;}">
                <Coords points="217,1722 725,1723 725,1685 670,1693 643,1678 546,1693 503,1680 419,1694 331,1678 217,1685"/>
                <Baseline points="222,1710 248,1710 274,1710 300,1710 326,1711 353,1711 379,1711 405,1711 431,1712 457,1712 484,1712 510,1712 536,1712 562,1713 588,1712 615,1712 641,1712 667,1712 693,1711 720,1710"/>
                <TextEquiv>
                    <Unicode>tanquam sumpto, &amp; d. Et, cum ita sit, ma¬</Unicode>
                </TextEquiv>
            </TextLine>
            <TextLine id="r2l84" custom="readingOrder {index:37;}">
                <Coords points="221,1756 631,1753 684,1767 721,1755 721,1725 658,1720 488,1719 475,1732 431,1720 383,1735 342,1718 221,1725"/>
                <Baseline points="226,1749 251,1750 277,1750 303,1750 329,1750 354,1750 380,1750 406,1751 432,1751 458,1751 483,1751 509,1751 535,1751 561,1751 587,1751 612,1751 638,1751 664,1750 690,1750 716,1749"/>
                <TextEquiv>
                    <Unicode>nifestum, &amp;c. &amp; hoc intellectum est per</Unicode>
                </TextEquiv>
            </TextLine>
            <TextLine id="r2l85" custom="readingOrder {index:38;}">
                <Coords points="212,1794 667,1793 700,1809 719,1795 719,1755 682,1768 212,1765"/>
                <Baseline points="217,1789 243,1789 269,1789 295,1790 321,1790 347,1790 373,1790 400,1790 426,1790 452,1790 478,1790 504,1790 530,1790 557,1790 583,1790 609,1790 635,1790 661,1790 687,1789 714,1789"/>
                <TextEquiv>
                    <Unicode>se. D.d. demonstrationem, &amp; d. quoniam non aliquid</Unicode>
                </TextEquiv>
            </TextLine>
            <TextLine id="r2l88" custom="readingOrder {index:39;}">
                <Coords points="213,1834 590,1846 712,1834 712,1804 575,1805 559,1792 519,1808 477,1796 213,1805"/>
                <Baseline points="218,1827 243,1828 269,1829 295,1829 320,1829 346,1829 372,1830 398,1830 423,1830 449,1830 475,1830 501,1830 526,1830 552,1830 578,1829 604,1829 629,1829 655,1829 681,1829 707,1830"/>
                <TextEquiv>
                    <Unicode>erit, &amp;c. i. quoniam positum est, quod contra¬</Unicode>
                </TextEquiv>
            </TextLine>
            <TextLine id="r2l89" custom="readingOrder {index:40;}">
                <Coords points="210,1873 579,1883 715,1874 716,1846 211,1845"/>
                <Baseline points="216,1865 242,1866 268,1867 294,1867 320,1867 346,1868 372,1868 398,1868 424,1868 450,1869 476,1869 502,1869 528,1869 554,1869 580,1869 606,1869 632,1869 658,1869 684,1869 711,1870"/>
                <TextEquiv>
                    <Unicode>rium est in extremo vltimae distantiae:,</Unicode>
                </TextEquiv>
            </TextLine>
            <TextEquiv>
                <Unicode>extra geneus, et quod hoc in eis est 
maximum. Et quod maxime di¬
uersa in vno genere sunt contraria
diuersitas enim maxima in istis est di¬
uersitas completa. Et et differen¬
tia maxima diuersitate, quae sunt
in eodem genere. materia enim est
eadem contrariorum, &amp; quae sunt 
in eadem potentia sunt diuersita¬
te maxima diuersa. eadem enim
scientia est in eodem genere, &amp; in
eis est completa diuersitas, &amp; ma
xima.
Manifestum est igitur ex sermo
nibus praedictis scilicet quod diuersitas, quae
est in contrarietate, est diuersitas, cui
impossibile est addere in illo gene¬
re, neque vt aliquid illius generis sit
extra illud. &amp; quod est tale, est comple¬
tum in distantia: ergo contrarietas est
diuersitas completa. D.d. Et cum con
traria dicuntur, &amp;c. i. &amp;, cum sit de¬
claratum, quod contratietas est diuersi
tas completa, secundum quod est contrarietas
contraria autem dicuntur multis mo¬
dis, vt dictum est superius: manife¬
stum est, quod diuersitas inter modos eo
rum debet esse completa secundum essentiam
contrarij, secundum quod est contrarium, quoniam, si
fuerit in loco, tunc diuersitas in lo¬
co erit perfecta. &amp;, si fuerit in forma
tunc diuersitas in forma erit comple¬
ta. &amp;, si sunt in qualitate est erit con¬
pleta. Et, cum declarauit hoc, incoepit
declarare, quod contrarium vnum habet con¬
trarium. &amp; hoc vtitur in coelo &amp; mundo
tanquam sumpto, &amp; d. Et, cum ita sit, ma¬
nifestum, &amp;c. &amp; hoc intellectum est per
se. D.d. demonstrationem, &amp; d. quoniam non aliquid
erit, &amp;c. i. quoniam positum est, quod contra¬
rium est in extremo vltimae distantiae:,</Unicode>
            </TextEquiv>
        </TextRegion>
        <TextRegion orientation="0.0" id="TextRegion_1604713291943_1478" custom="readingOrder {index:1;}">
            <Coords points="741,120 1258,120 1258,1918 741,1918"/>
            <TextLine id="r2l3" custom="readingOrder {index:0;}">
                <Coords points="757,198 1255,201 1255,172 1205,157 1184,173 1126,172 1111,157 1071,173 1047,157 1008,174 952,157 912,175 757,165"/>
                <Baseline points="762,191 787,191 813,192 839,192 864,192 890,193 916,193 941,193 967,193 993,193 1018,193 1044,194 1070,194 1095,194 1121,194 1147,194 1172,194 1198,194 1224,193 1250,193"/>
                <TextEquiv>
                    <Unicode>&amp; vltimum non est nitrsgionum, quemadmo</Unicode>
                </TextEquiv>
            </TextLine>
            <TextLine id="r2l5" custom="readingOrder {index:1;}">
                <Coords points="749,235 844,251 946,234 1252,242 1252,205 1151,215 1121,199 927,200 840,213 766,198 749,210"/>
                <Baseline points="754,231 779,231 805,231 831,232 857,232 883,232 909,232 935,232 961,232 987,232 1013,232 1039,232 1065,232 1091,232 1117,232 1143,232 1169,232 1195,232 1221,232 1247,232"/>
                <TextEquiv>
                    <Unicode>dum &amp; primum: &amp; io d. &amp; distantia non</Unicode>
                </TextEquiv>
            </TextLine>
            <TextLine id="r2l8" custom="readingOrder {index:2;}">
                <Coords points="753,274 843,288 871,274 929,289 992,275 1259,282 1259,261 1189,238 1155,252 1040,239 1016,253 948,237 903,253 753,238"/>
                <Baseline points="758,269 784,270 810,270 836,271 862,271 888,271 914,271 940,271 966,271 992,271 1019,270 1045,270 1071,270 1097,270 1123,270 1149,270 1175,271 1201,271 1227,272 1254,273"/>
                <TextEquiv>
                    <Unicode>habet plura qua duo, scilicet quae duo vltima,</Unicode>
                </TextEquiv>
            </TextLine>
            <TextLine id="r2l10" custom="readingOrder {index:3;}">
                <Coords points="752,315 1256,317 1256,284 1218,279 1201,293 1173,276 1012,289 989,276 944,293 752,279"/>
                <Baseline points="757,309 783,309 809,309 835,310 861,310 887,310 913,310 939,310 965,310 991,310 1017,309 1043,309 1069,309 1095,309 1121,309 1147,309 1173,309 1199,309 1225,309 1251,310"/>
                <TextEquiv>
                    <Unicode>scilicprincipium &amp; finem. D.d. &amp; vniversaliter &amp;c.</Unicode>
                </TextEquiv>
            </TextLine>
            <TextLine id="r2l12" custom="readingOrder {index:4;}">
                <Coords points="756,354 1253,359 1252,324 1214,317 877,317 861,329 756,317"/>
                <Baseline points="761,348 786,348 812,349 837,349 863,350 888,350 914,350 940,350 965,349 991,349 1016,349 1042,349 1067,348 1093,348 1119,348 1144,348 1170,348 1195,349 1221,349 1247,350"/>
                <TextEquiv>
                    <Unicode>i. &amp; vniversaler si contrarietas est diuersitas,</Unicode>
                </TextEquiv>
            </TextLine>
            <TextLine id="r2l13" custom="readingOrder {index:5;}">
                <Coords points="752,394 1256,394 1245,357 752,359"/>
                <Baseline points="757,386 783,387 809,388 835,388 861,389 887,389 913,389 939,389 965,389 991,388 1017,388 1043,388 1069,388 1095,387 1121,387 1147,387 1173,387 1199,387 1225,388 1251,388"/>
                <TextEquiv>
                    <Unicode>&amp; diuersitas est duorum, manifestum</Unicode>
                </TextEquiv>
            </TextLine>
            <TextLine id="r2l15" custom="readingOrder {index:6;}">
                <Coords points="756,433 1152,433 1180,447 1256,433 1256,408 1200,397 756,406"/>
                <Baseline points="761,427 786,427 812,427 838,427 864,427 889,427 915,428 941,428 967,428 993,428 1018,428 1044,428 1070,428 1096,428 1122,428 1147,428 1173,428 1199,428 1225,428 1251,428"/>
                <TextEquiv>
                    <Unicode>est, quod diuersitas eorum est completa.</Unicode>
                </TextEquiv>
            </TextLine>
            <TextLine id="r2l17" custom="readingOrder {index:7;}">
                <Coords points="754,471 1246,474 1246,441 1231,434 1058,448 957,433 797,446 754,431"/>
                <Baseline points="759,466 784,467 809,467 835,467 860,467 885,467 911,467 936,467 961,467 987,467 1012,467 1038,467 1063,467 1088,467 1114,467 1139,467 1164,467 1190,467 1215,468 1241,468"/>
                <TextEquiv>
                    <Unicode>D.d. Et necesse est etiam &amp;c. i. manife¬</Unicode>
                </TextEquiv>
            </TextLine>
            <TextLine id="r2l19" custom="readingOrder {index:8;}">
                <Coords points="750,514 1250,514 1238,475 1134,487 750,478"/>
                <Baseline points="755,503 780,504 806,505 832,505 858,505 883,506 909,506 935,506 961,506 987,506 1012,505 1038,505 1064,505 1090,505 1116,505 1141,505 1167,505 1193,505 1219,505 1245,506"/>
                <TextEquiv>
                    <Unicode>stum est ex hoc sermone, quod defini¬</Unicode>
                </TextEquiv>
            </TextLine>
            <TextLine id="r2l21" custom="readingOrder {index:9;}">
                <Coords points="752,554 990,546 1255,562 1255,525 1228,513 1126,526 752,517"/>
                <Baseline points="757,542 782,543 808,544 834,544 860,545 886,545 912,545 938,545 964,545 990,545 1016,545 1042,545 1068,545 1094,545 1120,545 1146,545 1172,545 1198,545 1224,546 1250,547"/>
                <TextEquiv>
                    <Unicode>tio contrariorum conuenit diuersis,</Unicode>
                </TextEquiv>
            </TextLine>
            <TextLine id="r2l23" custom="readingOrder {index:10;}">
                <Coords points="745,587 927,586 1002,603 1082,586 1227,594 1257,589 1258,563 746,563"/>
                <Baseline points="751,583 776,583 801,583 826,583 851,583 876,583 901,583 926,583 951,583 976,583 1002,583 1027,583 1052,583 1077,583 1102,583 1127,583 1152,583 1177,583 1202,583 1227,584 1253,584"/>
                <TextEquiv>
                    <Unicode>maxime in eodem genere. contraria</Unicode>
                </TextEquiv>
            </TextLine>
            <TextLine id="r2l24" custom="readingOrder {index:11;}">
                <Coords points="750,626 1229,634 1257,629 1257,592 750,597"/>
                <Baseline points="755,622 781,623 807,623 833,623 859,623 885,623 911,623 938,623 964,622 990,622 1016,622 1042,621 1068,621 1095,621 1121,621 1147,621 1173,621 1199,622 1225,622 1252,623"/>
                <TextEquiv>
                    <Unicode>enim sunt illa, quorum diuersitas est</Unicode>
                </TextEquiv>
            </TextLine>
            <TextLine id="r2l26" custom="readingOrder {index:12;}">
                <Coords points="757,666 795,678 830,665 1121,665 1146,679 1159,665 1259,666 1259,629 757,637"/>
                <Baseline points="762,662 787,662 813,661 839,661 865,661 891,661 917,661 943,660 969,660 995,660 1020,660 1046,660 1072,660 1098,660 1124,660 1150,660 1176,660 1202,661 1228,661 1254,661"/>
                <TextEquiv>
                    <Unicode>completa: &amp; diuersitas completa est</Unicode>
                </TextEquiv>
            </TextLine>
            <TextLine id="r2l28" custom="readingOrder {index:13;}">
                <Coords points="748,714 840,698 1261,706 1261,670 748,677"/>
                <Baseline points="753,698 778,698 803,699 828,699 853,699 878,700 903,700 929,700 954,700 979,700 1004,700 1029,700 1054,699 1079,699 1105,699 1130,699 1155,699 1180,699 1205,699 1230,699 1256,699"/>
                <TextEquiv>
                    <Unicode>postum non est maior: &amp; nulla diuersi</Unicode>
                </TextEquiv>
            </TextLine>
            <TextLine id="r2l31" custom="readingOrder {index:14;}">
                <Coords points="750,746 1252,745 1252,717 1183,709 859,717 840,698 803,717 750,717"/>
                <Baseline points="755,737 780,737 806,737 832,737 858,738 884,738 910,738 936,738 962,738 988,738 1013,738 1039,738 1065,738 1091,738 1117,738 1143,738 1169,737 1195,737 1221,737 1247,737"/>
                <TextEquiv>
                    <Unicode>tas est maior quam illa, quae sunt in eo¬</Unicode>
                </TextEquiv>
            </TextLine>
            <TextLine id="r2l33" custom="readingOrder {index:15;}">
                <Coords points="751,786 1159,794 1251,785 1251,745 1220,758 1173,743 1125,762 1091,743 1061,758 998,746 751,754"/>
                <Baseline points="756,776 781,776 807,776 833,776 859,777 884,777 910,777 936,777 962,777 988,777 1013,777 1039,777 1065,777 1091,777 1117,777 1142,777 1168,777 1194,777 1220,778 1246,778"/>
                <TextEquiv>
                    <Unicode>dem genere: quoniam inter illa, quae sunt di</Unicode>
                </TextEquiv>
            </TextLine>
            <TextLine id="r2l36" custom="readingOrder {index:16;}">
                <Coords points="756,826 1259,825 1259,797 1212,797 1197,782 1172,797 1047,797 1029,782 941,797 855,784 838,798 819,784 756,794"/>
                <Baseline points="761,815 786,815 812,815 838,815 864,815 890,815 916,815 942,815 968,815 994,815 1020,815 1046,815 1072,815 1098,815 1124,815 1150,815 1176,815 1202,815 1228,815 1254,815"/>
                <TextEquiv>
                    <Unicode>uersa secundum genus &amp; formam, non inue</Unicode>
                </TextEquiv>
            </TextLine>
            <TextLine id="r2l38" custom="readingOrder {index:17;}">
                <Coords points="757,866 840,859 861,874 886,859 1013,855 1111,874 1255,860 1255,834 1218,823 757,829"/>
                <Baseline points="762,855 787,855 813,855 839,855 864,855 890,855 916,855 941,855 967,855 993,854 1018,854 1044,854 1070,854 1095,854 1121,854 1147,853 1172,853 1198,853 1224,853 1250,852"/>
                <TextEquiv>
                    <Unicode>nitur magis distans &amp; magis propin¬</Unicode>
                </TextEquiv>
            </TextLine>
            <TextLine id="r2l39" custom="readingOrder {index:18;}">
                <Coords points="756,906 1245,898 1253,862 1211,874 1189,861 1111,874 1012,861 756,870"/>
                <Baseline points="761,891 786,891 812,892 837,892 863,893 889,893 914,893 940,893 966,893 991,893 1017,893 1042,893 1068,893 1094,893 1119,893 1145,892 1171,892 1196,892 1222,892 1248,891"/>
                <TextEquiv>
                    <Unicode>quum scilicet quoniam inter illa non accidit con¬</Unicode>
                </TextEquiv>
            </TextLine>
            <TextLine id="r2l41" custom="readingOrder {index:19;}">
                <Coords points="756,952 790,937 1257,936 1256,909 1216,900 1018,912 900,899 873,918 843,901 755,909"/>
                <Baseline points="761,930 786,931 812,931 838,931 864,931 890,932 916,932 941,932 967,932 993,932 1019,931 1045,931 1071,931 1096,931 1122,931 1148,931 1174,931 1200,931 1226,931 1252,931"/>
                <TextEquiv>
                    <Unicode>paratio, sicut non accidit mensura</Unicode>
                </TextEquiv>
            </TextLine>
            <TextLine id="r2l43" custom="readingOrder {index:20;}">
                <Coords points="757,979 1226,986 1247,978 1247,948 960,950 927,938 757,952"/>
                <Baseline points="762,969 787,969 812,969 837,969 863,969 888,969 913,969 938,969 964,970 989,970 1014,970 1039,970 1065,969 1090,969 1115,969 1140,969 1166,968 1191,968 1216,967 1242,966"/>
                <TextEquiv>
                    <Unicode>inter diuersas magnitudines in ge¬</Unicode>
                </TextEquiv>
            </TextLine>
            <TextLine id="r2l45" custom="readingOrder {index:21;}">
                <Coords points="757,1014 1106,1017 1124,1031 1148,1017 1253,1018 1241,985 1198,994 1085,974 1007,991 889,974 873,987 757,989"/>
                <Baseline points="762,1007 787,1008 813,1009 838,1009 864,1009 889,1010 915,1010 941,1010 966,1010 992,1010 1017,1009 1043,1009 1068,1009 1094,1009 1120,1008 1145,1008 1171,1008 1196,1008 1222,1008 1248,1008"/>
                <TextEquiv>
                    <Unicode>nere. D.d. Declaratum est igitur, &amp;c.</Unicode>
                </TextEquiv>
            </TextLine>
            <TextLine id="r2l47" custom="readingOrder {index:22;}">
                <Coords points="753,1054 963,1052 981,1067 1017,1051 1055,1067 1068,1054 1256,1053 1256,1021 753,1018"/>
                <Baseline points="758,1048 783,1047 809,1047 835,1047 861,1047 887,1047 913,1047 939,1047 965,1047 991,1047 1017,1048 1043,1048 1069,1048 1095,1048 1121,1047 1147,1047 1173,1047 1199,1047 1225,1046 1251,1045"/>
                <TextEquiv>
                    <Unicode>i. declaratum est igitur, quod non inuenitur</Unicode>
                </TextEquiv>
            </TextLine>
            <TextLine id="r2l49" custom="readingOrder {index:23;}">
                <Coords points="756,1092 914,1091 941,1105 959,1091 1060,1090 1102,1104 1257,1090 1257,1060 756,1061"/>
                <Baseline points="761,1086 786,1086 812,1086 838,1086 864,1086 890,1086 916,1086 941,1086 967,1086 993,1086 1019,1087 1045,1087 1071,1087 1096,1087 1122,1087 1148,1087 1174,1086 1200,1086 1226,1085 1252,1085"/>
                <TextEquiv>
                    <Unicode>diuersitas completa in eis, quae non sunt </Unicode>
                </TextEquiv>
            </TextLine>
            <TextLine id="r2l51" custom="readingOrder {index:24;}">
                <Coords points="749,1130 856,1130 872,1145 897,1130 996,1142 1023,1129 1209,1141 1256,1130 1256,1102 1191,1109 1132,1093 1092,1108 1060,1093 749,1101"/>
                <Baseline points="754,1124 780,1124 806,1124 832,1124 858,1125 884,1125 910,1125 937,1125 963,1125 989,1125 1015,1126 1041,1126 1067,1126 1094,1126 1120,1125 1146,1125 1172,1125 1198,1124 1224,1124 1251,1123"/>
                <TextEquiv>
                    <Unicode>in eodem genere, quoniam diuersitas, quae</Unicode>
                </TextEquiv>
            </TextLine>
            <TextLine id="r2l53" custom="readingOrder {index:25;}">
                <Coords points="751,1169 930,1178 1259,1163 1259,1147 1224,1131 1130,1133 1117,1146 776,1132 751,1145"/>
                <Baseline points="756,1163 782,1163 808,1163 834,1163 860,1163 887,1163 913,1163 939,1164 965,1164 991,1164 1018,1164 1044,1164 1070,1164 1096,1164 1122,1164 1149,1164 1175,1164 1201,1164 1227,1163 1254,1163"/>
                <TextEquiv>
                    <Unicode>est inter illa, est maxima. Et decla¬</Unicode>
                </TextEquiv>
            </TextLine>
            <TextLine id="r2l55" custom="readingOrder {index:26;}">
                <Coords points="749,1210 1243,1211 1259,1210 1259,1179 749,1181"/>
                <Baseline points="754,1202 779,1202 804,1202 829,1202 854,1202 879,1202 904,1202 929,1202 954,1203 979,1203 1004,1203 1029,1203 1054,1203 1079,1204 1104,1203 1129,1203 1154,1203 1179,1202 1204,1201 1229,1200 1254,1199"/>
                <TextEquiv>
                    <Unicode>ratum etiam, quod illa, quae maxime diffe¬</Unicode>
                </TextEquiv>
            </TextLine>
            <TextLine id="r2l57" custom="readingOrder {index:27;}">
                <Coords points="751,1250 952,1250 975,1262 1017,1246 1234,1252 1250,1249 1250,1220 1119,1222 1097,1208 1063,1222 942,1223 918,1209 751,1221"/>
                <Baseline points="756,1242 781,1241 807,1241 833,1241 858,1241 884,1241 910,1241 936,1241 961,1241 987,1242 1013,1242 1039,1242 1064,1242 1090,1242 1116,1242 1142,1241 1167,1241 1193,1240 1219,1240 1245,1238"/>
                <TextEquiv>
                    <Unicode>runt in eodem genere, sunt contra¬</Unicode>
                </TextEquiv>
            </TextLine>
            <TextLine id="r2l59" custom="readingOrder {index:28;}">
                <Coords points="749,1290 1257,1294 1257,1260 1239,1249 1066,1261 1052,1248 1028,1262 1006,1249 973,1262 873,1247 803,1265 776,1248 749,1261"/>
                <Baseline points="754,1279 780,1279 806,1280 832,1280 858,1280 885,1280 911,1280 937,1280 963,1279 989,1279 1016,1279 1042,1279 1068,1279 1094,1279 1120,1279 1147,1280 1173,1280 1199,1280 1225,1281 1252,1282"/>
                <TextEquiv>
                    <Unicode>ria. &amp; est econtrario sermoni dicenti,</Unicode>
                </TextEquiv>
            </TextLine>
            <TextLine id="r2l61" custom="readingOrder {index:29;}">
                <Coords points="754,1328 1081,1323 1167,1341 1252,1325 1246,1293 754,1293"/>
                <Baseline points="759,1318 784,1319 810,1319 836,1319 861,1320 887,1320 913,1320 938,1320 964,1320 990,1320 1015,1319 1041,1319 1067,1319 1092,1319 1118,1319 1144,1319 1169,1319 1195,1319 1221,1319 1247,1320"/>
                <TextEquiv>
                    <Unicode>quod contraria sunt in eodem genere.</Unicode>
                </TextEquiv>
            </TextLine>
            <TextLine id="r2l63" custom="readingOrder {index:30;}">
                <Coords points="756,1364 809,1376 942,1363 1254,1370 1254,1327 1167,1341 1047,1325 1029,1340 756,1334"/>
                <Baseline points="761,1358 786,1358 812,1358 838,1359 863,1359 889,1359 915,1359 940,1359 966,1359 992,1359 1017,1359 1043,1359 1069,1359 1094,1359 1120,1359 1146,1359 1171,1359 1197,1359 1223,1359 1249,1358"/>
                <TextEquiv>
                    <Unicode>&amp; quod sunt maxime differentia in il</Unicode>
                </TextEquiv>
            </TextLine>
            <TextLine id="r2l65" custom="readingOrder {index:31;}">
                <Coords points="751,1403 802,1417 826,1402 1260,1402 1260,1376 1189,1364 987,1377 932,1365 912,1381 817,1372 795,1384 751,1365"/>
                <Baseline points="756,1398 782,1397 808,1397 834,1397 861,1397 887,1397 913,1397 939,1397 966,1397 992,1398 1018,1398 1044,1398 1071,1397 1097,1397 1123,1397 1149,1397 1176,1397 1202,1396 1228,1396 1255,1395"/>
                <TextEquiv>
                    <Unicode>lo genere. D.d. Et etiam differen¬</Unicode>
                </TextEquiv>
            </TextLine>
            <TextLine id="r2l67" custom="readingOrder {index:32;}">
                <Coords points="752,1442 1207,1441 1254,1455 1254,1413 752,1412"/>
                <Baseline points="757,1437 782,1437 808,1437 834,1437 860,1437 886,1437 912,1437 938,1437 964,1437 990,1437 1015,1437 1041,1436 1067,1436 1093,1436 1119,1437 1145,1437 1171,1437 1197,1437 1223,1438 1249,1438"/>
                <TextEquiv>
                    <Unicode>tia, &amp;c. i. &amp; etiam est declaratum, quod</Unicode>
                </TextEquiv>
            </TextLine>
            <TextLine id="r2l70" custom="readingOrder {index:33;}">
                <Coords points="757,1482 840,1494 921,1480 1261,1482 1261,1453 1184,1445 1156,1457 1070,1442 895,1445 815,1461 757,1445"/>
                <Baseline points="762,1475 788,1475 814,1476 840,1476 866,1476 892,1476 918,1476 944,1476 970,1475 996,1475 1022,1475 1048,1475 1074,1475 1100,1475 1126,1475 1152,1476 1178,1476 1204,1476 1230,1476 1256,1476"/>
                <TextEquiv>
                    <Unicode>illa, quae maxime differunt, sunt in</Unicode>
                </TextEquiv>
            </TextLine>
            <TextLine id="r2l71" custom="readingOrder {index:34;}">
                <Coords points="748,1521 871,1536 902,1522 1263,1522 1263,1492 1247,1485 996,1485 977,1502 748,1492"/>
                <Baseline points="753,1515 778,1515 803,1515 828,1515 854,1515 879,1515 904,1515 929,1515 955,1515 980,1515 1005,1515 1030,1515 1056,1515 1081,1514 1106,1514 1131,1514 1157,1514 1182,1514 1207,1515 1232,1515 1258,1515"/>
                <TextEquiv>
                    <Unicode>eodem genere, &amp; quod differentia</Unicode>
                </TextEquiv>
            </TextLine>
            <TextLine id="r2l73" custom="readingOrder {index:35;}">
                <Coords points="748,1563 1258,1562 1258,1534 1206,1523 1073,1524 1051,1538 999,1523 748,1533"/>
                <Baseline points="753,1553 778,1553 803,1554 828,1554 853,1554 878,1554 903,1554 928,1554 953,1554 978,1554 1003,1554 1028,1554 1053,1554 1078,1553 1103,1553 1128,1553 1153,1553 1178,1553 1203,1554 1228,1554 1253,1554"/>
                <TextEquiv>
                    <Unicode>eorum est completa. Deinde dicit:</Unicode>
                </TextEquiv>
            </TextLine>
            <TextLine id="r2l75" custom="readingOrder {index:36;}">
                <Coords points="755,1602 1063,1596 1259,1610 1259,1569 1240,1562 1191,1575 755,1573"/>
                <Baseline points="760,1593 786,1593 812,1594 838,1594 864,1594 890,1594 916,1594 942,1594 968,1593 994,1593 1020,1593 1046,1593 1072,1593 1098,1593 1124,1593 1150,1593 1176,1593 1202,1594 1228,1594 1254,1594"/>
                <TextEquiv>
                    <Unicode>materia enim eorum contrariorum,</Unicode>
                </TextEquiv>
            </TextLine>
            <TextLine id="r2l77" custom="readingOrder {index:37;}">
                <Coords points="749,1642 904,1654 999,1637 1024,1652 1257,1642 1257,1615 1178,1600 1093,1616 1065,1598 1033,1612 749,1605"/>
                <Baseline points="754,1631 780,1632 806,1632 832,1632 858,1633 885,1633 911,1632 937,1632 963,1632 989,1632 1016,1632 1042,1632 1068,1631 1094,1631 1120,1631 1147,1631 1173,1632 1199,1632 1225,1632 1252,1633"/>
                <TextEquiv>
                    <Unicode>&amp;c. i. &amp; significat quod illa, quae sunt in</Unicode>
                </TextEquiv>
            </TextLine>
            <TextLine id="r2l79" custom="readingOrder {index:38;}">
                <Coords points="754,1682 835,1676 877,1692 937,1678 1252,1678 1252,1653 1198,1639 1180,1653 1162,1642 1008,1653 994,1639 967,1653 820,1653 806,1639 754,1653"/>
                <Baseline points="759,1672 784,1672 810,1672 836,1673 861,1673 887,1672 913,1672 938,1672 964,1672 990,1672 1015,1672 1041,1672 1067,1671 1092,1671 1118,1672 1144,1672 1169,1672 1195,1673 1221,1674 1247,1674"/>
                <TextEquiv>
                    <Unicode>eodem genere, sunt contraria, hoc</Unicode>
                </TextEquiv>
            </TextLine>
            <TextLine id="r2l81" custom="readingOrder {index:39;}">
                <Coords points="752,1721 1260,1722 1260,1688 1244,1684 1221,1696 941,1678 752,1686"/>
                <Baseline points="757,1709 783,1710 809,1710 835,1711 861,1711 888,1711 914,1711 940,1710 966,1710 992,1710 1019,1710 1045,1710 1071,1709 1097,1709 1123,1709 1150,1709 1176,1710 1202,1710 1228,1711 1255,1712"/>
                <TextEquiv>
                    <Unicode>quod materia recipit contraria, &amp;</Unicode>
                </TextEquiv>
            </TextLine>
            <TextLine id="r2l83" custom="readingOrder {index:40;}">
                <Coords points="752,1763 1239,1762 1256,1754 1256,1724 1090,1731 1065,1717 1033,1730 995,1717 906,1737 877,1717 803,1717 752,1731"/>
                <Baseline points="757,1748 783,1749 809,1749 835,1750 861,1750 887,1750 913,1750 939,1750 965,1750 991,1750 1017,1749 1043,1749 1069,1749 1095,1749 1121,1749 1147,1749 1173,1749 1199,1749 1225,1750 1251,1750"/>
                <TextEquiv>
                    <Unicode>quod illa, quae sunt in potentia in</Unicode>
                </TextEquiv>
            </TextLine>
            <TextLine id="r2l86" custom="readingOrder {index:41;}">
                <Coords points="754,1796 1258,1794 1258,1766 945,1757 930,1771 799,1757 754,1770"/>
                <Baseline points="759,1789 785,1789 811,1789 837,1789 863,1789 889,1789 915,1789 941,1789 967,1789 993,1789 1019,1789 1045,1789 1071,1789 1097,1789 1123,1789 1149,1789 1175,1789 1201,1789 1227,1790 1253,1790"/>
                <TextEquiv>
                    <Unicode>eodem loco sunt diuersa maxima</Unicode>
                </TextEquiv>
            </TextLine>
            <TextLine id="r2l87" custom="readingOrder {index:42;}">
                <Coords points="751,1834 1256,1834 1256,1807 1215,1797 751,1800"/>
                <Baseline points="756,1827 782,1828 808,1828 834,1829 860,1829 886,1829 912,1829 938,1829 964,1829 990,1829 1016,1829 1042,1828 1068,1828 1094,1828 1120,1827 1146,1827 1172,1827 1198,1827 1224,1828 1251,1828"/>
                <TextEquiv>
                    <Unicode>diuersitate. &amp; ideo eadem est scien¬</Unicode>
                </TextEquiv>
            </TextLine>
            <TextLine id="r2l90" custom="readingOrder {index:43;}">
                <Coords points="750,1875 1026,1874 1026,1853 991,1837 965,1846 934,1845 926,1837 898,1846 750,1841"/>
                <Baseline points="755,1869 781,1870 808,1870 834,1870 861,1870 888,1869 914,1869 941,1869 967,1869 994,1869 1021,1869"/>
                <TextEquiv>
                    <Unicode>tia contrariorum.</Unicode>
                </TextEquiv>
            </TextLine>
            <TextEquiv>
                <Unicode>&amp; vltimum non est nitrsgionum, quemadmo
dum &amp; primum: &amp; io d. &amp; distantia non
habet plura qua duo, scilicet quae duo vltima,
scilicprincipium &amp; finem. D.d. &amp; vniversaliter &amp;c.
i. &amp; vniversaler si contrarietas est diuersitas,
&amp; diuersitas est duorum, manifestum
est, quod diuersitas eorum est completa.
D.d. Et necesse est etiam &amp;c. i. manife¬
stum est ex hoc sermone, quod defini¬
tio contrariorum conuenit diuersis,
maxime in eodem genere. contraria
enim sunt illa, quorum diuersitas est
completa: &amp; diuersitas completa est
postum non est maior: &amp; nulla diuersi
tas est maior quam illa, quae sunt in eo¬
dem genere: quoniam inter illa, quae sunt di
uersa secundum genus &amp; formam, non inue
nitur magis distans &amp; magis propin¬
quum scilicet quoniam inter illa non accidit con¬
paratio, sicut non accidit mensura
inter diuersas magnitudines in ge¬
nere. D.d. Declaratum est igitur, &amp;c.
i. declaratum est igitur, quod non inuenitur
diuersitas completa in eis, quae non sunt 
in eodem genere, quoniam diuersitas, quae
est inter illa, est maxima. Et decla¬
ratum etiam, quod illa, quae maxime diffe¬
runt in eodem genere, sunt contra¬
ria. &amp; est econtrario sermoni dicenti,
quod contraria sunt in eodem genere.
&amp; quod sunt maxime differentia in il
lo genere. D.d. Et etiam differen¬
tia, &amp;c. i. &amp; etiam est declaratum, quod
illa, quae maxime differunt, sunt in
eodem genere, &amp; quod differentia
eorum est completa. Deinde dicit:
materia enim eorum contrariorum,
&amp;c. i. &amp; significat quod illa, quae sunt in
eodem genere, sunt contraria, hoc
quod materia recipit contraria, &amp;
quod illa, quae sunt in potentia in
eodem loco sunt diuersa maxima
diuersitate. &amp; ideo eadem est scien¬
tia contrariorum.</Unicode>
            </TextEquiv>
        </TextRegion>
    </Page>
</PcGts>
