1475 2066
226 148 738 219 quae habet quaedam. Et ideo non be¬
238 205 743 257 ne dixit Anax. in hoc, quod dicit,
230 253 745 315 quod omnia erant infimul infinita in
238 300 744 362 multitudine & paruitate. deberet
238 349 743 410 enim dicere in loro paruitatis pau
240 396 748 459 citatem. quoniam non sunt finita
242 445 739 506 in paucitate vnius, sicut dixerunt
240 492 612 555 quidam, sed propter duo.
276 548 749 587 Cum induxit quaestiones contin¬
232 596 748 640 gentes in hoc, quod quale opponitur ma
239 625 749 675 gno & paruo, & declarauit, quod de ne
241 661 748 707 cessitate opponitur secundum habitum &
236 702 750 753 priuationem, incoepit perscrutari de
227 741 740 789 vno & multo quo modo opponuntu
236 780 744 818 sibi, & d. Quaerenda est, &c. i. & quae
238 815 743 858 rendum est hoc similiter de vno & mul¬
232 857 740 907 to scilicet vtrum opponantur simul secundum con
236 895 743 938 trarietatem, aut alio modo. D.d.
239 935 741 987 Qam, si multum, &c. i. quam, si vnum ope
228 973 734 1025 ponitur multo simpliciter secundum con
236 1013 744 1064 trarietatem, accident plura impossi
242 1051 743 1105 bilia. D. incoepit dicere impossibilia
240 1092 738 1141 & d. tunc enim erit vnum paucum
240 1133 750 1170 &c. i. quam, si fuerit positum, quod vnum
241 1169 740 1218 est contrarium multo: & illud, quod
236 1209 745 1259 est contrarium multo est paucum:
238 1248 748 1290 accidet vt vnum sit paucum. D. in¬
239 1287 741 1339 coepit declarare quaestionem, & d
234 1332 741 1370 Et etiam duo erunt multum, &c. &
244 1368 742 1406 etiam duo sunt multa, quia sunt du
238 1405 744 1452 plum, & duplum est multitudo, quida
243 1441 747 1491 dicitur in respectu paucitatis, sicut
236 1486 740 1535 multiplex dicitur in respectu submal
240 1520 745 1562 tiplicis. D.d. conclusionem ex hoc,
236 1564 743 1612 & d. ergo vnum est paucum, &c. i. quoniam
236 1600 744 1650 cum duo fuerit duplum: & duplum
236 1639 744 1682 est multitudo respectu eins, cuius est
241 1676 744 1728 duplum: sequitur, quod illud, cuius duo
239 1716 751 1756 sunt duplum. scilicet vnum sit paucum, quoniam,
238 1757 746 1805 si vnum non fuer tpaucum, cui igi
240 1793 747 1834 tur comparantur duo, cum dicantu,
237 1833 745 1874 esse multaus & quod omne multum con¬
772 157 1298 210 paratur paueo, si nn comparatutr
770 205 1285 247 ad vnum, aut ad aliquid minus vno:
778 236 1272 288 sed nihil est minus vno: ergo de ne
772 273 1276 315 cessitate * comparantur adinuicem: &
772 314 1276 364 vnum est illud paucum, ad quid com¬
772 349 1285 402 paratur multitudo multa, quae sunt,
776 390 1274 434 duo. D.d. aliam quaestionem, & di
780 430 1285 474 Et etiam, si quemadmodum in longitudi
776 468 1281 518 ne, &c. i. & etiam debet aliquis dice¬
777 509 1281 559 re, quoniam quemamodum in omnilongo est
770 546 1278 602 longum & breue: logum. scilicet in respe
774 582 1285 626 ctu breuioris, & breue scilicet in respectu
774 625 1278 667 longioris: & omne multum est pau
773 662 1274 716 cum in respectu pluiis, & multum
775 703 1285 752 in respectu paucioris. si autem vnum
771 741 1273 790 fuerit paucum in respectu duorum,
776 781 1281 830 continget vt sit multum in respectu
778 827 1279 867 paucioris: sicut continget, vt duo sint
778 855 1275 906 pauca in respectu pluris, & quia vsus
773 895 1285 939 est in hoc sermone, quod omne, quod est
776 936 1284 978 multum, est multitudo multa, & hoc
775 973 1285 1027 non est verum in liquabilibus, exce
776 1013 1280 1061 pit illa. & hoc non nocet in hoc, quod
777 1060 1285 1103 intendit concludere. quoniam numerus
775 1093 1281 1145 non est de liquabilibus, & multum
773 1131 1285 1182 dicitur de numeris, & de liquabilibus aequi
780 1167 1285 1210 uoce. & hoc intendebat, cum d. nisi
778 1206 1280 1250 igitur hoc differat, &c. Et cum com¬
783 1245 1273 1297 pleuit hanc dubitationem, quae se¬
778 1285 1274 1340 quitur ab impossibili, quod est vnum
777 1325 1283 1374 diuidi, incoepit soluere eani, & decla
779 1365 1281 1414 rare, quo modo vnum & multum op
774 1405 1282 1451 ponuntur sibi, & dixit: Sed rectum
774 1441 1280 1483 est vt & quaedam multa, &c. i. sed re
775 1481 1284 1522 ctum est, vt quaedam, quae dicuntur
776 1520 1287 1570 multa, vere dicantur multitudo, quia
782 1565 1278 1610 natura eorum diuersatur: & quaedam
780 1597 1289 1643 non vere dicantur multitudo, & ve¬
772 1644 1282 1689 re dicantur multa. vt aqua, quae ve¬
780 1684 1284 1714 re dicitur multa, & non vere dicitur
772 1717 1282 1762 multirudo. Multitudo vero, cuius
782 1757 1276 1794 vnitates non diuiduntur, dicitur vno
778 1793 1284 1835 modo, cum partes eius fuerint sicut
770 1829 1284 1882 partes scilicet de quantitate discreta. Et in
