1475 2066
202 140 720 200 Sed rursus quartum aliud quod
212 190 721 243 dam hoc geneus apparet. Et om
218 237 711 274 nino elementa quaerere entium
214 272 723 315 non diuidendo, cum multiplici
209 317 713 354 ter dicantur, impossibile est in¬
211 356 715 402 uenire: praesertim cum hoc mo¬
215 396 705 442 do quaerant, ex quibus elemen
209 439 713 482 tis est. ex quibus enim ipsum age¬
215 485 709 523 re aut ipsum pati, aut ipsum re¬
213 521 706 576 ctum, non est accipere, quod si est
214 565 720 610 substantiarum solum esse potest.
208 613 711 658 quare aut quaerere, aut putare
214 650 712 698 habere omnium existentium ele¬
210 689 721 739 menta, non est verum. Quomo
217 733 712 777 do vero aliquis cunctorum ele¬
212 772 721 818 menta discet V Manifestum est
216 813 721 858 enim, quod non est possibile quic¬
213 861 716 906 quam eum cognoscere prius, quem
210 900 715 950 admodum enim ille, qui Geo¬
213 940 721 994 metriam discit, aliqua quidem
213 989 713 1034 praescire contingit: quorum ve¬
213 1027 709 1066 ro illa scientia est, & quae docer
213 1069 717 1106 dus est nihil praescit. ita & in cae
216 1108 711 1165 teris. Quare si qua cunctorum
212 1149 716 1194 est scientia, vt quidam aiunt, ni
208 1191 720 1235 hil profecto is praecognoscetur posset.
254 1269 724 1337 Et existimatur hoc esse aliud
210 1322 716 1382 genus quartum, quod quaerit de
213 1370 714 1429 elementis omnium entium, absqui
208 1416 713 1482 eo quod negat quod dicta multi
213 1470 717 1527 modis impotsibile est vt, sint: sec
213 1513 721 1572 quaerunt hoc modo de rebus, ex qui
212 1559 719 1619 bus sunt elemonta. in quibusdam,
215 1611 690 1667 vero ex actione, & passione
212 1653 712 1707 aut conuententia. & hoc non est
211 1701 713 1762 on quolibet, sed tantum in substan
204 1753 716 1817 tia. ita quod perscrutatio est de ele
210 1812 712 1866 mentis omnium entium, & quae¬
742 141 1270 194 rere determinmationem eorum. & 2
753 189 1247 251 hoc non est verum. Et quo potest
749 240 1243 289 ho scire elementa omnium entiu:
751 284 1255 352 impossibile est enim vt aliquis ad
744 333 1258 394 discat aliquid, nisi praesciat prima
751 381 1247 442 principia eius, v.g. quod aliquis ad
747 429 1245 490 discat Geometriam, sed ante de¬
747 477 1253 539 bet scire aliqua illius scientiae, quam
755 524 1251 586 vult addiscere: aut nesciet aliquid,
748 573 1253 634 eorum. & similiter est dispositio
749 621 1251 683 de aliis. ita quod ars, de qua homi¬
744 672 1234 730 nes reputat quod doctrinat omne
749 716 1237 778 nihil notificat secundum huc modum
790 796 1244 850 Et, cum posuimus quod species, & vniversaliter
750 839 1251 883 tellecta vniversalia sunt res existentes extra.
746 877 1238 922 animam, & quod sunt formae entium, contin¬
742 919 1249 971 get vt hoc geneus entium sit quartum
744 960 1242 1011 genus aliud a tribus generibus: & quod
740 997 1251 1042 in eo est, consyderat quarta ars scilicet alia
740 1045 1236 1077 a tribus consyderantibus in mathe
750 1081 1234 1114 maticis, & Naturalibus, & diuinis
751 1114 1237 1166 & contingit eis vt hoc geneus perseru
750 1153 1243 1202 tetur de elementis omnium entium. quoniam cum
748 1190 1238 1235 istae species sint elementa, i. formae en
744 1238 1246 1274 tium omnium: & omnis ars persrutetur de
753 1268 1245 1309 causis suorum subiectorum: & subiecta
747 1309 1243 1346 istius artis sunt elementa rerum: con¬
750 1346 1241 1398 tigit vt ista ars quarta perscrutetur d ele¬
750 1387 1255 1426 mentis efhtorum. D.d. sed quaerunt hoc
751 1426 1249 1476 modo, &c. i. si cum istae species exntes ex¬
751 1467 1255 1506 tra animam sint substantiae subiectorum
751 1504 1251 1551 trium scientiarum: & ars, quae consyderat de
742 1541 1252 1590 speciebus, prscrutatur de causis causarum: ne
753 1578 1253 1626 cesse est vt omnis ars istarum trium perscru¬
744 1616 1240 1661 tetur de causis suarum causaum. D.d. in qui
748 1655 1249 1706 busdam, &c. i. scilicet impossibile est hoc i
749 1691 1253 1738 tribus artibus, scilicet perscrutari de causis
751 1732 1253 1786 causarum nisi in arte, quae perscrutatur
753 1773 1253 1822 de causis actionis & passionis, & con¬
741 1812 1257 1851 uenientiae inter formam & materiam.
