1475 2066
210 180 729 239 Quod si media in eodem gene¬
227 228 728 279 re sunt, vt ostensum est, et contra
228 269 733 314 riorum media necesse est ipsa ex
236 311 727 354 his contrarijs componi. Aut enim erit
230 351 733 394 aliquid geneus eorum, aut nullum. et si
234 398 730 447 genus quidem ita erit, vt aliquid
236 437 733 485 prius contrarijs sit, differentiae priores
226 477 718 522 contrariae erunt, quae faciunt con
228 525 729 576 trarias species, tanquam generis. ex
224 561 720 613 genere nanque & differentia spe¬
222 604 720 662 cies sunt. vt puta si album & ni¬
224 652 724 694 grum contraria sunt: est autem il¬
220 688 722 730 lud segregatiuus eolor, hoc ve¬
228 729 722 783 ro congregatiuus: hae differen¬
230 772 725 830 tiae congregatiuum & segregatiuum
223 823 727 866 priores, quare priora inuicem con¬
226 860 712 899 traria sunt, at vero quae contra¬
220 900 730 952 rie differentia sunt, magis contraria
220 941 720 995 sunt. caetera quoqued & media ex
228 989 718 1034 genere & differentiis erunt. vt
228 1034 722 1075 puta quicunque colores medum in
220 1077 722 1117 ter album & nigrum sunt, hos
224 1108 728 1156 ops vt & ex genere dicantur (est
225 1152 728 1195 autem genus color) et ex quibusdam
228 1197 731 1245 differentijis, hae vero non erunt
220 1236 724 1286 prima contraria, quid si secus, vnun¬
231 1276 729 1335 quodque aut album, aut nigrum erit,
222 1317 724 1377 ergo aliae. mediae igitur primorum
228 1362 729 1413 contrariorum hae erunt. primae ve
229 1413 723 1459 ro differentiae segregatiuum & congre
233 1449 711 1504 gatiuu. Quare haec primum quae
222 1495 735 1530 rendum est, quaecunque contraria
220 1532 722 1586 non in genere, ex quo media eo
224 1577 724 1626 rum. Quae enim in eodem genere
221 1614 727 1666 sunt, necesse est vt, aut ex incon¬
223 1656 732 1712 positis genere componantur, aut
223 1698 724 1746 incomposita sint. & quidem con
229 1740 716 1789 traria inuicem incomposita, pro
228 1789 732 1834 pterea quod principia sunt. media
224 1829 733 1882 vero, aut omnia, aut nullum.
230 1868 739 1922 ex contrarijs vero aliquid fit.
765 178 1307 235 quare erit in hoc transmutatio,
759 228 1256 279 ante quam in illa. vtroque enim
760 268 1258 324 et magis et minus erit. medium
759 309 1259 363 igitur contrariorum hoc etiam erit.
759 352 1269 406 Ergo caetera quoqued media compo¬
760 397 1256 441 sita sunt. id enim quod vno minus,
758 437 1261 492 altero magis est, compositum ex
752 478 1258 530 illis quodam modo est, quorum
757 520 1253 578 vnominus, altero magis dici¬
759 561 1259 610 tur esse. Cum vero contrariorum
758 603 1259 650 alia priora eiusdem generis non
752 645 1260 690 sint, omnia media profecto ex
756 688 1261 738 contrarijs erunt. quare & om¬
760 728 1251 778 nia inferiora, tum contraria, tum
752 773 1258 819 media, ex primis contrarijs erunt.
806 811 1262 880 Si igitur media sunt in eodem ge
758 861 1257 922 nere, sicut declaratum est, & con¬
758 908 1254 962 traria habent media, necesse est vi
758 956 1255 1014 sint composita ex istis contrarus.
752 1002 1261 1071 Quoniam aut habebunt aliquod ge¬
754 1050 1256 1105 nus, aut non habebunt. si habebut,
765 1100 1257 1161 ergo erunt secundum hunc modum,
759 1145 1259 1205 quasi aliquod recipiens ante con¬
757 1205 1263 1250 traria, & erunt contraria ante,
758 1241 1259 1302 differentias, quae fecerunt contraria.
752 1298 1266 1354 formae enim sunt ex genere et differe¬
752 1340 1254 1402 tiis, vt album et nigrum sunt con¬
758 1388 1244 1450 traria, et alterum color segregas
762 1436 1265 1499 & alterum color congregans. istae
765 1484 1268 1546 igitur differentiae segregans et conm¬
758 1533 1266 1594 gregans sunt ante. ergo ista sunt
759 1580 1262 1636 contraria ante. sed illa, quae diffe¬
754 1629 1264 1691 runt secundum contrarietate, sunt
756 1684 1265 1744 magis contraria: ergo erunt ista
760 1725 1268 1786 media ex genere et differentus, vt
756 1773 1273 1835 omnes colores, qui sunt inter albu
756 1830 1266 1883 & nigrum. oportet igitur, vt ista
763 1869 1262 1930 dicantur ex differentus, & geneu¬
