1475 2066
204 141 709 202 forma: & corruptibile & incor¬
210 189 711 262 ruptibile sunt contraria: alia ma¬
209 238 713 306 gis est necessarium vt sint genere
213 287 720 350 corruptibile. & incorruptibile ex
211 335 715 405 priuatione per differentiam. sine po¬
205 380 715 435 tentia. Et ideo dixcimus nuc in non¬
211 429 715 500 bus. ergo possibile est existimare,
211 482 714 546 quod non est necesse vt incorrupti
207 531 717 592 bile & corruptibile sint alia in for¬
212 581 719 642 ma, quemadmodum neque, nigrum
205 627 715 693 neque, album. Quaedam enim possunt es¬
217 677 710 738 se idem insimul, cum fuerint ex vn
204 724 718 786 uersalitate, vt homo, quoniam pot
216 772 720 835 esse albus & niger. & possibile est
218 829 707 884 vt hoc sit in rebus simplicibus, &
221 869 719 930 vi sit vnum, & non insimul albu
218 917 720 974 & nigrum, & si album est cotra
212 965 724 1027 rium nigro. Sed auaedam cotraria
215 1012 713 1074 in quibusdam rebus sunt per acci¬
220 1061 717 1106 dens. dicta nunc, & alia multa, et
214 1108 717 1165 quaedam non possunt esse alicuius.
221 1157 721 1224 & similiter corruptibile, & non
218 1204 709 1270 corruptibile. quoniam nihil corrum¬
219 1252 719 1314 pitur per accidens. accidens enim pos¬
204 1300 722 1354 sibile est vt non sit: corruptibile au
213 1354 710 1410 tem & incorruptibile sunt rerum
217 1401 715 1468 quae sunt necessario in his, in qui¬
220 1460 714 1510 bus sunt. cum idem fuerit corrupt.
212 1499 714 1563 bile etiam, & si fuerit possibile u¬
208 1547 718 1608 non habeat corruptionem, similiter.
212 1596 716 1658 Er go necesse est vt corruptio sit sub
214 1644 715 1707 stantia, aut in substantia cuiusli¬
219 1693 718 1754 bet eorum, quae corrumpuntur. Et
214 1741 709 1803 iste sermo est possibilis etiam i eis
219 1804 723 1850 quae non corrumpuntur. vtrunque
223 1836 714 1906 enim est ex illis, quae sunt necessa¬
747 140 1273 203 rio, quoniam sunt superius etia. pri
740 194 1247 253 mo modo, per quem sunt opposita
749 237 1255 302 alterum enim est corruptibile, & al¬
748 284 1260 352 terum incorruptibile. ergo necesse
750 336 1230 404 est vt sint alia secundum geneus.
743 381 1252 446 Et est manifestum, quod impossi¬
751 435 1257 503 bile est vt sint forinae tales, vt qui
749 484 1259 531 dam dicunt. & si non, tunc hotes
743 532 1261 595 quidam corrumpuntur, & quidam
742 580 1252 642 non, etsi istae formae dicantur quod
747 628 1256 683 secundum formam sunt eaedem cum
745 677 1263 738 singularibus, non aequiuoce. illa ve
746 725 1259 795 ro, quae sunt alia in genere, magis
749 773 1257 834 distant, quam illa, quae sunt alia
746 821 1032 883 secundum formam.
776 885 1259 941 Dictum est igitur de causa, propter
755 924 1239 971 duam dicitur aliud esse aliud in specie¬
748 965 1258 1010 D.d. & quare quaedam, &c. i. & qua
749 1005 1256 1058 re quadam eorum, quae diuiduntur secundum
751 1048 1253 1094 contraria, diuersantur in specie, & quae¬
752 1082 1256 1130 non diuersantur in specie. Et, cum
748 1124 1250 1172 posuit hanc quidnem, incoepit perscru¬
756 1164 1246 1210 tari de corruptibili & incorruptibi
753 1199 1257 1254 li, quo modo diuiditur ens in ipsa: vtrum
745 1238 1257 1293 secundum quod geneus diuiditur per differentias
756 1284 1258 1322 contrarias substantiales, aut secundum quod ma
748 1324 1257 1372 teria diuiditur per accidentia opposita:
751 1358 1259 1410 aut corruptibile & incorruptibile di¬
748 1397 1243 1450 uersantur secundum genus & formam, con
748 1437 1244 1475 traria enim non fugiunt ab ista tri¬
755 1477 1258 1515 na diuisione. D.d. Et cum contraria
751 1514 1244 1555 sint alia, &c. i. & cum contraria fa¬
748 1551 1254 1602 ciant species diuersas: & corruptibile &
755 1590 1253 1646 incorruptibile sunt contraria: ergo
753 1630 1257 1682 corruptibile & incorruptibile sunt
749 1669 1251 1715 species diuersae. Quod enim est tale¬
754 1709 1249 1765 non collocatur sub vno genere. illuc
751 1749 1261 1794 enim, per quod differt corruptibile¬
756 1788 1255 1839 ab incorruptibili, est differentia pri
748 1836 1254 1882 uationis diuersarum potentiarum
