1475 2066
201 141 711 195 tur scilicet quoniam priuatio corruptio¬
213 182 715 227 nis, aut est substantia eorum, aut se
209 222 706 274 quitur substantiam. Deinde. d. quo
207 261 714 314 niam sunt superius, ete. i. magis enim
212 300 706 352 differunt quam illa, quae opponuntur pri
213 336 711 387 mo modo: et sunt illa, quae sunt op¬
210 388 721 429 posita, quorum geneus est idem. De
215 413 712 459 inde d. ergo necesse est, etc. i. et cum
204 446 713 507 magis differant qua opposita in gene
212 496 715 538 re, ergo necesse est vt sint diuersa se
209 532 715 578 cundum geneus. Deinde d. Et est ma
210 573 716 611 nifestum, ete. i. et manifestum est ex
213 611 705 664 hoc, quod impossibile est vt sit hic ea
210 648 709 701 dem forma in specie aeterna et non
205 688 703 730 aeterna, sicut quidam dicunt. quo
204 725 718 770 niam, si ita esset: esset possibile vt
215 769 713 811 quidam homines essent aeterni, et
210 805 704 858 quidam generabiles et corruptibi
206 844 711 894 les: quoniam et generatio et corru¬
204 881 716 922 ptio tunc esset in eis per accidens, vt
208 919 705 962 albedo et nigredo. Deinde d. etsi ista
204 964 715 1010 formae, erci. i. et impossibile sequitur,
210 1005 708 1050 quoniam formae separatae ponuntur
209 1036 705 1089 eaedem cum singularibus in natu¬
204 1076 701 1127 ra: ita quod nomen homo dicatur de se
214 1113 710 1162 parato et sensibili vniuoce et non
209 1149 709 1194 aequiuoce. Et dixit hoc, quia iste ser¬
205 1191 717 1236 mo est ponentium formas. dicunt,
213 1232 715 1274 enim, quod formae separatae sunt substan
210 1268 712 1314 tiae formarum sensibilium. Qui au
206 1313 712 1354 tem ponit formas aequiuocas cum istis
204 1346 702 1386 formis sensibilibus, non est loquen
212 1388 713 1435 dum cum eo. Deinde d. illa vero,
214 1429 713 1470 quae sunt alia in genere, etc. i. et illa,
206 1468 707 1518 quae distant secundum geneus, magis
331 1500 355 1522 AV
210 1501 697 1555 distant qua illa, quae distant secundum for¬
214 1542 704 1595 mam: quoniam illa, quae distant in
211 1581 700 1635 forma, sunt in eodem genere, et il
246 1621 675 1673 la, quae distant secundum genus, non
292 1661 631 1701 conueniunt in vna natu
318 1701 597 1750 ra omnino, propter.
361 1740 558 1786 causam prae¬
393 1778 522 1818 dictam.
743 141 1301 194 AMISFor EESp
782 216 1221 259 MErAp ri vs icorvis
792 293 1195 338 2MMNVNDHtMvs
829 365 1175 411 Cum Auer. Commen
807 444 1192 482 SVMMAE222E2
776 484 1255 518 in Prima reassumuntur dubitationes, de
738 513 1231 546 quibus in Tertio libro habitus est sermo
774 543 1247 578 in Secunda narrantur ea, quaea d huius
744 573 1254 610 scientiae consyderationem pertinent: de qui
743 605 1242 640 bus in Quarto libro. ex his autem nonnul
742 635 1249 667 larum quaestionum supradictarum solutio
743 667 913 699 nes eliciuntur.
772 692 1240 731 in Tertia ex ratione consyderandi ac di
736 727 1242 762 finiendi modo annotatur huiusce scientia
740 758 1241 793 ad alias differentia: quarum. hic sit diuisio¬
743 791 1245 825 ltem ens per accidens a scientiarum consy¬
748 820 1251 858 deratione abiicitur: de quibus omnibus in Sexto,
769 850 1241 894 In Quarta agitur de Motu, de Infinito,
745 877 1247 913 de Diuisionibus motus, & de Nonnullarum
740 914 1246 947 de finitionibus: de quibus omnibus in Ter¬
742 948 1066 986 tio, & Quinto Physicorum
824 1012 1172 1043 SVMMAEDMHMAE.
742 1044 1256 1083 Mouentur dubitationes cirea Sapientia
818 1085 1166 1131 consyderationem. Cap. 2
914 1141 1253 1201 Vod quidem Sapientia
909 1188 1241 1238 scientia quaedam cir¬
909 1228 1253 1282 ca principia est: patet
911 1270 1248 1322 ex primis, in quibus
742 1311 1251 1362 ad ea, quae ab aliis, de principiis
743 1351 1245 1394 dicta fuerunt. dubitatum est. Am¬
737 1397 1253 1451 bigat autem quispiam, vtrum ipsam
741 1437 1247 1483 Sapientiam par sit vnam esse scien
744 1477 1243 1522 tiam, an plures. si enim vnam, vna
743 1520 1245 1570 certe semper contrariorum est.
736 1565 1243 1611 at principia contraria non sunt,
732 1604 1253 1659 quod si non vnam, quales has pone
734 1653 1250 1690 re oportet. Item demonstratiua
741 1693 1245 1748 principia speculari vtrum vnius
745 1733 1250 1778 est, an plurium. nam si vnius, cur hu
743 1780 1249 1826 ius magis qua cuiuscunque, quod si plu
732 1827 1242 1874 rium, quales has ponere oportet
