1475 2066
222 164 737 219 rursus (quae maxime yidentur im
238 205 734 250 mobilia principia esse ens & vnum
240 253 738 303 ponat, primo quidem nisi quod
233 293 743 346 quid & substantiam vtrunque eorum
233 333 739 392 significet, quomodo separabilia: & per
241 380 735 426 seipsa erunt *( talia nanque prima,
240 420 737 458 & aeterna principia quaerimus,
245 461 740 511 Quod si substantiam, & quod quod
236 500 734 554 vtrunque eorum significet, omnia
235 540 734 586 entia substantiae sunt, cum de om
234 585 733 635 nibus ens praedicetur. de quibus¬
245 628 744 674 dam vero etiam vnum. cuncta
236 669 736 709 vero entia substantiam esse falsum
236 709 744 755 est. Item illis, qui primum principium
234 752 734 795 ipsum vnum aiunt, & hoc substan
234 797 741 842 tiam esse, ex vno vero, & materia
238 844 744 889 primo numerum generant, & hunc
239 887 743 923 substantiam esse dicunt, quomodo
236 926 741 962 contingit verum esse quod dicitur,
235 965 745 1009 Dualitatem nanque, & caeterorum
236 1005 740 1051 compositorum numerorum vnum
241 1045 735 1096 quenque, quonam modo vnum in
241 1101 738 1131 telligere oportet *de hoc enim
240 1132 747 1190 nec dicunt aliquid, nec vt dicant
234 1181 747 1218 facile est. Si quis vero lineas, aut
241 1221 742 1266 quae has sequuntur (dico autem
234 1258 740 1308 primas superficies) principia esse
237 1301 736 1350 ponat, haec non sunt substantia
239 1345 747 1400 separabiles, verum sectiones & di¬
240 1383 743 1427 uisiones, illae quidem superficie
238 1429 740 1478 rum, hae vero corporum. puncta
238 1477 749 1514 vero linearum sunt, & estam ipsarum
243 1512 745 1554 earundem termini. haec autem omnia
238 1557 740 1610 in aliis sunt, et nihil separabile est.
238 1596 738 1641 ltem, quonam modo arbitrari opor¬
242 1644 743 1682 tet vnius & puncti substantiam
236 1678 744 1730 esse : omnis nanque substantiae ge
234 1723 738 1762 neratio est: puncti vero minime.
242 1772 745 1813 punctum enim diuisio est. praebet
237 1805 737 1858 autem dubitationem hoc etiam, quod
240 1849 731 1890 omnis quidem scientia vniuer
765 165 1291 211 salium est: & eius: quod tale est: I
766 207 1268 250 substantiam vero non esse vniuer
766 250 1276 306 salium, sed magis ipsum quod quid
770 293 1277 338 & separ abile. quare, si scientia
767 341 1275 379 circa principia est: quonam modo
769 376 1267 427 arbitrari oportet principium sub
769 419 1272 466 stantiam esses Item, vtrum est aliquid
771 460 1271 506 praeter ipsum totum, an non dico
768 501 1272 546 autem materiam, & quod cum ea est.
766 543 1272 586 Nam si non est, quae in materia
765 585 1271 627 sunt, omnia corruptibilia sunt.
772 628 1277 668 quod si est aliquid, species & for¬
772 668 1269 714 ma profecto fuerit. hoc itaque in
768 709 1263 757 quibus est, in quibusue non est
776 749 1269 794 difficile determinare est. in qui¬
771 795 1272 834 busdam enim manifestum est non
764 836 1272 882 esse formam separabilem, vt puta do¬
764 879 1270 930 mo. ltem principia, vtrum specie,
774 919 1270 962 an numero eadem sint. fi enim nu
767 964 1271 1011 mero vnum, omnia erunt eadem.
844 1037 1200 1066 SVMMA SECVNDA¬
777 1077 1273 1122 Narrantur ea, quae ad huius scientiae consi¬
787 1112 1261 1145 derationem pertinent, de quibus in Quar¬
802 1140 1244 1179 to libio. Ex ijs autem nonnullarum
833 1172 1213 1219 quaestionum supradictarum fo¬
906 1204 1136 1243 lutiones eliciuntur.
766 1253 1275 1309 Primam Philosophiam de ente, prout est
863 1292 1239 1342 speculari: quod vt ea, quae ab
809 1301 843 1330 en
864 1333 1177 1379 vnoruel ad vnum, dicitur.
948 1373 1076 1419 Cap. 2
940 1429 1267 1482 vm autem Philosophi
943 1468 1275 1520 scientia sit entis prout
936 1512 1263 1563 ens, vniuersaliter, &
930 1538 1262 1602 non secundum partem
770 1600 1275 1650 ens vero multipliciter, & non se
775 1637 1263 1683 cundum vnum modum dicatur
774 1678 1273 1722 si aequ uoce, & non secundum
771 1725 1277 1762 aliqui commune dicitur, non
775 1764 1279 1811 est sub vna scientia: talium enim
775 1805 1277 1856 non est vnum geneus, quod si secun¬
772 1848 1282 1899 dum aliquod commune, erit vtique sub
