1475 2066
195 149 717 186 oportet vt aliquatenus inuicem
204 182 711 234 intelligant, hoc enim non facto,
213 228 713 274 quo modo erit eis inuicem sermo¬
206 269 713 314 nis communicatior Oportet igi
210 308 715 353 tur nominum vnumquodque no
204 348 708 402 tum esse, & aliquid significare
208 392 714 449 nec multa, sed vnum, quod si plura
212 434 711 488 significet, manifestare ad quod
206 481 708 531 eorem nomen fert. Qui igitur
206 519 711 570 dicit esse hoc & non esse hoc, quod
204 565 721 618 omnino esse dicit, non dicit. qua
210 601 714 651 re id, quod nomen significat, id.
204 645 710 690 ipsum non signisicare dicit. hoc
204 685 711 736 autem impossibile est. vnde siqui¬
214 732 708 771 dem significat aliquid, hoc scili¬
206 769 704 818 cet esse hoc, impossibile est con
210 813 714 859 tradictionem de eodem verifi¬
208 855 713 906 cari. Item, si nomen aliquid signi¬
204 896 721 947 ficat, & hoc verificatur, oportet
205 941 710 986 hoc necessario esse. quod vero ne
206 980 709 1027 cessario est non contingit tunc non
210 1021 711 1074 esse. oppositas ergo non est poss
211 1063 714 1114 bile locutiones de eodem verifi
212 1104 722 1154 eari. Item, si nihil magis affirma
210 1152 718 1203 tio. quam negatio verificatur, qui
212 1196 716 1243 dicit hominem, vel non hominem,
208 1245 724 1282 nihil magis verum dicet. attamen
208 1285 725 1330 videri potest, quod si hominem non
208 1320 716 1362 equum esse dicat, aut magis, aut
208 1360 715 1417 non minus verum dicere, quam si non
211 1404 713 1450 hominem. vnde est, si eundem dif
203 1445 715 1494 cit equum esse, verum dicet. op¬
202 1486 722 1538 positas enim similiter erit veras esse.
211 1533 715 1581 accidit igitur eundem. & hominem, &
200 1572 710 1619 equum esse, aut caeterorum ani
198 1615 716 1667 malium aliquod. Horum sanem nulla
204 1668 713 1706 est simpliciter demonstratio: ve
198 1698 707 1750 rum ad eum, qui haec ponit, de
196 1742 712 1785 monstratio est. Facile autem & ips
204 1784 719 1826 sum Heraclitum quispiam hoc
198 1829 740 1882 modo interrogans concedere co¬
740 133 1256 190 geret nunquam possibile esse op¬
744 181 1254 229 positas locutiones de eodem veri¬
748 227 1257 275 ficari, nunc vero, cum seipsum
752 268 1255 318 quidnam diceret, non intelligeret,
751 309 1257 354 hanc opinionem habuit. Omnino
744 349 1259 409 autem si hoc, quod ab eo dicitur. verum
748 392 1263 442 est, nec hoc ipsum verum erit, se
740 436 1259 494 inquam, quod conringit idem secundum
752 477 1252 534 vnum & idem tempus esse. Quem¬
741 519 1252 562 admodum enim & ipsis diuisis
743 565 1247 614 nihil magis affirmatio, quam nega¬
748 602 1253 650 tio verificatur, eodem modo si¬
746 644 1263 690 mul vtroque, ac complexo, ac si¬
745 683 1257 739 vna quaedam affirmatio esset, ni
746 730 1252 770 hil, magis negatio, quam totum
740 772 1252 824 tanquam in affirmatione posi¬
744 816 1253 858 tum verificabitur. Item, si nihil
745 861 1257 906 est vere asferere, id etiam ipsum
746 894 1257 940 falsum erit dicere, assertionem
750 937 1261 984 nullam veram esse. quod si aliquid,
744 980 1252 1026 sit, soluetur profecto, quod ab il
743 1021 1257 1080 lis dicitur, qui ad huiuscemodi
741 1068 1253 1114 instant, & qui totaliter ipsum di¬
750 1109 1046 1154 sputare perimunt.
748 1163 1253 1210 Nedarguitur Protagore opinio falsa, asse
780 1213 1217 1254 rentis omne, quod opinamur verum
825 1245 1180 1289 esse: assignaturque deceptionis
861 1284 1132 1336 ipsius causa. Cap. A
774 1324 1254 1370 Imile autem dictis est & quod
820 1365 1248 1418 a Protagora dictum est. &
752 1397 1251 1458 NA ille nanque omnium rerum men
745 1450 1255 1490 suram hominem aiebat esse: nihil
750 1491 1256 1539 aliud dicens, nisi quod id, quod
759 1534 1259 1579 vnicuique apparet, hoc etiam indubi
752 1572 1257 1618 tato esse. hoc autem posito, idem
750 1614 1269 1659 accidit esse, & non esse, & malum
750 1661 1269 1706 & bonum esse, & caetera, quae se
750 1698 1261 1746 cundum oppositas locutiones di¬
744 1744 1260 1799 cuntur: propterea quod plerunque his
730 1827 1267 1875 contrarium esse bonu: men suram
748 1786 1257 1843 quidem hoc apparet, istis vero
