1475 2066
203 148 733 203 autem esse, quod vnicuique appareat.
216 197 725 242 Soluetur autem haec dubitatio, vi¬
213 237 729 288 so vnde huius opinionis princi
214 282 726 326 pium venit. it etenim quibusdam
220 326 718 370 quidem ex Naturalium opinio
218 360 729 410 ne sumpsisse principium, quibus¬
214 405 723 450 dam vero ex eoque non omnes ea¬
223 445 727 490 dem de eisdem cognoscant, sed
223 493 721 531 quibusdam hoc apparere dele¬
223 532 729 585 ctabile, quibusdam contrarium.
216 572 729 627 nihil enim ex non ente fieri, omne vero
220 613 724 658 ex ente fere omnium Naturalium est
226 655 725 713 decretum. Cum igitur non album ex
226 698 728 751 perfecte albo fiat, & minimen ex¬
222 741 721 787 non albo, nunc vero factum non al
220 785 720 834 bum, si fieret ex non ente albo, quid
221 829 719 874 sit non album, fieret profecto ex non
214 869 716 912 ente secundum illos: si non erat idem album
216 909 712 955 & non album. Non est autem diffici¬
212 953 717 1002 le hanc dubitationem soluere. di¬
221 1002 724 1045 ctum est enim in Naturalibus, quomo
215 1036 713 1082 ex non ente, & quomodo ex ente fiant
213 1077 714 1122 quae fiunt. At similiter vtrisqui
213 1122 720 1175 opinionibus, ac imaginationi¬
208 1165 721 1210 bus eorum, qui sibi ex aduerso
218 1206 716 1250 addubitant, attedere stolidum est.
212 1248 724 1303 manifestum est enim, quod alteros
220 1293 719 1338 eorum necesse est falsum dicere.
208 1334 714 1378 Hoc etiam ex illis patet, quae secundum
216 1375 721 1418 sensum fiunt, nunquam enim idem
212 1420 716 1474 quibusdam dulce, quibusdam
216 1469 717 1506 contrarium apparet, non corru
212 1509 714 1554 ptis, & laesis alteris organo sen¬
216 1549 719 1603 sus, & iudicatiuo praedictorum
213 1596 715 1634 saporum. hoc autem ita se haben
218 1637 712 1675 te, alteros quidem putandum
221 1677 719 1730 mensuram esse, alteros vero mi
214 1717 722 1762 nime. Similiter autem & de bo
216 1764 718 1819 no, & malo, & turpi, & aliis
216 1805 717 1858 huiuscemodi dico. nam non po
212 1845 729 1898 nere esse, nisi ea quae apparent,
756 148 1274 203 nihil differt ab his, qui digitum
756 197 1269 242 visui supponentes ex vno duo
763 234 1274 283 apparere faciunt, ac duo esse pu
756 277 1268 325 tant, propterea quod tot apparent, &
760 320 1270 371 rursus vnum. illis nanque, qui vi
754 364 1259 411 sum non mouent, vnum apparet,
761 412 1274 447 quod vnum est. Simpliciter au
754 445 1274 499 tem inconueniens est ex eo, quod prae¬
754 489 1261 530 sentia videntur mutabilia, &
755 533 1264 581 nunquam in eisdem permanentia,
760 581 1263 630 ex hoc de veritate iudicare. opps¬
759 613 1265 658 etenim ex eis, quae semper simi¬
759 657 1258 699 liter se habent, nullamque muta¬
759 708 1255 741 tionem faciunt, veritatem vena
752 740 1259 786 ri. talia vero sunt, quae in mundo.
750 782 1259 827 haec enim non quandoque quidem
755 830 1247 873 talia rursus autem alia apparent
760 876 1263 913 verum semper eadem, nullius muta
749 911 1265 963 tionis participantia. Praeterea, si
752 952 1258 1002 motus, & aliquid motum est, om
755 990 1259 1042 ne vero ex aliquo in aliquid moue¬
749 1037 1258 1082 tur, ops igitur quod mouetur esse adhuc
749 1077 1251 1130 in eo, ex quae mouet, et non esse in eo,
748 1120 1249 1173 & ad hoc moueri, ac fieri in eo,
755 1164 1252 1210 aut contradictionem non verifica¬
752 1204 1257 1256 ri secundum eos. At si secundum quantum prae¬
748 1250 1252 1290 sentia fluunt et mouentur, & hoc
746 1293 1252 1338 aliquis ponat, quamuis verum non sit,
751 1340 1257 1378 cur secundum quale non manent VVidem
751 1381 1253 1420 tur ant haud minime ea, quae secundum con¬
749 1421 1259 1478 tradictiones sunt, de eodem praedica
752 1460 1254 1507 ri, ex eo, quod putant quantum in cor¬
752 1506 1256 1555 poribus non manere, propterea
750 1556 1257 1597 quod idem & quatuor cubitorum
753 1588 1253 1642 est, & non est. substantia vero
746 1637 1256 1675 secundum quale. hoc enim determina¬
753 1684 1253 1723 tae naturae, quantum vero inde¬
750 1717 1260 1762 terminatae est. Item cur, cum hunc
748 1763 1255 1802 cibum praecipiat medicus, su¬.
751 1805 1255 1860 munts quid nanque magis hoc,
752 1844 1252 1898 panis quam non panis sit (quare ni
