1475 2066
209 140 717 195 praedicatione. vnunquodque vero
228 183 721 240 dupliciter omnibus inest, velut
227 228 714 275 hoc. nam hoc vt forma, hoc vero
218 269 715 320 vt priuatio. ac secundum qualitatem hoc
222 308 714 354 album, illud nigrum, secundum quantitatem
223 356 713 402 hoc perfectum, illud imperfectum
224 396 715 442 eodem modo & secundum latio,
222 436 716 482 nem: nam hoc sursum, illud deor¬
223 485 718 522 sum, aut leue aut graue. quare
217 525 713 570 motus & mutationis tot sunt spi
222 564 715 611 cies, quot entis. Cum autem vnum¬
216 606 712 658 quodque geneus in actum & pote
225 646 716 698 tiam diuidatur, actum eius: quid pote
226 690 714 738 tia est: prout tale est, dico esse mo
226 733 714 786 tum. Quod autem vera dicimus,
223 773 719 827 hinc constat. cum enim aedifa¬
221 818 720 859 bile prout tale, ipsum dicimus es¬
221 859 719 913 se actu quatenus aedificatur, &
227 903 723 948 hoc est aedificatio. similiter eru¬
216 945 720 994 ditio, curatio voluptatio, am¬
212 988 722 1034 bulatio, saltatio, senescentia, ac in
222 1029 717 1072 crescentia. Accidit autem moueri
217 1070 711 1121 cum actus ipse fuerit, & neque prius
215 1114 714 1162 neque posterius. actus autem eius, quid
218 1152 715 1208 est potentia, cum actu ens agat
222 1203 713 1242 non prout ipsum, sed prout mos
223 1237 723 1282 bile, motus est. dico autem prout
218 1280 720 1331 sic: nam aes potentia est statua, non
216 1326 719 1369 tamen actus aeris, prout aes, motus est.
214 1369 718 1424 non enim idem est aeri esse, & ali
218 1406 724 1450 cui potentiae. Quod si idem esset
216 1449 719 1499 simpliciter, ac secundum rationes, esset
216 1500 721 1546 profecto aeris actus motus qui¬
214 1535 714 1595 dam. at non est idem quod & in con
220 1577 717 1626 trarijs patet. siquidem posse sana¬
220 1621 718 1666 ri, posseque aegrotare, non est idems
212 1669 714 1719 alioqui & sanari & aegrotare idem
215 1707 714 1754 foret. subiectum vero, quod sana
215 1748 721 1794 bile, aut aegrotabile est, siue hu¬
213 1790 718 1843 mor, siue sanguis, vnum idemque est,
221 1837 722 1882 Cum non sit igitur idem, sicut nec co¬
741 141 1248 187 lor, ac visibile idem est, constat mo
752 184 1258 234 tum esse actum rei possibilis, prut
748 236 1252 284 possibilis est. Quod igitur ipse est,
745 266 1253 322 & quod tunc contingit moueri, cum
746 308 1246 354 actus ipse sit, & quod nec ante nec
748 353 1258 404 post, manifestum est. nam contingit
755 397 1253 449 vnunquodque aliquando quidem opera¬
749 440 1253 491 ri, aliquando minime. velut aedificabi
745 476 1256 522 le, prout aedificabile: & aedificabi
745 520 1260 574 lis, prout aedificabilis actus, aedifi¬
746 570 1250 617 catio est. aut enim hoc, aedificatio in
744 605 1254 653 aedificabili actus, aut domus. at
752 647 1255 706 vbi domus sit, non vltra aedifica
752 689 1253 738 bile erit. aedificatio vero eius est,
752 733 1248 784 quod aedificabile est, necesse itaque
746 771 1257 818 aedificationem actum esse. aedificatio
744 816 1256 867 vero motus quidam est. eademque in
757 858 1254 911 caeteris motibus ratio est. Quod
756 902 1250 946 vero haec sint recte dicta, ex his
748 942 1252 994 quoqued constat, quae alii de ipso re
747 986 1255 1042 ferunt. tum ex eo quod non facile est
750 1029 1255 1068 ipsum aliter definire, nec enim lice
750 1068 1250 1114 bit cuiquam in alio genere eum col¬
752 1111 1251 1160 locare. Et patet ex his etiam, quae alif
749 1160 1253 1210 protulerunt. quidam enim alteritatem,
742 1196 1247 1250 inaequalitatem, & ipsum non ens,
750 1237 1258 1285 quorum nullum necesse est moue
750 1282 1254 1334 ri. at neque mutatio haec, neque ex
753 1321 1257 1370 his potius qua ex oppositis et. Cau
753 1367 1251 1410 sa vero, propter quam in his mo¬
747 1408 1253 1462 tum statuerunt, ea est, quod indefi¬
753 1450 1253 1498 nitum quiddam videtur esse mo¬
745 1494 1253 1538 tus: alterius verum coordinationis
744 1539 1252 1587 principia, vtpote priuatiua, in¬
746 1575 1247 1634 definita sunt. nam nec quod quid,
744 1621 1259 1669 nec tale, nec aliorum praedicamen
750 1663 1255 1723 torum vllum ipsorum est. Quod
755 1709 1259 1749 vero motus indefinitus esse vi¬
751 1756 1263 1808 deatur, ea est causa, quod neque inter
753 1797 1263 1847 ea, quae sunt potentia entia, nec
744 1842 1254 1882 quae secundum actum, ponere ipsum est.
