1475 2066
231 148 739 202 nec enim quod potest quantum ef
236 194 738 242 se, moueri necessarium est, nec actu
246 236 744 284 quantum. At motus actus quidam
246 276 736 322 esse vt, quanquam imperfectus. cau
250 320 738 367 vero est, quod imperfectum est possibile,
247 361 737 402 cuius actus est. quamobrem diffi¬
244 405 740 455 cile ipsum comprehiendere, quid¬
246 442 745 489 nam sit. namaut in priuationem necessa¬
241 493 734 530 rio reponetur, aut in potentiam
247 533 740 572 aut in actum simplicem. horum autem
249 568 739 610 nullum videtur contingere posse
241 613 744 665 superest igitur quod dictum est: es
245 651 737 698 se & actum, & non actum qui dictus
244 691 739 741 est, qui etsi difficilis cognitu sit,
250 734 735 778 tamen contingit esse. Simul & illud
242 788 736 825 perspicuum est: motum esse in mo¬
244 825 738 866 to. actus enim eius est a motiuo. Ne
247 868 739 914 que alius est motiui actus: opor¬
246 900 740 946 tet enim vtriusque actum esse, nam
244 941 742 986 motiuum est: eo quod possit: mouens
248 985 744 1026 vero, eo quod operet. verum actiuum est
240 1029 734 1079 ipsius mobilis: quare eodem mo¬
246 1069 736 1123 do vnus vtriusque actus. quemad
246 1117 741 1154 modum eadem distantia ad duo
244 1157 741 1202 vnius, & ad vnum duorum, ascensus
249 1196 746 1245 quoque, ac descensus, at esse non
242 1237 736 1282 est vnum, ita etiam in mouen¬
238 1277 469 1330 te, & in moto.
319 1321 659 1370 De Infinito. Cap. 2
294 1354 746 1417 Nfinitum vero est, aut quid impos
300 1399 734 1451 sibile est pertransire: eoque non
293 1442 741 1499 sit aptum permeari, quemadmo
240 1481 743 1530 dum vox inuisibilis: aut quod transi
241 1523 741 1578 tum habet in consummabilem: aut quid
249 1570 747 1619 vix: aut quod natura aptum est ha¬
248 1609 740 1657 bere, nequaquam tamen transitum, aut
248 1653 744 1698 finem habet. Item secundum appositionem,
241 1692 747 1738 aut ablationem, aut ambo. Separa
240 1740 743 1778 bile sane ipsum quicquam esse im
240 1776 740 1829 possibile est. nam si nec magnitu¬
245 1821 738 1866 do, nec multitudo est: sed infini
767 149 1288 202 tum substantia eius est, & non ac. l
771 197 1263 246 cidens. indiuisibile erit: fiquidem
766 236 1257 282 diuisibile, aut magnitudo, aut
773 286 1255 322 multitudo est. quod siest indiuisibile¬
773 319 1258 362 non est infinitum, nisi quemadmodum
771 362 1265 403 vox inuisibilis est. verum nec sid
770 405 1265 451 aiunt nec nos si quaerimus, sed tamquam
764 445 1273 490 impermeabile. Praeterea. quonam
767 493 1269 538 modo continget esse per seipsum
764 528 1271 578 infinitum, si nec numerus, nec ma
774 573 1268 620 gnitudo fit, quorum infinitum pas¬
767 609 1269 659 sio est: Praeterea, si secundum accidens,
767 653 1265 700 non esset sanem rerum elementum, pro¬
777 692 1267 739 ut infinitum est: sicuti nec inuisibi
773 735 1258 781 lis locutionis. tametsi vox. inui
764 777 1257 832 sibilis est. Quod autem infinitum non
777 821 1257 874 potest esse actu, patet. erit nanque quaeque
769 862 1267 920 pars eius infinita, quae accipitur. nam
776 901 1267 955 infinito esse, atque infinitum, idem: si¬
772 949 1263 995 quidem infinitum substantia, & non
773 994 1267 1044 de subiecto sit, aut igitur inuisibi¬
775 1029 1273 1085 le, aut per infinita diuisibile, si par
769 1070 1264 1115 tibile est. verum multa infinita idem
766 1110 1270 1164 esse impossibile est. quemadmodum enim
776 1150 1268 1197 aeris aer pars, ita & infinitum infi
769 1204 1275 1244 niti, si substantia, & principium
769 1245 1276 1282 sit. inpartibile igitur, & indiuisibile
767 1279 1288 1330 est. verum hoc impossibile, actu esse ens,
775 1325 1269 1378 infinitum: necessarium enim quantum
772 1361 1274 1414 esse. secundum acciis igitur existit. at hoc
768 1412 1269 1450 modo dictum est non posse princi¬
772 1444 1267 1498 pium esse, verum id potius, cui acci
775 1485 1267 1544 dit numerum, vel par esse. sed haec
779 1525 1268 1578 fortasse inquisitio vniversalis e. Quod
775 1570 1269 1618 vero in sensibilibus non est, hic
774 1613 1269 1658 constat. nam si est corporis ratio hoc,
775 1653 1273 1699 esse superficie definitum, non sane
777 1698 1271 1738 fuerit infinitum corpus, nec intel¬
774 1736 1276 1794 ligibile, nec sensibile. Caeterum
777 1788 1279 1833 nec numerus ita est, tanquam sepa¬
776 1820 1272 1875 ratus, atque infinitus. quippe cum
