1475 2066
202 133 705 190 numerus, aut quid habeat nume
204 181 715 226 rum, numerabile sit. Quod si natu
214 231 708 266 raliter potius contemplemur, ex
210 263 703 318 his patet. neque enim compositorum, ne
213 315 706 356 que simplex poterit esse. Compo¬
209 348 717 394 situm nanque non erit corpus, si
215 389 711 435 finita quidem sunt multitudine
212 444 710 485 elementa. oportet nanque contra
215 477 711 522 ria aequari, nec esse vnum eorum in
213 515 705 563 finitum. nam etsi quantumuis infe¬
210 557 708 616 rior sit alterius corporis virtus,
213 598 715 643 corrumpetur finitum ab infinito, neo
214 645 706 694 possibile est vnunquodque esse infinitum
208 683 705 730 si corpus quidem est: quod vnde
202 724 717 770 cunque habet dimensionem: infinitum
212 767 710 818 vero, quod infinite distat. qua¬
215 813 706 867 re infinitum corpus vndecunque in
210 853 716 898 finitum erit. Nec vero vnum & sim
220 892 708 945 plex contingit infinitum esse cor¬
212 938 708 987 pus, nec, vt quidam aiunt, praeter
216 981 710 1024 elementa, vnde haec generant. ta¬
216 1020 716 1066 le nanque corpus praeter elementa
215 1063 713 1114 non est. nam cuncta, ex quibus sunt,
214 1104 717 1146 in ea est resoluuntur. hoc vero non
219 1145 714 1203 vt praeter simplicia corpora, neque
215 1189 713 1242 ignis, neque aliud vllum efntorum
212 1229 718 1274 etenim absque eo quod aliquod horum
216 1276 707 1315 infinitum sit, impossibile est vniuersum,
202 1312 705 1362 & si finitum sit, aut esse, aut fie
204 1356 715 1411 ri aliquid eorum vnum, vt Heraclitus
208 1399 712 1441 dicit, omnia quandoque ignem fieri. Fadem
209 1440 717 1482 ratio & de vno est: quod faciunt
212 1492 704 1534 praeter elementa Naturales. om
210 1528 704 1571 ne enim ex contrario in contrarium
212 1572 703 1612 velut ex calido in frigidum tran¬
206 1608 708 1650 sit. Item corpus sensibile alicubi
202 1653 708 1693 est, idemque partis ac totius locus,
213 1693 715 1738 velut terrae, quare, si vniforme
203 1738 705 1786 sit, aut immobile erit, aut semper
203 1781 705 1829 pelletur hoc vero impossibile est. quid
206 1829 712 1874 enim deorsum potius qua sursum,
738 133 1240 185 aut vsquant velut si gleba sit, quo
737 186 1239 227 mouebitur, aut vbi manebit: locus
743 224 1243 280 enim eiusdem generis corpis illius infi¬
742 272 1241 324 nitus est. continebit igitur totum locum¬
743 306 1237 360 At qudomo Quae igitur mansio, mo¬
737 349 1245 403 tusqued eius * An vbique manebita
743 397 1245 435 non mouebitur ergo. An vbique mo
742 432 1244 482 uebitur e non ergo stabit. Quod si
749 473 1243 522 vniuersum dissimile sit, loca quoque
742 517 1242 566 difsifia erunt. Ac primum quidem
742 558 1246 602 non vnum vniuersi corpus, nisi ta
738 599 1235 650 ctu. Deinde aut finita erunt haec
743 646 1245 695 aut infinita specie. finita quidem
742 685 1235 740 impossibile. nam quaedam in¬
742 732 1226 770 finita erunt, quaedam mini¬
742 765 1238 824 me, si totum infinitum sit, ve¬
745 810 1236 867 lut ignis aut aque. at hoc erit con¬
738 848 1236 898 trarijs corruptio, quid si infinita.
740 897 1237 938 ac simplicia, loca quoque infinita,
740 934 1248 986 & esnta infinita erunt, quid si est im
744 980 1242 1026 possibile, locaque finita sint, totum item
744 1023 1240 1066 necessario finitum erit. Et omnino in¬
741 1062 1237 1114 possibile infinitum esse corpus, & lo¬
743 1103 1239 1147 cum corporibus, si omne quidem cor¬
740 1144 1236 1195 pus sensibile, aut grauitatem habet,
740 1189 1241 1237 aut leuitatem, aut enim ad medium,
744 1233 1243 1274 aut sursum mouebitur. uerum inpossibile
740 1271 1235 1315 infinitum, aut totum, aut medium
742 1324 1242 1367 aut quodcumque passum esse. quo
742 1364 1247 1402 enim modo diuides, aut quo pa
742 1405 1247 1443 ctoinfiniti hoc quidem sursum fue
742 1442 1249 1482 rit. hoc uero deorsum, aut extre
742 1491 1249 1533 mum, aut medium: Dem item corpus sen
740 1525 1244 1567 sibile in loco: loci uero species sex¬
742 1565 1243 1611 in corpore uero infinito hae esse
742 1606 1242 1658 non possunt. Oino autem si impossibile
739 1660 1242 1691 est locum infinitum esse, corpus
748 1693 1244 1749 quoqued impossibile est. quod enim
738 1737 1236 1779 in loco est, id alicubi est. hoc ue¬
739 1780 1247 1824 ro, aut sursum, aut deorsum, aut
737 1822 1243 1866 aliquid caeterorum significat, quorum
