<?xml version="1.0" encoding="UTF-8" standalone="yes"?>
<PcGts xmlns="http://schema.primaresearch.org/PAGE/gts/pagecontent/2013-07-15" xmlns:xsi="http://www.w3.org/2001/XMLSchema-instance" xsi:schemaLocation="http://schema.primaresearch.org/PAGE/gts/pagecontent/2013-07-15 http://schema.primaresearch.org/PAGE/gts/pagecontent/2013-07-15/pagecontent.xsd">
    <Metadata>
        <Creator>prov=University of Rostock/Institute of Mathematics/CITlab|PLANET AI GmbH/Gundram Leifert/gundram.leifert@planet-ai.de:name=cod-AAssXX-m2(htr_id=27673)::::v=2.6.7
prov=University of Rostock/Institute of Mathematics/CITlab|PLANET AI GmbH/Tobias Gruening/tobias.gruening@planet-ai.de:name=de.uros.citlab.module.baseline2polygon.B2PSeamMultiOriented:v=2.6.7
prov=University of Rostock/Institute of Mathematics/CITlab|PLANET AI GmbH/Tobias Gruening/tobias.gruening@planet-ai.de:name=/net_tf/LA73_249_0mod360.pb:de.uros.citlab.segmentation.CITlab_LA_ML:v=2.6.6
Transkribus</Creator>
        <Created>2020-10-30T08:03:43.593-04:00</Created>
        <LastChange>2020-11-20T18:05:18.853+01:00</LastChange>
        <TranskribusMetadata docId="528931" pageId="22410992" pageNr="574" tsid="49377358" status="IN_PROGRESS" userId="25065" imgUrl="https://files.transkribus.eu/Get?id=OMUPRFSUAWIUBZPWIWKELPBT&amp;fileType=view" xmlUrl="https://files.transkribus.eu/Get?id=TPWUUZHOMOYUQUOLIVWNEBGH" imageId="17470373"/>
    </Metadata>
    <Page imageFilename="Averroes_Metaphysica_JuntSecunda_08-0574.jpg" imageWidth="1475" imageHeight="2066">
        <ReadingOrder>
            <OrderedGroup id="ro_1605972803125" caption="Regions reading order">
                <RegionRefIndexed index="0" regionRef="TextRegion_1604788420849_1679"/>
                <RegionRefIndexed index="1" regionRef="TextRegion_1604788420849_1678"/>
            </OrderedGroup>
        </ReadingOrder>
        <TextRegion orientation="0.0" id="TextRegion_1604788420849_1679" custom="readingOrder {index:0;}">
            <Coords points="225,94 748,94 748,1852 225,1852"/>
            <TextLine id="line_1604788375227_1629" custom="readingOrder {index:0;}">
                <Coords points="220,178 718,186 718,140 628,152 220,141"/>
                <Baseline points="225,174 244,174 270,175 296,175 322,176 348,176 374,176 400,176 426,176 452,176 478,176 504,175 530,175 556,175 582,175 608,176 634,176 660,176 686,177 713,177"/>
                <TextEquiv>
                    <Unicode>ltem necesse materiam subesse ei</Unicode>
                </TextEquiv>
            </TextLine>
            <TextLine id="r3l4" custom="readingOrder {index:1;}">
                <Coords points="236,228 648,234 725,226 725,191 620,186 568,205 393,185 368,197 341,183 236,197"/>
                <Baseline points="241,218 266,218 291,218 316,218 341,218 367,218 392,218 417,218 442,218 467,218 493,218 518,218 543,218 568,218 593,218 619,218 644,218 669,218 694,218 720,217"/>
                <TextEquiv>
                    <Unicode>quod fit, &amp; mutatur, quae igitur erit</Unicode>
                </TextEquiv>
            </TextLine>
            <TextLine id="r3l6" custom="readingOrder {index:2;}">
                <Coords points="237,265 734,266 734,236 583,227 237,237"/>
                <Baseline points="242,260 267,259 293,259 318,258 344,258 370,258 395,259 421,259 447,259 472,259 498,260 523,260 549,260 575,261 600,261 626,261 652,261 677,261 703,260 729,259"/>
                <TextEquiv>
                    <Unicode>velut alterabile quiddam, aut con</Unicode>
                </TextEquiv>
            </TextLine>
            <TextLine id="r3l8" custom="readingOrder {index:3;}">
                <Coords points="228,315 427,303 502,319 636,303 728,314 728,277 677,269 636,281 579,268 228,277"/>
                <Baseline points="233,297 258,298 284,299 310,301 336,302 361,302 387,303 413,303 439,303 465,303 490,303 516,303 542,303 568,302 594,302 619,302 645,303 671,303 697,303 723,304"/>
                <TextEquiv>
                    <Unicode>pus, aut anima. ita quiddam etiam</Unicode>
                </TextEquiv>
            </TextLine>
            <TextLine id="r3l10" custom="readingOrder {index:4;}">
                <Coords points="230,352 330,366 385,348 525,348 619,363 672,346 701,362 725,356 725,316 512,325 422,307 307,327 256,308 230,323"/>
                <Baseline points="235,341 260,342 286,342 311,343 337,343 362,343 388,343 413,343 439,343 464,343 490,343 515,343 541,343 566,343 592,343 617,343 643,343 668,343 694,343 720,343"/>
                <TextEquiv>
                    <Unicode>eius, quod fit, aut motus, aut ge</Unicode>
                </TextEquiv>
            </TextLine>
            <TextLine id="r3l12" custom="readingOrder {index:5;}">
                <Coords points="232,395 734,394 735,362 392,350 367,373 352,360 233,359"/>
                <Baseline points="237,383 262,383 288,383 314,383 340,384 366,384 392,384 418,384 444,384 470,385 495,385 521,385 547,385 573,385 599,385 625,385 651,386 677,386 703,386 729,386"/>
                <TextEquiv>
                    <Unicode>neratio, &amp; aliquid item ad hoc</Unicode>
                </TextEquiv>
            </TextLine>
            <TextLine id="r3l14" custom="readingOrder {index:6;}">
                <Coords points="231,434 731,434 731,409 687,392 631,405 535,393 231,405"/>
                <Baseline points="236,424 261,425 287,425 313,425 339,425 364,425 390,425 416,425 442,425 468,426 493,426 519,426 545,426 571,426 597,425 622,425 648,425 674,425 700,425 726,425"/>
                <TextEquiv>
                    <Unicode>mouetur. nam opus est aliquid hu¬</Unicode>
                </TextEquiv>
            </TextLine>
            <TextLine id="r3l17" custom="readingOrder {index:7;}">
                <Coords points="228,474 528,485 733,473 733,444 567,446 544,432 514,446 444,433 424,445 228,443"/>
                <Baseline points="233,467 259,467 285,467 311,467 337,467 363,467 389,467 415,467 441,467 467,467 493,468 519,468 545,468 571,468 597,468 623,468 649,468 675,467 701,467 728,467"/>
                <TextEquiv>
                    <Unicode>ius ex hoc in hoc, quod motus non </Unicode>
                </TextEquiv>
            </TextLine>
            <TextLine id="r3l18" custom="readingOrder {index:8;}">
                <Coords points="235,515 491,509 540,526 567,513 633,526 729,514 729,485 669,476 557,486 510,475 488,492 338,475 235,485"/>
                <Baseline points="240,507 265,507 290,508 316,508 341,509 367,509 392,509 418,509 443,509 469,509 494,509 520,509 545,509 571,509 596,509 622,509 647,509 673,509 698,509 724,509"/>
                <TextEquiv>
                    <Unicode>est: esse motum. Quonam igitur mo</Unicode>
                </TextEquiv>
            </TextLine>
            <TextLine id="r3l20" custom="readingOrder {index:9;}">
                <Coords points="230,554 698,555 716,567 730,524 251,517 231,529"/>
                <Baseline points="235,548 260,549 286,549 312,549 337,549 363,549 389,550 415,550 440,550 466,550 492,550 518,550 543,550 569,550 595,550 621,550 646,550 672,550 698,550 724,550"/>
                <TextEquiv>
                    <Unicode>doc Non erit doctrina doctrinae.</Unicode>
                </TextEquiv>
            </TextLine>
            <TextLine id="r3l22" custom="readingOrder {index:10;}">
                <Coords points="232,600 730,602 730,568 683,557 577,571 541,556 232,567"/>
                <Baseline points="237,591 262,591 288,591 314,591 339,591 365,591 391,591 416,591 442,591 468,591 493,591 519,591 545,591 570,591 596,591 622,591 647,591 673,591 699,592 725,592"/>
                <TextEquiv>
                    <Unicode>quare neque generatio generatio</Unicode>
                </TextEquiv>
            </TextLine>
            <TextLine id="r3l25" custom="readingOrder {index:11;}">
                <Coords points="228,642 607,638 661,651 725,642 725,604 671,619 576,597 434,617 320,596 228,613"/>
                <Baseline points="233,632 258,632 284,632 309,632 335,632 361,632 386,632 412,632 438,632 463,633 489,633 514,633 540,633 566,633 591,633 617,633 643,633 668,633 694,633 720,633"/>
                <TextEquiv>
                    <Unicode>nis. Cum vero neque substantiae, neu</Unicode>
                </TextEquiv>
            </TextLine>
            <TextLine id="r3l26" custom="readingOrder {index:12;}">
                <Coords points="234,682 727,682 719,645 634,660 610,642 540,638 486,653 234,645"/>
                <Baseline points="239,672 264,672 289,673 315,673 340,673 366,674 391,674 416,674 442,674 467,674 493,674 518,674 544,674 569,674 594,674 620,674 645,674 671,674 696,674 722,673"/>
                <TextEquiv>
                    <Unicode>ad aliquid, neque faciendi, ac pa¬</Unicode>
                </TextEquiv>
            </TextLine>
            <TextLine id="r3l28" custom="readingOrder {index:13;}">
                <Coords points="238,722 690,728 737,721 737,683 238,688"/>
                <Baseline points="243,715 268,715 294,715 320,715 345,715 371,715 397,715 423,716 448,716 474,716 500,716 526,716 551,716 577,716 603,716 629,716 654,716 680,716 706,716 732,715"/>
                <TextEquiv>
                    <Unicode>tiendi, superest secundum quale, &amp; quam</Unicode>
                </TextEquiv>
            </TextLine>
            <TextLine id="r3l30" custom="readingOrder {index:14;}">
                <Coords points="234,761 287,773 339,758 725,762 725,732 708,722 660,736 506,724 234,733"/>
                <Baseline points="239,755 264,755 289,755 314,756 340,756 365,756 390,756 416,757 441,757 466,757 492,757 517,757 542,757 568,757 593,757 618,757 644,757 669,757 694,756 720,755"/>
                <TextEquiv>
                    <Unicode>tum, &amp; vbi motum duntaxat esse.</Unicode>
                </TextEquiv>
            </TextLine>
            <TextLine id="r3l32" custom="readingOrder {index:15;}">
                <Coords points="235,810 730,803 730,774 656,765 235,773"/>
                <Baseline points="240,798 265,797 291,797 316,797 342,797 367,798 393,798 418,798 444,798 469,798 495,798 520,798 546,798 571,798 597,798 622,798 648,798 673,798 699,797 725,797"/>
                <TextEquiv>
                    <Unicode>quandoquidem in horum singulis con</Unicode>
                </TextEquiv>
            </TextLine>
            <TextLine id="r3l34" custom="readingOrder {index:16;}">
                <Coords points="231,847 725,850 731,804 680,820 574,804 231,816"/>
                <Baseline points="236,839 261,838 287,838 313,838 339,838 364,838 390,839 416,839 442,839 468,839 493,839 519,840 545,840 571,840 597,840 622,840 648,839 674,839 700,838 726,838"/>
                <TextEquiv>
                    <Unicode>trarietas est. Quale autem dico, non</Unicode>
                </TextEquiv>
            </TextLine>
            <TextLine id="r3l36" custom="readingOrder {index:17;}">
                <Coords points="232,891 709,890 729,888 729,852 232,854"/>
                <Baseline points="237,880 262,880 288,881 313,881 339,881 365,881 390,881 416,881 442,881 467,882 493,882 518,882 544,882 570,881 595,881 621,881 647,881 672,881 698,880 724,880"/>
                <TextEquiv>
                    <Unicode>quod in substantia (si quidem dif</Unicode>
                </TextEquiv>
            </TextLine>
            <TextLine id="r3l38" custom="readingOrder {index:18;}">
                <Coords points="233,930 726,930 726,888 706,901 679,886 654,901 529,901 494,886 461,905 436,889 365,905 233,891"/>
                <Baseline points="238,922 263,922 288,921 314,921 339,921 365,921 390,921 415,922 441,922 466,922 492,922 517,922 543,922 568,922 593,922 619,922 644,922 670,922 695,922 721,921"/>
                <TextEquiv>
                    <Unicode>ferentia quale est) verum passiuum</Unicode>
                </TextEquiv>
            </TextLine>
            <TextLine id="r3l41" custom="readingOrder {index:19;}">
                <Coords points="237,973 663,978 729,970 729,932 237,941"/>
                <Baseline points="242,964 267,964 292,963 318,963 343,963 368,963 394,963 419,963 444,964 470,964 495,964 521,964 546,964 571,964 597,964 622,964 647,964 673,964 698,964 724,963"/>
                <TextEquiv>
                    <Unicode>quale, quo dicitur res, aut pati, aut in¬</Unicode>
                </TextEquiv>
            </TextLine>
            <TextLine id="r3l42" custom="readingOrder {index:20;}">
                <Coords points="228,1021 723,1010 723,973 228,981"/>
                <Baseline points="233,1006 258,1005 284,1005 309,1005 335,1004 360,1004 386,1004 411,1004 437,1005 462,1005 488,1005 513,1005 539,1005 564,1005 590,1005 615,1005 641,1006 666,1006 692,1006 718,1005"/>
                <TextEquiv>
                    <Unicode>passibilis esse. Immobile autem est, </Unicode>
                </TextEquiv>
            </TextLine>
            <TextLine id="r3l44" custom="readingOrder {index:21;}">
                <Coords points="226,1049 297,1062 430,1049 502,1063 627,1049 723,1058 723,1020 621,1012 292,1025 252,1013 226,1028"/>
                <Baseline points="231,1046 256,1046 282,1045 307,1045 333,1045 359,1045 384,1045 410,1045 436,1046 461,1046 487,1046 512,1046 538,1046 564,1046 589,1046 615,1046 641,1046 666,1046 692,1046 718,1046"/>
                <TextEquiv>
                    <Unicode>&amp; quod omnino impossibile est moue</Unicode>
                </TextEquiv>
            </TextLine>
            <TextLine id="r3l46" custom="readingOrder {index:22;}">
                <Coords points="234,1098 718,1099 725,1063 444,1066 398,1052 381,1068 234,1064"/>
                <Baseline points="239,1087 264,1087 289,1088 314,1088 340,1088 365,1088 390,1088 416,1088 441,1088 466,1088 492,1088 517,1088 542,1088 568,1088 593,1088 618,1088 644,1088 669,1088 694,1088 720,1088"/>
                <TextEquiv>
                    <Unicode>ri: &amp; quod in multo tempore vix mo</Unicode>
                </TextEquiv>
            </TextLine>
            <TextLine id="r3l48" custom="readingOrder {index:23;}">
                <Coords points="232,1137 662,1146 725,1137 725,1110 573,1109 557,1097 497,1110 484,1097 462,1110 232,1111"/>
                <Baseline points="237,1130 262,1130 287,1130 313,1129 338,1129 364,1129 389,1130 414,1130 440,1130 465,1130 491,1130 516,1131 542,1131 567,1131 592,1131 618,1132 643,1132 669,1132 694,1132 720,1131"/>
                <TextEquiv>
                    <Unicode>uetur, aut quod tarde incipit. et</Unicode>
                </TextEquiv>
            </TextLine>
            <TextLine id="r3l51" custom="readingOrder {index:24;}">
                <Coords points="234,1183 252,1195 276,1178 327,1177 729,1186 729,1148 611,1139 580,1151 234,1149"/>
                <Baseline points="239,1172 264,1172 290,1172 315,1171 341,1171 366,1171 392,1172 417,1172 443,1172 468,1172 494,1172 519,1173 545,1173 570,1173 596,1173 621,1173 647,1173 672,1172 698,1172 724,1171"/>
                <TextEquiv>
                    <Unicode>quod natum quidem est moue¬</Unicode>
                </TextEquiv>
            </TextLine>
            <TextLine id="r3l53" custom="readingOrder {index:25;}">
                <Coords points="223,1222 725,1226 726,1189 600,1181 561,1204 413,1179 224,1190"/>
                <Baseline points="229,1213 254,1213 280,1213 306,1213 332,1213 358,1213 384,1214 410,1214 436,1214 462,1214 487,1214 513,1214 539,1215 565,1215 591,1215 617,1215 643,1215 669,1215 695,1214 721,1214"/>
                <TextEquiv>
                    <Unicode>ri, non possit autem, quando natum</Unicode>
                </TextEquiv>
            </TextLine>
            <TextLine id="r3l54" custom="readingOrder {index:26;}">
                <Coords points="226,1266 708,1266 723,1262 723,1230 362,1220 226,1237"/>
                <Baseline points="231,1254 256,1254 282,1254 307,1255 333,1255 359,1255 384,1255 410,1255 436,1256 461,1256 487,1256 512,1256 538,1256 564,1256 589,1256 615,1256 641,1256 666,1256 692,1256 718,1255"/>
                <TextEquiv>
                    <Unicode>est, &amp; vbi, &amp; quomodo: quod sane in</Unicode>
                </TextEquiv>
            </TextLine>
            <TextLine id="r3l56" custom="readingOrder {index:27;}">
                <Coords points="229,1306 660,1302 686,1314 736,1307 737,1277 717,1265 230,1272"/>
                <Baseline points="235,1294 261,1295 287,1296 313,1297 339,1297 365,1298 391,1298 418,1298 444,1298 470,1298 496,1298 522,1297 548,1297 575,1297 601,1297 627,1297 653,1297 679,1298 705,1298 732,1299"/>
                <TextEquiv>
                    <Unicode>ter immobilia solum voco quie</Unicode>
                </TextEquiv>
            </TextLine>
            <TextLine id="r3l58" custom="readingOrder {index:28;}">
                <Coords points="229,1346 735,1347 719,1308 512,1324 229,1315"/>
                <Baseline points="234,1338 260,1338 286,1338 312,1338 338,1339 364,1339 390,1339 416,1339 442,1339 468,1339 495,1340 521,1340 547,1340 573,1340 599,1340 625,1340 651,1340 677,1340 703,1340 730,1340"/>
                <TextEquiv>
                    <Unicode>scere. contraria enim quies motui.</Unicode>
                </TextEquiv>
            </TextLine>
            <TextLine id="r3l60" custom="readingOrder {index:29;}">
                <Coords points="232,1394 475,1382 625,1398 705,1385 705,1353 232,1357"/>
                <Baseline points="237,1380 262,1380 288,1380 314,1380 339,1380 365,1380 391,1380 417,1380 442,1380 468,1380 494,1380 519,1380 545,1381 571,1381 597,1381 622,1381 648,1381 674,1381 700,1381"/>
                <TextEquiv>
                    <Unicode>quare priuatio erit susceptiui.</Unicode>
                </TextEquiv>
            </TextLine>
            <TextLine id="r3l63" custom="readingOrder {index:30;}">
                <Coords points="248,1441 587,1431 649,1450 728,1442 728,1412 662,1412 640,1397 594,1410 501,1397 401,1412 362,1397 318,1414 248,1406"/>
                <Baseline points="253,1428 279,1428 305,1428 331,1428 357,1428 383,1428 409,1428 435,1428 461,1428 488,1428 514,1428 540,1428 566,1428 592,1428 618,1429 644,1429 670,1429 696,1429 723,1430"/>
                <TextEquiv>
                    <Unicode>Nonnullorum terminorum assignantur </Unicode>
                </TextEquiv>
            </TextLine>
            <TextLine id="r3l65" custom="readingOrder {index:31;}">
                <Coords points="346,1482 538,1467 587,1485 612,1469 646,1483 646,1449 614,1460 599,1445 552,1437 529,1460 508,1460 493,1445 400,1436 381,1445 369,1437 346,1453"/>
                <Baseline points="351,1470 377,1469 403,1468 430,1468 456,1467 482,1467 509,1467 535,1467 561,1468 588,1468 614,1469 641,1470"/>
                <TextEquiv>
                    <Unicode>definitiones. Cap. 5</Unicode>
                </TextEquiv>
            </TextLine>
            <TextLine id="r3l67" custom="readingOrder {index:32;}">
                <Coords points="254,1506 272,1499 327,1523 620,1516 688,1529 734,1517 734,1484 254,1477"/>
                <Baseline points="259,1506 285,1507 311,1509 337,1510 363,1510 389,1510 415,1511 441,1511 467,1511 494,1510 520,1510 546,1510 572,1510 598,1510 624,1510 650,1510 676,1510 702,1511 729,1512"/>
                <TextEquiv>
                    <Unicode>lmul secundum locum esse dicuntur: quae </Unicode>
                </TextEquiv>
            </TextLine>
            <TextLine id="line_1604788409377_1671" custom="readingOrder {index:33;}">
                <Coords points="296,1568 671,1564 729,1556 730,1517 687,1533 543,1519 297,1525"/>
                <Baseline points="301,1550 327,1550 354,1551 380,1551 407,1551 433,1551 460,1551 487,1551 513,1551 540,1551 566,1551 593,1551 619,1552 646,1552 673,1552 702,1551 724,1551"/>
                <TextEquiv>
                    <Unicode>in vnoloco primo sunt. Et</Unicode>
                </TextEquiv>
            </TextLine>
            <TextLine id="line_1604788404128_1666" custom="readingOrder {index:34;}">
                <Coords points="229,1585 288,1585 340,1611 725,1603 732,1566 296,1574 229,1547"/>
                <Baseline points="234,1577 260,1580 286,1583 313,1586 339,1588 365,1589 392,1591 418,1592 444,1593 471,1593 497,1593 523,1593 550,1593 576,1593 602,1593 629,1593 655,1593 682,1593 697,1593 727,1591"/>
                <TextEquiv>
                    <Unicode>b* separata, quae in diuerso. Ta</Unicode>
                </TextEquiv>
            </TextLine>
            <TextLine id="r3l76" custom="readingOrder {index:35;}">
                <Coords points="234,1650 730,1641 730,1599 688,1614 234,1613"/>
                <Baseline points="239,1634 264,1634 290,1634 315,1634 341,1635 366,1635 392,1635 418,1635 443,1635 469,1635 494,1635 520,1635 545,1635 571,1635 597,1635 622,1635 648,1635 673,1635 699,1635 725,1635"/>
                <TextEquiv>
                    <Unicode>gi autem, quorum extrema sunt si</Unicode>
                </TextEquiv>
            </TextLine>
            <TextLine id="r3l78" custom="readingOrder {index:36;}">
                <Coords points="224,1681 726,1682 733,1643 466,1665 397,1644 224,1654"/>
                <Baseline points="229,1677 255,1676 281,1675 307,1675 334,1675 360,1674 386,1675 412,1675 439,1675 465,1675 491,1676 517,1676 544,1677 570,1677 596,1677 622,1677 649,1677 675,1676 701,1676 728,1675"/>
                <TextEquiv>
                    <Unicode>mul. Medium, in quod natum est</Unicode>
                </TextEquiv>
            </TextLine>
            <TextLine id="r3l81" custom="readingOrder {index:37;}">
                <Coords points="226,1738 324,1722 654,1738 727,1727 727,1692 226,1694"/>
                <Baseline points="231,1717 256,1717 282,1717 308,1717 334,1717 360,1718 386,1718 411,1718 437,1718 463,1718 489,1718 515,1718 541,1718 566,1718 592,1719 618,1719 644,1719 670,1719 696,1719 722,1719"/>
                <TextEquiv>
                    <Unicode>prius venire quod mutatur, quam ac</Unicode>
                </TextEquiv>
            </TextLine>
            <TextLine id="r3l82" custom="readingOrder {index:38;}">
                <Coords points="228,1765 253,1780 298,1766 735,1770 735,1732 652,1742 578,1724 462,1736 313,1725 228,1740"/>
                <Baseline points="233,1760 259,1759 285,1759 311,1759 337,1759 363,1759 389,1759 416,1759 442,1760 468,1760 494,1760 520,1761 546,1761 573,1761 599,1761 625,1761 651,1761 677,1760 703,1760 730,1759"/>
                <TextEquiv>
                    <Unicode>quod vltimum mutatur, secundum naturam</Unicode>
                </TextEquiv>
            </TextLine>
            <TextLine id="r3l85" custom="readingOrder {index:39;}">
                <Coords points="228,1810 731,1810 731,1782 718,1779 576,1782 552,1769 228,1780"/>
                <Baseline points="233,1802 258,1802 284,1802 310,1802 336,1802 362,1803 388,1803 414,1803 440,1804 466,1804 492,1804 518,1805 544,1805 570,1805 596,1805 622,1805 648,1804 674,1804 700,1803 726,1802"/>
                <TextEquiv>
                    <Unicode>continue mutatum. Contrarium</Unicode>
                </TextEquiv>
            </TextLine>
            <TextEquiv>
                <Unicode>ltem necesse materiam subesse ei
quod fit, &amp; mutatur, quae igitur erit
velut alterabile quiddam, aut con
pus, aut anima. ita quiddam etiam
eius, quod fit, aut motus, aut ge
neratio, &amp; aliquid item ad hoc
mouetur. nam opus est aliquid hu¬
ius ex hoc in hoc, quod motus non 
est: esse motum. Quonam igitur mo
doc Non erit doctrina doctrinae.
quare neque generatio generatio
nis. Cum vero neque substantiae, neu
ad aliquid, neque faciendi, ac pa¬
tiendi, superest secundum quale, &amp; quam
tum, &amp; vbi motum duntaxat esse.
quandoquidem in horum singulis con
trarietas est. Quale autem dico, non
quod in substantia (si quidem dif
ferentia quale est) verum passiuum
quale, quo dicitur res, aut pati, aut in¬
passibilis esse. Immobile autem est, 
&amp; quod omnino impossibile est moue
ri: &amp; quod in multo tempore vix mo
uetur, aut quod tarde incipit. et
quod natum quidem est moue¬
ri, non possit autem, quando natum
est, &amp; vbi, &amp; quomodo: quod sane in
ter immobilia solum voco quie
scere. contraria enim quies motui.
quare priuatio erit susceptiui.
Nonnullorum terminorum assignantur 
definitiones. Cap. 5
lmul secundum locum esse dicuntur: quae 
in vnoloco primo sunt. Et
b* separata, quae in diuerso. Ta
gi autem, quorum extrema sunt si
mul. Medium, in quod natum est
prius venire quod mutatur, quam ac
quod vltimum mutatur, secundum naturam
continue mutatum. Contrarium</Unicode>
            </TextEquiv>
        </TextRegion>
        <TextRegion orientation="0.0" id="TextRegion_1604788420849_1678" custom="readingOrder {index:1;}">
            <Coords points="748,94 1272,94 1272,1852 748,1852"/>
            <TextLine id="r3l3" custom="readingOrder {index:0;}">
                <Coords points="763,186 1253,185 1253,145 1223,141 936,141 907,157 891,141 851,153 763,140"/>
                <Baseline points="768,175 793,176 818,177 843,177 869,177 894,178 919,178 944,177 970,177 995,177 1020,177 1045,177 1071,176 1096,176 1121,176 1146,176 1172,176 1197,177 1222,177 1248,177"/>
                <TextEquiv>
                    <Unicode>secundum locum, quod secundum fectitudinem</Unicode>
                </TextEquiv>
            </TextLine>
            <TextLine id="r3l5" custom="readingOrder {index:1;}">
                <Coords points="764,234 1191,234 1250,221 1250,189 1188,197 1169,181 1152,197 1078,199 1025,186 988,197 967,183 930,199 882,184 836,200 764,197"/>
                <Baseline points="769,219 794,219 819,219 844,220 869,220 894,219 919,219 944,219 969,219 994,219 1019,218 1044,218 1069,218 1094,218 1119,218 1144,218 1169,218 1194,218 1219,218 1245,218"/>
                <TextEquiv>
                    <Unicode>pscutum distat. Consequens est, cuius</Unicode>
                </TextEquiv>
            </TextLine>
            <TextLine id="r3l7" custom="readingOrder {index:2;}">
                <Coords points="762,274 1251,266 1257,236 762,237"/>
                <Baseline points="767,259 792,259 818,259 843,259 869,260 894,260 920,260 945,260 971,260 996,260 1022,260 1047,260 1073,260 1098,260 1124,260 1149,261 1175,261 1200,261 1226,261 1252,261"/>
                <TextEquiv>
                    <Unicode>principium sequentis, atit solo</Unicode>
                </TextEquiv>
            </TextLine>
            <TextLine id="r3l9" custom="readingOrder {index:3;}">
                <Coords points="762,309 1129,320 1259,306 1245,276 762,275"/>
                <Baseline points="767,302 792,302 818,303 843,303 869,303 895,303 920,303 946,303 972,302 997,302 1023,302 1048,302 1074,302 1100,302 1125,302 1151,302 1177,302 1202,302 1228,301 1254,301"/>
                <TextEquiv>
                    <Unicode>situ, aut forma, aut aliquo quo¬</Unicode>
                </TextEquiv>
            </TextLine>
            <TextLine id="r3l11" custom="readingOrder {index:4;}">
                <Coords points="756,348 1189,349 1253,362 1253,325 1184,309 1084,328 966,309 756,323"/>
                <Baseline points="761,344 786,343 812,343 837,343 863,343 889,343 914,343 940,343 966,343 991,343 1017,343 1042,343 1068,343 1094,343 1119,343 1145,343 1171,343 1196,343 1222,343 1248,343"/>
                <TextEquiv>
                    <Unicode>dam modo definito, atque illius,</Unicode>
                </TextEquiv>
            </TextLine>
            <TextLine id="r3l13" custom="readingOrder {index:5;}">
                <Coords points="760,394 1262,394 1262,365 1225,351 1206,364 1192,352 1094,366 904,364 890,351 857,365 760,360"/>
                <Baseline points="765,385 790,385 816,386 842,386 868,386 894,386 920,386 946,386 972,385 998,385 1023,385 1049,385 1075,385 1101,385 1127,385 1153,385 1179,385 1205,385 1231,385 1257,385"/>
                <TextEquiv>
                    <Unicode>cuius est consequens, nihil est me¬</Unicode>
                </TextEquiv>
            </TextLine>
            <TextLine id="r3l15" custom="readingOrder {index:6;}">
                <Coords points="760,434 1253,434 1253,405 1221,395 760,399"/>
                <Baseline points="765,426 790,426 815,426 841,426 866,426 892,426 917,426 942,426 968,425 993,425 1019,425 1044,425 1070,425 1095,425 1120,425 1146,425 1171,426 1197,426 1222,427 1248,427"/>
                <TextEquiv>
                    <Unicode>dium eorum, quae in eodem genere sunt.</Unicode>
                </TextEquiv>
            </TextLine>
            <TextLine id="r3l16" custom="readingOrder {index:7;}">
                <Coords points="764,482 1257,474 1257,439 764,445"/>
                <Baseline points="769,467 794,467 819,467 845,467 870,467 896,467 921,467 946,467 972,467 997,467 1023,467 1048,467 1074,467 1099,467 1124,467 1150,467 1175,468 1201,468 1226,468 1252,469"/>
                <TextEquiv>
                    <Unicode>velut linea lineae, aut vnitas vni</Unicode>
                </TextEquiv>
            </TextLine>
            <TextLine id="r3l19" custom="readingOrder {index:8;}">
                <Coords points="759,514 1045,523 1252,513 1252,492 1149,476 1124,490 1074,475 758,485"/>
                <Baseline points="764,509 789,510 814,510 840,510 865,510 891,510 916,509 941,509 967,509 992,509 1018,509 1043,508 1069,508 1094,508 1119,508 1145,508 1170,509 1196,509 1221,509 1247,510"/>
                <TextEquiv>
                    <Unicode>tatis, aut domus ipsius domus,</Unicode>
                </TextEquiv>
            </TextLine>
            <TextLine id="r3l21" custom="readingOrder {index:9;}">
                <Coords points="758,557 1255,563 1254,525 1231,517 1147,530 1123,514 1080,533 1014,517 757,524"/>
                <Baseline points="763,551 788,551 814,551 839,551 865,550 891,550 916,550 942,550 968,550 993,550 1019,550 1044,550 1070,550 1096,550 1121,550 1147,550 1173,550 1198,550 1224,551 1250,551"/>
                <TextEquiv>
                    <Unicode>aliud vero medium esse nihil pro¬</Unicode>
                </TextEquiv>
            </TextLine>
            <TextLine id="r3l23" custom="readingOrder {index:10;}">
                <Coords points="765,601 973,612 1066,598 1253,602 1253,574 1206,558 1042,569 765,556"/>
                <Baseline points="770,591 795,591 820,592 845,592 870,591 895,591 920,591 946,591 971,591 996,591 1021,591 1046,591 1071,591 1097,591 1122,591 1147,591 1172,592 1197,592 1222,592 1248,592"/>
                <TextEquiv>
                    <Unicode>hibet. Consequens nanque alicu¬</Unicode>
                </TextEquiv>
            </TextLine>
            <TextLine id="r3l24" custom="readingOrder {index:11;}">
                <Coords points="752,639 1250,641 1250,613 1193,600 1135,615 1031,609 1017,622 893,601 752,609"/>
                <Baseline points="757,632 782,632 808,632 834,633 859,633 885,633 911,633 936,633 962,633 988,632 1013,632 1039,632 1065,632 1090,632 1116,632 1142,631 1167,631 1193,631 1219,632 1245,632"/>
                <TextEquiv>
                    <Unicode>ius consequens, ac quoddam po¬</Unicode>
                </TextEquiv>
            </TextLine>
            <TextLine id="r3l27" custom="readingOrder {index:12;}">
                <Coords points="756,682 1253,681 1253,652 1232,643 1009,660 923,654 905,636 884,653 756,646"/>
                <Baseline points="761,672 786,673 812,674 837,674 863,674 889,675 914,675 940,675 966,675 991,675 1017,675 1042,675 1068,674 1094,674 1119,674 1145,674 1171,674 1196,673 1222,673 1248,673"/>
                <TextEquiv>
                    <Unicode>sterius est. non enim vnum conse¬</Unicode>
                </TextEquiv>
            </TextLine>
            <TextLine id="r3l29" custom="readingOrder {index:13;}">
                <Coords points="763,723 1252,723 1252,683 763,694"/>
                <Baseline points="768,716 793,716 818,716 843,716 868,716 894,716 919,716 944,716 969,716 994,716 1020,716 1045,716 1070,716 1095,716 1120,716 1146,716 1171,716 1196,716 1221,716 1247,715"/>
                <TextEquiv>
                    <Unicode>quens duorum, neque nouilunium</Unicode>
                </TextEquiv>
            </TextLine>
            <TextLine id="r3l31" custom="readingOrder {index:14;}">
                <Coords points="763,762 869,774 881,762 1048,762 1070,776 1091,761 1253,764 1253,733 1192,725 763,733"/>
                <Baseline points="768,757 793,757 818,757 843,757 869,757 894,757 919,757 944,757 970,757 995,757 1020,757 1045,756 1071,756 1096,756 1121,756 1146,756 1172,756 1197,756 1222,757 1248,757"/>
                <TextEquiv>
                    <Unicode>consequens secundae. Attiguum</Unicode>
                </TextEquiv>
            </TextLine>
            <TextLine id="r3l33" custom="readingOrder {index:15;}">
                <Coords points="758,802 862,818 940,799 1032,801 1049,815 1132,797 1256,811 1256,776 1220,765 1136,781 1024,765 758,773"/>
                <Baseline points="763,797 788,797 814,797 840,797 865,798 891,798 917,798 942,798 968,798 994,798 1019,797 1045,797 1071,798 1096,798 1122,798 1148,798 1173,798 1199,798 1225,799 1251,800"/>
                <TextEquiv>
                    <Unicode>vero, quod consequens tangit.</Unicode>
                </TextEquiv>
            </TextLine>
            <TextLine id="r3l35" custom="readingOrder {index:16;}">
                <Coords points="765,850 1253,858 1253,812 953,805 836,820 765,805"/>
                <Baseline points="770,839 795,839 820,840 845,840 870,840 895,840 920,839 946,839 971,839 996,839 1021,839 1046,839 1071,839 1097,839 1122,839 1147,840 1172,840 1197,840 1222,840 1248,841"/>
                <TextEquiv>
                    <Unicode>Caeterum cum omnis mutatio in ope</Unicode>
                </TextEquiv>
            </TextLine>
            <TextLine id="r3l37" custom="readingOrder {index:17;}">
                <Coords points="756,898 1007,881 1263,896 1263,860 1216,848 959,862 940,845 919,864 817,844 756,859"/>
                <Baseline points="761,880 787,880 813,881 839,881 865,882 891,882 917,882 944,882 970,881 996,881 1022,881 1048,881 1074,881 1101,881 1127,881 1153,881 1179,881 1205,882 1231,882 1258,884"/>
                <TextEquiv>
                    <Unicode>positis sit, haec vero contraria</Unicode>
                </TextEquiv>
            </TextLine>
            <TextLine id="r3l39" custom="readingOrder {index:18;}">
                <Coords points="756,930 1256,929 1256,901 1240,892 1048,893 1019,910 964,887 756,901"/>
                <Baseline points="761,923 786,923 812,923 838,923 864,923 889,923 915,923 941,923 967,922 993,922 1018,922 1044,921 1070,921 1096,921 1122,921 1147,921 1173,922 1199,922 1225,923 1251,924"/>
                <TextEquiv>
                    <Unicode>ac contradictio, contradictionis</Unicode>
                </TextEquiv>
            </TextLine>
            <TextLine id="r3l40" custom="readingOrder {index:19;}">
                <Coords points="760,969 1231,972 1254,969 1254,932 1136,949 1111,929 1076,943 760,940"/>
                <Baseline points="765,962 790,963 815,963 841,963 866,964 892,964 917,964 943,964 968,964 994,963 1019,963 1045,963 1070,963 1096,963 1121,963 1147,963 1172,963 1198,964 1223,965 1249,966"/>
                <TextEquiv>
                    <Unicode>vero nihil medium est, constas</Unicode>
                </TextEquiv>
            </TextLine>
            <TextLine id="r3l43" custom="readingOrder {index:20;}">
                <Coords points="762,1017 782,1029 946,1007 1239,1016 1252,1011 1252,973 762,982"/>
                <Baseline points="767,1006 792,1006 817,1006 842,1006 868,1006 893,1006 918,1005 943,1005 969,1005 994,1005 1019,1005 1044,1005 1070,1005 1095,1005 1120,1005 1145,1005 1171,1005 1196,1005 1221,1006 1247,1006"/>
                <TextEquiv>
                    <Unicode>quod medium in contrarijs est. Cum</Unicode>
                </TextEquiv>
            </TextLine>
            <TextLine id="r3l45" custom="readingOrder {index:21;}">
                <Coords points="760,1056 972,1066 987,1054 1001,1067 1051,1052 1183,1068 1248,1052 1248,1014 1170,1028 1055,1013 975,1037 909,1013 760,1024"/>
                <Baseline points="765,1047 790,1047 815,1047 840,1047 865,1047 890,1046 915,1046 941,1046 966,1046 991,1046 1016,1046 1041,1046 1066,1046 1092,1046 1117,1046 1142,1046 1167,1047 1192,1047 1217,1047 1243,1047"/>
                <TextEquiv>
                    <Unicode>tinuum sane, quoddam attiguum</Unicode>
                </TextEquiv>
            </TextLine>
            <TextLine id="r3l47" custom="readingOrder {index:22;}">
                <Coords points="762,1098 1259,1097 1259,1068 1241,1056 1185,1070 1048,1053 1016,1077 986,1054 964,1069 762,1067"/>
                <Baseline points="767,1090 792,1089 818,1089 843,1089 869,1089 895,1089 920,1089 946,1089 972,1089 997,1089 1023,1089 1048,1089 1074,1089 1100,1089 1125,1089 1151,1089 1177,1089 1202,1089 1228,1089 1254,1089"/>
                <TextEquiv>
                    <Unicode>aut tangens est. dicitur vero contiae</Unicode>
                </TextEquiv>
            </TextLine>
            <TextLine id="r3l49" custom="readingOrder {index:23;}">
                <Coords points="756,1138 1252,1138 1251,1100 1144,1100 1112,1118 1058,1096 1042,1109 919,1108 906,1095 867,1112 755,1108"/>
                <Baseline points="761,1131 786,1131 812,1131 837,1131 863,1131 888,1131 914,1131 940,1131 965,1131 991,1131 1016,1131 1042,1131 1067,1131 1093,1131 1119,1131 1144,1130 1170,1130 1195,1130 1221,1130 1247,1130"/>
                <TextEquiv>
                    <Unicode>nuum, cum idem fiunt, atque vnam</Unicode>
                </TextEquiv>
            </TextLine>
            <TextLine id="r3l50" custom="readingOrder {index:24;}">
                <Coords points="766,1178 1004,1178 1049,1191 1112,1175 1200,1191 1252,1178 1238,1141 766,1149"/>
                <Baseline points="771,1172 796,1172 821,1173 846,1173 871,1173 896,1173 921,1173 946,1173 971,1172 996,1172 1021,1172 1046,1172 1071,1172 1096,1172 1121,1172 1146,1172 1171,1172 1196,1173 1221,1173 1247,1174"/>
                <TextEquiv>
                    <Unicode>vtriusque termini, quibus tangunt</Unicode>
                </TextEquiv>
            </TextLine>
            <TextLine id="r3l52" custom="readingOrder {index:25;}">
                <Coords points="765,1222 1264,1221 1263,1185 1233,1180 1031,1197 921,1180 764,1188"/>
                <Baseline points="769,1214 794,1215 820,1215 846,1216 872,1216 897,1216 923,1215 949,1215 975,1215 1001,1214 1026,1214 1052,1214 1078,1214 1104,1214 1130,1213 1155,1214 1181,1214 1207,1214 1233,1215 1259,1216"/>
                <TextEquiv>
                    <Unicode>&amp; se continuant. quare patet in</Unicode>
                </TextEquiv>
            </TextLine>
            <TextLine id="r3l55" custom="readingOrder {index:26;}">
                <Coords points="768,1264 1261,1266 1261,1225 1246,1221 1104,1237 979,1235 965,1221 885,1236 863,1221 800,1239 768,1225"/>
                <Baseline points="773,1257 798,1257 823,1258 849,1258 874,1258 900,1257 925,1257 950,1257 976,1256 1001,1256 1027,1256 1052,1255 1078,1255 1103,1255 1128,1255 1154,1255 1179,1255 1205,1255 1230,1256 1256,1256"/>
                <TextEquiv>
                    <Unicode>his esse continuum, ex quibus vnum</Unicode>
                </TextEquiv>
            </TextLine>
            <TextLine id="r3l57" custom="readingOrder {index:27;}">
                <Coords points="769,1306 1247,1307 1247,1277 1225,1270 769,1277"/>
                <Baseline points="774,1298 800,1299 826,1299 852,1299 878,1299 904,1299 930,1299 956,1299 982,1299 1008,1299 1034,1299 1060,1298 1086,1298 1112,1298 1138,1298 1164,1298 1190,1298 1216,1298 1242,1298"/>
                <TextEquiv>
                    <Unicode>quiddam natum est secundum conta</Unicode>
                </TextEquiv>
            </TextLine>
            <TextLine id="line_1604788388931_1651" custom="readingOrder {index:28;}">
                <Coords points="763,1354 1146,1345 1183,1358 1263,1346 1277,1324 1207,1309 895,1318 877,1305 762,1318"/>
                <Baseline points="768,1342 794,1342 820,1341 847,1341 873,1341 899,1341 926,1341 952,1341 978,1341 1005,1342 1031,1342 1057,1342 1084,1341 1110,1341 1136,1341 1163,1340 1189,1339 1215,1337 1242,1336 1268,1334 1272,1333"/>
                <TextEquiv>
                    <Unicode>ctum fieri. Et quod consequens,</Unicode>
                </TextEquiv>
            </TextLine>
            <TextLine id="r3l61" custom="readingOrder {index:29;}">
                <Coords points="765,1402 1065,1387 1206,1402 1258,1393 1258,1354 1159,1349 1093,1368 1039,1351 764,1357"/>
                <Baseline points="769,1383 794,1383 819,1384 845,1384 870,1384 896,1384 921,1384 947,1383 972,1383 998,1383 1023,1383 1049,1383 1074,1383 1100,1383 1125,1382 1151,1382 1176,1382 1202,1382 1227,1381 1253,1381"/>
                <TextEquiv>
                    <Unicode>primum sit, constat. consequens</Unicode>
                </TextEquiv>
            </TextLine>
            <TextLine id="r3l62" custom="readingOrder {index:30;}">
                <Coords points="767,1434 1261,1434 1261,1397 767,1404"/>
                <Baseline points="772,1425 797,1425 822,1425 848,1425 873,1425 899,1425 924,1425 950,1425 975,1425 1001,1425 1026,1425 1052,1425 1077,1425 1103,1425 1128,1425 1154,1425 1179,1425 1205,1424 1230,1424 1256,1424"/>
                <TextEquiv>
                    <Unicode>nanque non tangit. hoc vero con</Unicode>
                </TextEquiv>
            </TextLine>
            <TextLine id="r3l64" custom="readingOrder {index:31;}">
                <Coords points="764,1474 1260,1482 1259,1441 1213,1435 1085,1449 1008,1446 984,1430 887,1446 763,1436"/>
                <Baseline points="768,1465 793,1466 819,1466 844,1467 870,1467 895,1467 921,1468 947,1468 972,1468 998,1467 1023,1467 1049,1467 1074,1467 1100,1466 1126,1466 1151,1466 1177,1465 1202,1465 1228,1465 1254,1464"/>
                <TextEquiv>
                    <Unicode>sequens et. &amp; si continuum est, tagit</Unicode>
                </TextEquiv>
            </TextLine>
            <TextLine id="r3l66" custom="readingOrder {index:32;}">
                <Coords points="770,1522 1261,1513 1261,1485 1167,1477 770,1484"/>
                <Baseline points="775,1509 800,1509 825,1509 850,1509 876,1509 901,1509 926,1509 952,1509 977,1509 1002,1509 1028,1509 1053,1509 1078,1509 1104,1509 1129,1509 1154,1509 1180,1509 1205,1508 1230,1508 1256,1508"/>
                <TextEquiv>
                    <Unicode>quod si tangit, nondum continuum</Unicode>
                </TextEquiv>
            </TextLine>
            <TextLine id="r3l69" custom="readingOrder {index:33;}">
                <Coords points="762,1554 873,1571 1008,1553 1256,1562 1256,1517 762,1525"/>
                <Baseline points="767,1550 792,1550 817,1550 843,1550 868,1550 894,1550 919,1550 945,1550 970,1550 996,1550 1021,1550 1047,1550 1072,1550 1098,1550 1123,1550 1149,1550 1174,1550 1200,1550 1225,1549 1251,1549"/>
                <TextEquiv>
                    <Unicode>est. in quibus vero non est tacti</Unicode>
                </TextEquiv>
            </TextLine>
            <TextLine id="r3l74" custom="readingOrder {index:34;}">
                <Coords points="764,1601 1082,1594 1229,1610 1258,1599 1258,1564 1063,1573 1023,1557 997,1573 964,1557 885,1574 829,1573 813,1558 764,1573"/>
                <Baseline points="769,1592 794,1592 819,1592 845,1592 870,1592 896,1592 921,1592 947,1592 972,1592 998,1592 1023,1592 1049,1592 1074,1592 1100,1592 1125,1592 1151,1592 1176,1592 1202,1592 1227,1592 1253,1592"/>
                <TextEquiv>
                    <Unicode>in his non est cohaerentia. Qua¬</Unicode>
                </TextEquiv>
            </TextLine>
            <TextLine id="r3l75" custom="readingOrder {index:35;}">
                <Coords points="760,1640 1250,1643 1264,1642 1265,1608 1110,1601 1061,1614 1007,1598 984,1614 922,1613 908,1599 880,1613 760,1612"/>
                <Baseline points="765,1632 791,1633 817,1633 843,1633 869,1633 895,1633 921,1634 947,1634 973,1634 999,1634 1025,1634 1051,1634 1077,1634 1103,1634 1129,1634 1155,1634 1181,1634 1207,1634 1233,1634 1259,1634"/>
                <TextEquiv>
                    <Unicode>re non est punctum idem vnitati¬</Unicode>
                </TextEquiv>
            </TextLine>
            <TextLine id="r3l77" custom="readingOrder {index:36;}">
                <Coords points="767,1681 1265,1682 1265,1652 1214,1643 1184,1654 1146,1643 1131,1657 1006,1642 767,1653"/>
                <Baseline points="772,1674 797,1674 823,1674 849,1674 874,1675 900,1675 926,1675 951,1675 977,1675 1003,1675 1028,1676 1054,1676 1080,1676 1105,1676 1131,1676 1157,1675 1182,1675 1208,1674 1234,1674 1260,1673"/>
                <TextEquiv>
                    <Unicode>nam illorum est tactio, harum ve</Unicode>
                </TextEquiv>
            </TextLine>
            <TextLine id="r3l80" custom="readingOrder {index:37;}">
                <Coords points="767,1723 1230,1730 1269,1722 1269,1684 767,1693"/>
                <Baseline points="772,1716 797,1716 823,1716 849,1717 875,1717 901,1717 927,1717 953,1717 979,1718 1005,1718 1030,1718 1056,1719 1082,1719 1108,1719 1134,1719 1160,1718 1186,1718 1212,1717 1238,1717 1264,1716"/>
                <TextEquiv>
                    <Unicode>ro minime, sed consequenter. &amp; </Unicode>
                </TextEquiv>
            </TextLine>
            <TextLine id="r3l83" custom="readingOrder {index:38;}">
                <Coords points="761,1770 1259,1770 1259,1733 1026,1725 893,1739 761,1725"/>
                <Baseline points="766,1757 791,1758 817,1758 843,1758 868,1759 894,1759 920,1759 945,1759 971,1759 997,1760 1022,1760 1048,1760 1074,1760 1099,1760 1125,1760 1151,1759 1176,1759 1202,1759 1228,1759 1254,1759"/>
                <TextEquiv>
                    <Unicode>illorum quidem est aliquid inter</Unicode>
                </TextEquiv>
            </TextLine>
            <TextLine id="r3l84" custom="readingOrder {index:39;}">
                <Coords points="764,1810 1225,1809 1225,1787 1158,1770 1144,1783 990,1769 940,1781 923,1767 869,1783 834,1765 817,1781 764,1780"/>
                <Baseline points="769,1801 794,1802 819,1803 844,1803 869,1803 894,1803 919,1803 944,1803 969,1803 994,1802 1019,1802 1044,1802 1069,1801 1094,1801 1119,1801 1144,1801 1169,1801 1194,1802 1220,1802"/>
                <TextEquiv>
                    <Unicode>medium, harum vero minime.</Unicode>
                </TextEquiv>
            </TextLine>
            <TextEquiv>
                <Unicode>secundum locum, quod secundum fectitudinem
pscutum distat. Consequens est, cuius
principium sequentis, atit solo
situ, aut forma, aut aliquo quo¬
dam modo definito, atque illius,
cuius est consequens, nihil est me¬
dium eorum, quae in eodem genere sunt.
velut linea lineae, aut vnitas vni
tatis, aut domus ipsius domus,
aliud vero medium esse nihil pro¬
hibet. Consequens nanque alicu¬
ius consequens, ac quoddam po¬
sterius est. non enim vnum conse¬
quens duorum, neque nouilunium
consequens secundae. Attiguum
vero, quod consequens tangit.
Caeterum cum omnis mutatio in ope
positis sit, haec vero contraria
ac contradictio, contradictionis
vero nihil medium est, constas
quod medium in contrarijs est. Cum
tinuum sane, quoddam attiguum
aut tangens est. dicitur vero contiae
nuum, cum idem fiunt, atque vnam
vtriusque termini, quibus tangunt
&amp; se continuant. quare patet in
his esse continuum, ex quibus vnum
quiddam natum est secundum conta
ctum fieri. Et quod consequens,
primum sit, constat. consequens
nanque non tangit. hoc vero con
sequens et. &amp; si continuum est, tagit
quod si tangit, nondum continuum
est. in quibus vero non est tacti
in his non est cohaerentia. Qua¬
re non est punctum idem vnitati¬
nam illorum est tactio, harum ve
ro minime, sed consequenter. &amp; 
illorum quidem est aliquid inter
medium, harum vero minime.</Unicode>
            </TextEquiv>
        </TextRegion>
    </Page>
</PcGts>
