1475 2066
352 171 600 202 rMAEHH2AM
209 197 719 256 Secundum geneus depromit & pro¬
229 245 713 282 sequitur quicquid in hac arte com¬
232 285 723 323 praehenditur: quocirca primo in duo
231 317 730 369 hanc artem proscindi voluit, quorum
230 357 728 410 vnum exprimit partem logicalem huic
225 395 727 440 arti propriam, alterum ea, quorum hic
228 441 731 482 scientiam petimus: & sic duae ampliores
228 473 711 514 sunt partes, quarum vna rursus in ar
222 516 718 564 ctiores scinditur partes tres, vnde qua
225 557 723 594 tuor huius scientiae portiones resultant.
260 589 717 640 Quam vero in hoc praesens indage
227 635 725 677 aliis artibus praefertur, quod ipsa suimet
229 676 723 718 principia porrigit, ideo vbi hoc ip¬
229 702 729 757 sum peragitur, quasi quinta huius scientiae
209 741 728 786 portio excipitur. Insuper, ex quo haec
225 787 721 826 scientia partes entis consyderat, vna autem
218 820 721 874 partium est ipsum ens intelligibile¬
218 861 721 912 opportunum erat de huius generis entium
216 898 716 950 principiis speculari, & falsis circa haec
222 935 715 989 cogitationibus resistere. Arist. igitu
221 972 708 1029 in singulis his generibus consyderan
224 1014 719 1065 do, exactiorem qui fieri potuit doctri
216 1060 722 1106 nae ordinem exercuit: ita quod in prima
218 1092 720 1143 dictione designata per literam Alephli
221 1134 711 1184 minorem commemorat quantum difficul
217 1165 726 1218 tatis, facilitatisques haec scientia contineat, as
218 1207 721 1261 feres id, quod singuli hominum in hac
213 1252 717 1299 scientia referunt, tametsi pusillum quoddam
216 1288 717 1328 fit, nihilominus, cum omnia illorum dicta
216 1327 717 1371 in cumulum redacta fuerint, erit quid
211 1365 717 1420 colligitur quantitas haud modica
230 1404 717 1455 Cuque ad huius scientiae opificen spectes
217 1440 713 1495 consyderationem causarum attingere, si¬
216 1481 713 1534 quidem harum gratia caetera entia prose
212 1525 714 1566 quimur, ideo & ipse in eadem dictione
213 1558 707 1606 sermonem terminat ad causas, poste
211 1599 712 1649 eomemorauerit formas. denique finem
209 1638 714 1682 facit in enuntiando potiores caus errorum
212 1676 714 1730 contingentium in speculabilibus, praesertim
209 1716 717 1767 circa principia, quales scilicet errorum cau¬
209 1757 713 1794 sae sunt falsae hominum existimatio
209 1797 709 1842 nes pullulantes, quas inde in specule
209 1831 711 1875 bilibus ipsi fide accipiendas statuunt
890 173 1117 214 MAM22MN
752 205 1256 250 Secundum vero est scientia rei, quae
748 244 1252 282 ab illa arte continetur: diuiditur er¬
758 284 1254 331 go haec scientia primo bifariam, neni¬
753 320 1257 370 pe in eius proprium dicendi mo¬
755 357 1251 406 dum, & in partem in se continen¬
759 397 1257 446 tem huius scientiae propositum. sunt
758 444 1253 490 ergo duae magnae partes, quarum
753 482 1250 523 vna in tres diuiditur, & sic erunt par
755 516 1155 554 tes huius scientiae quatuor,
797 548 1255 599 Sed, quia haec scientia quoque stu¬
748 589 1248 641 det respondere contra auferentes spe
750 628 1245 679 culationem, & negantes eius princi¬
752 675 1256 716 pia, ideo haec pars erit, veluti quinta
759 709 1245 753 pars eius. Et, quia tractat de parti¬
756 747 1250 786 bus entium, quorum vna eius pars
753 789 1259 833 est de entibus rationalibus, ideo opor¬
752 819 1251 870 tuit eam tractare etiam de princi¬
750 860 1251 913 piis huius generis entium, & de¬
753 889 1254 938 struere falsas sententias, quae de eo,
751 936 1246 978 dictae sunt. Et, quia Aristoteles tra¬
748 976 1252 1018 ctauit de his generibus, in eorum
746 1013 1248 1059 doctrina elegit ordinem caeteris prae
753 1052 1253 1106 stantiorem. & incoepit a primo li¬
744 1092 1255 1138 bro, cui titulus est A paruum, vbi
750 1132 1253 1174 notificauit quanta sit difficultas, &
751 1173 1257 1219 facilitas, quae in hac scientia reperitur:
753 1207 1257 1263 & quod id, quod ex ea cognitum est, &
751 1248 1252 1290 si parum sit, tamen si accumuletur
745 1292 1233 1329 totum, erit res alicuius momenti¬
795 1327 1257 1377 Et cum profesfores huius scien¬
750 1364 1256 1423 tiae cogantur credere conteniplatio
747 1405 1253 1442 nem dc causis esse finitam, cum de
744 1444 1263 1495 entibus hae, inuestigentur, ideo in
746 1481 1258 1534 illo libro probauit post praefationem,
748 1518 1258 1575 praedictam causas esse finitas. mox
747 1557 1259 1602 in calce eius concludendo notifica¬
748 1598 1253 1644 uit quae nam sit potissima causarum,
747 1639 1257 1678 ob quam accidunt ertores in rebus
746 1677 1255 1728 speculabilibus, & praesertim in ipsis
745 1719 1258 1761 causis: & est videlicet ipsa educa¬
740 1755 1255 1807 tio in falsis opinionibus impositis
748 1805 1261 1834 eis, ac si essent veluti lex rerum
745 1833 965 1890 speculabilium.
