1475 2066
228 170 746 228 consyderatio quidem in veri¬
238 218 738 275 tate difficilis est vno modo, & fa
242 264 739 322 cilis alio modo. Et signum eius est,
239 310 739 370 quod nullus hominum potuit per¬
239 361 749 419 uenire in ipsam secundum quod
245 407 741 461 oportet, neque d cuiauit se ab homi¬
245 461 741 516 nibus, sed vnusquisque locutus fuit
239 503 747 562 de natura. & vnusquisque eorum
234 547 746 610 aut nihil comprehendit de verita
242 597 737 662 te, aut modicum. &, cum aggre¬
236 644 737 708 gatum fuit illud, quod congregati¬
236 692 737 755 fuit ab omnibus, qui comprehendo
228 757 742 807 runt ex eo, tunc congrecatum erit
242 779 744 850 alicutus quantitatis. Est igitur sa
236 837 717 890 cilis secundum hunc modum, &.
243 885 733 947 est modus, secundum quem ha
239 933 741 978 bemus in consuetudine inducere in
236 980 742 1043 prouerbio, dicendo quod nullus igno
243 1028 739 1082 rat locum ianuae in domo. & de¬
238 1074 725 1122 monstrat difficultatem eius hoc
240 1124 743 1186 quod non fuit comprehensa secun¬
240 1174 741 1231 dum totum, neque, maior pars eius.
237 1220 734 1266 Et, cum difficultas sit duobus mo¬
236 1269 740 1331 dis, dignum est vt sit difficilis non
241 1316 741 1378 propter res, sed propter nos. disposi
245 1364 750 1421 tio enim intellectus ianima apud
244 1412 745 1458 illud, quod est in natura valde ma
238 1459 745 1522 nifestum, similis est dispositioni
245 1506 733 1570 oculorum vespertilionis apud lu
240 1556 398 1603 cem Solis,
408 1605 748 1658 Via ista scientia persru
368 1614 739 1690 Hltatur de veritate simpl
390 1682 746 1739 citer, incoe pit notificare
389 1713 747 1775 dispositionem viae indu
239 1765 747 1815 centis ad ipsam secundum difficultatem &
238 1805 741 1858 facilitatem, cum sit manifestum apud
242 1853 743 1898 omnes, quod comprehensio veritatis non
777 173 1296 225 est impossibilis in multis rebus. ere,
778 212 1285 258 dimus enim necessario nos scire verita
768 250 1274 304 tem in multis rebus. Et signum eis
776 294 1282 337 est, quod habemus desyderium ad scien
773 338 1277 379 damveritatem. quoniam, si comprehen¬
772 365 1273 420 sio esset impossibilis, tunc desyde¬
775 404 1275 452 rium esset ociosum. & concessum est
772 443 1277 496 ab omnibus quod nulla res est ociosa in fun
772 485 1275 530 damento naturae & creaturae. Quia
774 520 1264 565 igitur concessum & maxime. a perue
769 559 1275 603 nientibus ad hanc scientiam nos habere
777 599 1275 652 viam ad sciendam veritatem, d. Con
774 641 1276 684 syderatio quidem, &c. i. via inducens
769 676 1275 717 ad veritatem vno modo est diffici¬
775 717 1273 762 lis, & alio modo facilis. Et signum dif
777 757 1277 794 fic ultatis eius est, quod nullus sine com¬
774 793 1273 843 municatione alterius sciuit de ea ali¬
774 837 1274 876 quam quantitatem secundum quod oportet.
774 869 1273 925 Et signum facilitatis eius est hoc, quod
775 911 1277 964 non ignorauerunt eam omnes homi,
776 950 1272 1001 nes. quoniam, si inueniremus quod omnes ho
774 990 1281 1040 mines, de quibus audiuimus loqui,
772 1035 1285 1069 nihil scirent de veritate, tunc iudica
769 1062 1275 1106 remus ipsam esse difficilem, & non in
772 1102 1276 1155 possibilem propter longitudinem tempo¬
769 1141 1275 1186 ris, quod est necessarium in sciendo
778 1181 1275 1225 veritatem. & quasi breuitas temporis,
777 1226 1279 1267 in quo scita fuit veritas, aut tota, aut
774 1256 1276 1302 aliqua quantitas, indicat facilitateni
768 1296 1279 1337 eius. D.d. sed vnusquisque locutus fuit
771 1332 1273 1387 de natura, &c. i. & diximus hoc, quod
774 1377 1273 1418 diximus de modo comprehendendi ve
775 1413 1273 1464 ritatem, quia, cum nos consyderaue¬
771 1453 1271 1503 rimus omnes Antiquos in scientiis, in¬
777 1492 1281 1546 uenimus fuisse eos secundum alterum duo
777 1540 1275 1578 rum, aut hominem, qui nihil compre¬
774 1572 1270 1620 habedit de veritate, aut hominem, qui pa
774 1608 1278 1656 rum, aut modicum comprehendip
776 1648 1271 1702 de ea. D.d. Est igitur facilis secundum hunc
774 1686 1274 1737 modum, &c. i. cum positum est quod est
775 1725 1268 1763 facilis secundum hunc modum, & difficilis secundu
772 1765 1280 1803 alium modum, necesse eest vt sit facilis secundum
776 1804 1281 1858 hunc modum. & est quod in quolibet oe
778 1833 1276 1893 nere entium sunt aliqua in respectu
