1475 2066
213 133 725 187 est vt substantia sit prior. Et, cum di
231 174 733 227 xerimus, quod intentio Aristo. est ista,
224 213 729 268 qumodo reputat aliquis quod dispositio sub¬
226 253 733 307 stantiae cum aliis praedicamentis est
225 301 731 339 sicut dispon continui ex partibus coni
220 340 723 385 similibus: nisi intelligat quod prioritas
220 380 728 422 rerum huiusmodi sit prioritas rerum, quae
222 413 726 464 sunt eiusdem generis. membra enim
227 450 727 502 corporis sunt in eodem genere: sed
221 491 730 530 cor antecedit ea. & secundum hoc nulla dif
226 529 730 570 ferentia est inter hanc prioritatem,
227 567 731 613 & prioritatem numerorum, & superfi
226 601 730 642 cierum: sed hoc in continuo, & hoc
220 645 727 683 in discreto. Et cum ita sit, substantia
232 681 722 723 non vte antecedere alia praedicam en
233 718 725 762 ta, nisi altero istorum duorum modo
226 756 721 801 rum: aut sicut ea, quae sunt in eode
223 797 730 847 genere, praecedunt se adinuicem apud re
222 837 725 879 putantes quod hoc nomen ens dicitur de eis
224 877 727 914 sicut numerus de duobus & tribus:
227 912 723 964 aut sicut res antecedit res, quae attri¬
227 950 726 995 buuntur ei, & non sunt in eodem gene¬
230 980 726 1034 re, vt sanitas antecedit sanabilia, &
232 1028 723 1067 Medicina antecedit res attributas
224 1071 733 1106 Medicinae. & ista comparatio est vera
225 1105 721 1155 comparatio. Et est intelligenda per hoc
226 1151 728 1187 quod dixit: Quam, si hoc totum fuerit
230 1189 729 1231 quasi aliquod vniuersum. i. res, quae
230 1225 731 1266 antecedunt sibiinuicem, & sunt in eodem
228 1261 724 1313 genere secundum expositionem. quam debilita
232 1300 735 1338 uit Alexan. & accepit Aristo. in hoc
228 1337 719 1379 loco vniuersum loco generis, ne ac
230 1376 727 1418 cideret ei dubitatio, quae accidit Alex¬
228 1416 731 1458 cum geneus dicatur quandoques vniuoce, &
229 1457 730 1507 quandoque secundum prius & posterius. &
228 1492 731 1544 ideo omisit hoc nomen geneus, & acce
236 1533 730 1578 pit vniuersum in suo loco. & ideo, si
232 1569 733 1623 huiusmodi geneus fuerit intelsecum per
236 1610 725 1650 vniuersum, erit vera expositio. Tham
233 1648 725 1690 mistius vero non intellexit hunc lo¬
235 1685 726 1730 cum, & transmutauit expositionem,
230 1732 724 1777 posuit enim intentionem primae par¬
232 1764 733 1810 ticulae in secunda, & exposuit primam
224 1803 724 1851 in modum, quem non habet substan
758 139 1258 179 tia cum aliis praedicamentis, & dimi¬
758 180 1265 218 sit veram comparationem, quam habet
758 221 1259 258 substantia cum aliis praedicamentis,
761 257 1255 309 Expositio igitur Alexan. est, quam
753 294 1253 346 non compleuit. Themistijm autem est pu
756 335 1249 379 rus error. Et causa in hoc est dimi¬
752 372 1250 424 nutio, quae accidit in expone Alexam
760 413 1259 451 Themistius enim non abbreuiauit
758 453 1132 506 nisi expositionem Alexan¬
791 493 1257 531 At simul (vt it a dicamnec entia
758 533 1256 578 sunt ista simpliciter, verum qua
760 577 1258 618 litates, & motus, quemandmodum
756 620 1254 658 non album, & non rectum. dicimus
758 657 1259 711 nanque haec quou quid esse, veluti est
758 700 1259 747 non album. Praeterea, caeterorum
759 740 1259 786 nullum separabile est. At hoc idem
753 782 1253 834 opere testantur Antiquiores. quip
762 828 1258 872 pe qui principia, elementa, & cau
758 868 1171 918 sas substantiae quaerebant.
803 909 1256 962 Et cum hoc non sunt entia sim¬
756 956 1255 1019 pliciter praeter illa, sed qualitas et
758 1002 1255 1062 motus: quia neque, album neque, rectio
759 1060 1252 1114 dicitur vere, quod sunt entia etia,
758 1099 1255 1154 similiter inuenitur non album. Et
757 1148 1253 1205 etiam nullum aliorum est abstra¬
763 1197 1249 1258 ctum. Antiqui etiam testatur per
752 1245 1252 1290 hoc quod faciunt. illi enim quaerus
756 1288 1229 1346 elementa, & causas substantiae.
801 1339 1249 1385 Haec est alia causa, propter quam consy¬
764 1380 1256 1418 derandum est de substantia tantum.
765 1416 1243 1458 Nullum enim inuenitur aliorum sim
759 1452 1252 1506 pliciter neque motus, sed in substantia,
758 1494 1252 1547 v. g. quia qualitas non dicitur ens sim¬
765 1532 1248 1584 pliciter, neque motus, sed dicitur esse qua
760 1572 1253 1611 litas, & esse motus. Motus enim est
760 1606 1256 1658 motus alicusus, & qualitas est quali
760 1649 1262 1690 tas alicuius: substantia vero non est
760 1688 1257 1730 substantia alicuius. ens igitur prin¬
758 1722 1250 1776 cipaliter & simpliciter est substantia
776 1764 1264 1814 Et, quia aliquis potest dicere, quod alia
752 1801 1258 1849 praedicamenta diminuuntur a sub¬
