1475 2066
203 149 720 194 pia & elementa substantiae, & posuit
221 189 717 242 quod substantiae sunt tres, mobilis & i¬
223 229 715 274 mobilis, & mobilis diuiditur in duo
220 270 715 314 in aeternam & non aeternam, & fecit rei
216 308 724 355 memorationem de eo, quod declaratum
220 356 720 387 est in scientia Naturali, & etiam in
220 389 709 426 tractatibus praecedentibus, & decla
216 436 717 466 rauit quantum comprehenderum
224 467 717 518 Antiqui de principio materiali, &
222 508 719 555 quod nullus eorum dixit in hoc sermonem
217 542 715 586 conuenientem generationi & corru
212 589 716 636 ptioni, & hoc quod dicunt, quod principia
221 621 711 671 sunt contraria, non sufficit, & quod ne
213 661 721 699 cessarium est dicere subiectum esse,
218 701 713 751 & quod nullus eorum dixit sermonem re
213 738 720 786 ctum, vnde non potuerunt dissolue
216 781 716 827 re quaestionem dictam in dissolutione
214 814 718 865 generationis, neque: potuerunt redde
215 855 727 910 re causam, propter quam generabilia sunt
220 900 720 948 multa, materia autem sit vnum, & agens
223 935 713 978 similiter &, cum omnia ista fuerint declara
227 980 710 1018 ta ab eo, dixit quod causae sunt tres, &c
224 1020 718 1058 D.d. quod forma non generatur, neque ma¬
222 1053 723 1107 teria, sed illud, quod tonoregatur ex
227 1083 723 1130 eis. Omne enim transmutabile ab ali¬
217 1133 715 1184 quo, & ad aliquid, & ex aliquo trans
224 1172 722 1222 mutatur. illud autem, a quo transmu¬
223 1211 717 1250 tatur est motor: & illud, ex quo trans¬
203 1253 720 1297 mutatur, est materia: & illud, ad quod
203 1292 716 1344 transmutatur est forma. *Siigitur for¬
216 1328 724 1381 ma generaretur, esset composita ex
227 1370 723 1410 materia & forma, quia transmutare
224 1412 716 1451 tur ab aliquo, & ex aliquo, & ad ali¬
222 1453 719 1491 quid: & forma tunc haberet formam
216 1491 715 1537 & continget sic in ista vt haberet es
224 1525 719 1575 sentiam: & sic in infinitum. forma igi
222 1568 725 1610 tur, in eo quod est forma, non generatur.
220 1605 715 1656 Et sic est de materia, si esset genera,
221 1645 725 1695 ta, esset composita. & sic inuenirentr
228 1693 719 1734 ex parte materiae species infinitae in
220 1723 718 1781 composito, aut generatio esset ex ni
219 1762 708 1805 hilo. & hoc est declaratum in tractati
226 1801 725 1842 bus praecedentibus istius scientiae. D.d. &
220 1840 718 1890 processus erit in infinitum. i. for¬
749 148 1259 205 mae & materiae. id est quod, si fuerint genera
750 190 1252 234 biles, continget vt in eodem sint for¬
752 229 1254 271 mae & materiae infinitae. D.d. si cu¬
745 270 1257 320 prum tantum non fuerit rotundum. i. neces¬
753 309 1253 347 se est vt formae & materiae sint infi¬
753 345 1257 403 nitae, si posuerimus, quod generatum non
747 389 1259 438 est compositum tantenm, sed etiam forma & ma¬
753 427 1259 480 teria. v. g. quod generatum non est cu¬
753 469 1251 514 prum rotundum, sed rotunditas & cu¬
750 504 1248 556 prum. quam, si ita fuerit, continget vt ar
751 541 1257 586 te rotunditatem sit rotunditas, & reci
756 589 1257 637 piens rotunditatem, & similiter cuprum
746 621 1261 674 indiget recipiente & forma. Et hoc,
757 662 1265 715 quod dixit, non est impossibile in compo¬
749 701 1259 753 sitis materijs, vt in cupro: sed est im¬
752 744 1255 789 possibile in prima materia, & in simpli¬
752 780 1250 818 cibus formis, & accepit cuprum rotum¬
750 819 1256 868 dum loco. compositi, & cuprum loco ma¬
757 858 1258 899 teriae, & rotundum loco formae. D.d.
751 896 1263 938 sed rotundum est & cuprum necesse est
750 934 1258 983 vt praecedant. i. sed forma & materia ne
756 975 1258 1027 cesse est vt praecedant compositum, aut in
755 1013 1269 1057 tendit, sed si posuerimus formam esse
758 1053 1262 1106 generabilem, & materiam esse generabilem
752 1093 1258 1138 sicut est compositum ex eis, necesse est
754 1133 1262 1184 vt praecedant eas forma & materia.
758 1171 1261 1228 ver. gr, quod, si rotundum fuerit gene¬
748 1213 1261 1262 rabile, necesse est vt sit compositum
760 1252 1060 1298 ex rotundo & cupro¬
795 1293 1259 1346 Deinde quod quaelibet substan¬
751 1333 1291 1378 tia ab vniuoco fit. Quae enim na E
749 1379 1263 1426 tura, substantiae sunt, & alia, aut
757 1421 1259 1474 enim natura, aut arte, aut fortu¬
748 1460 1258 1514 na, aut casu fiunt. Ars igitur prin¬
755 1505 1257 1554 cipium in alio, natura vero prin
751 1549 1261 1602 cipium in ipso. homo nanque ho¬
757 1596 1261 1634 minem generat. caeterae vero cau¬
749 1637 1203 1681 sae priuationes horum sunt.
803 1684 1257 1754 Et post ista, quia vnaquaeque, sub
757 1740 1259 1795 stantiarum sit ex eo, quod est con¬
750 1789 1262 1834 uentens ei in natura. naturalia. enim
755 1837 1257 1899 sunt substantiae, et illa alia residua,
