1475 2066
215 156 726 203 sunt ex convenientibus. sed vtre mihi
231 197 717 251 quod intendebat per alia residua, alia ac
224 238 723 291 cidentia praeter substantiam. & ideo po
230 277 725 322 suit inter ea, quae fiunt accidentaliter.
228 324 728 371 Et secundum hoc substantiae, quae fiunt ex pu
230 356 729 402 trefactione, collocantur in eis, quae fiunt,
227 398 722 448 ex conuenientibus, non in eis, quae
226 436 725 482 fiunt ex casu. Ea enim quae fiunt ex casu,
232 477 727 526 non habent ordinem, neque sunt spe
232 517 726 554 cies intentae a natura. istae autem viden
231 553 717 594 tur esse species a natura, sed tantum dimi¬
231 597 725 642 nuuntur a speciebus generatis a patre &
232 631 731 682 matre. Et plura eorum fiunt in tempori¬
227 672 730 727 bus determinatis, nihil est igitur in istis
231 706 730 762 dicere quod fiunt casu. Hoc autem quod
231 748 721 802 dicit quod Aristo. dicit ista in Physicis
232 787 725 826 errauit per obliuionem. & forte dicit
228 829 729 866 ea in tractatu secundo. & iste tracta
230 867 721 914 tus est diminutus in quibusdam lo¬
228 905 725 946 cis, secundum quod peruenit ad nos. Et, cum
224 942 717 994 diximus quod illud, quod generatur ex putre
220 980 724 1026 factione, generatur ex conveniente, non
232 1021 716 1073 volumus dicere quod generatur ex calore
223 1057 717 1099 innato tantum, sicut dicit Alex. secundum alte
224 1096 733 1146 ram suarum expositionum: sed est dice
220 1141 729 1178 re, quod putre factio, ex qua generatur,
222 1175 706 1226 est sicut semen in animalibus generantibus
224 1213 727 1264 scilicet quia sicut in seminibus est virtus ge
220 1252 724 1298 neratiua specie habentis illud semen, quo
232 1294 723 1330 Arist. assimilauit artificio: ita virtus,
233 1330 731 1382 qua est in putrefactione propria alicu
229 1366 729 1410 ius animalis, est similis artificio, quod est
224 1406 720 1460 in semine. & cum ea, quae fiunt ex arti¬
226 1444 720 1483 ficio, fiunt ex conueniente, necesse
224 1484 724 1532 est vt ea, quae fiunt ex virtute, quae est
220 1524 730 1562 in putrefactione propria alicuius anima
229 1561 727 1602 lis, fiant a conueniente. Et nulla dif
230 1600 723 1642 ferentia est inter virtutem, quae est in
234 1637 718 1687 putrefactione, quae assimilatur artifi¬
232 1677 727 1731 cio, & eam, quae est in semine. sed ea.
228 1714 725 1763 quae est in semine, fuit ex habente se
227 1756 723 1803 men & Solem: illa autem, quae est ex putre¬
220 1797 724 1834 factione, a Sole tantum: & ideo dicit Ari
224 1836 727 1891 stot, quod homo generatur ab homine
755 157 1279 215 & Sole. Et ideo nullo modo indige¬
756 198 1248 251 mus ponere formas, quas existima¬
758 235 1260 282 uit Themistius ponere ex necessita
759 279 1254 322 te in animalibus, quae fiunt ex putre factione.
793 340 1261 394 Substantiae vero tres. quaedam
748 382 1257 434 materia, quae quod quid est: eo
755 429 1259 479 ipso quod apparet, quaecunque enim ta¬
760 473 1251 522 ctu non coadhaerentia sunt, ma¬
756 508 1262 563 teria & subiectum sunt. Quaedam
758 553 1260 594 vero natura, & quod quid, & qui¬
762 597 1257 642 dam habitus ad quem. Tertia item,
754 637 1257 690 quae ex his, quae singularis est: vt
758 677 1257 723 Socrates, aut Callias. In quibus
756 721 1257 764 igitur quod quid non est praeter com¬
756 760 1248 812 positam substantiam (vt domus
759 805 1258 851 forma non nisi ab ipsa arte) nec
752 846 1253 888 est generatio aut corruptio eo¬
755 888 1259 938 rum: verum alio modo sunt, &
754 933 1263 982 non sunt, tum domus quae absque
756 973 1252 1018 materia, tum sanitas, & omne
761 1012 1259 1058 quod secundum artem est. sed siquidem
761 1055 1243 1099 sunt, in his sunt, quae natura fiunt.
810 1101 1250 1162 Substantiae autem sunt tres
752 1149 1256 1202 Vna autem est materia, & est hoc,
761 1205 1255 1258 secundum quod videtur. quoniam,
755 1244 1263 1306 quod est secundum contactum, non
756 1296 1256 1354 secundum ordinem, est materia et
759 1349 1252 1393 subiectum. Et quaedam nat ura est
754 1389 1262 1450 hoc, ad quod est aliquis habitus in
757 1436 1265 1498 esse. Et etiam est vertia, quae est
762 1485 1254 1552 vniuscuiusque, vt Socratis, & cal¬
761 1533 1253 1597 liae. Quoniam in qualibet re inten¬
755 1581 1261 1642 tio huius rei non est aliud a substan
761 1629 1261 1690 tia composita: vt forma domus, ni
752 1676 1262 1742 si ars esset. non esset etiam genera
754 1725 1261 1786 tio & corruptio istorum, nisi alio
758 1773 1265 1834 modo sint entia, & non entia, do¬
757 1825 1251 1874 mus sine materia, & sanitas. &
