1475 2066
209 117 708 170 tum erat, verum etiam vt sapientem,
210 158 715 210 & caeteris praestantem (vt verisi
212 201 715 250 mile est) homines admirabantur. Cum
210 254 713 299 autem plures artes inuenirent, qua
205 285 717 330 rum aliae ad necessaria, aliae ad
212 333 719 379 degendum essent, semper tales sapien
208 372 710 424 tiores illis esse putamus, quod eorum
212 412 717 459 scientiae non ad vtilitatem essent.
213 452 713 505 Quo fit, vt huiusmodi iam omnibus in¬
206 497 710 538 stitutis, illae sapientiarum, quae
208 541 708 590 neque ad degendum voluptarie,
213 580 709 632 neque ad necessaria conducunt,
209 620 715 679 inuentae sint: & in illis locis pri¬
208 660 711 706 mo, vbi vacabant, quare circa
211 708 711 759 Aegyptum Mathematicae artes
210 749 716 793 constitutae sunt, illic enim gens sacer
217 789 715 842 dotum vacare permissa est. Di¬
207 829 707 874 ctum autem in Moralibus est,
204 872 715 914 quaenam sit artis & scientiae dif
212 917 720 962 ferentia, ac caeterorum, quae eiusdem
219 956 717 1010 generis sunt. Cuius autem gratia
207 997 710 1042 nunc sermonem facimus, illud est
206 1042 713 1082 quod appellatam Sapientiam cir¬
213 1084 711 1131 ca primas causas, & principia
210 1132 717 1178 omnes arbitrantur versari. Quare, vt
213 1165 713 1218 dictum est prius, expertus qui¬
208 1206 713 1250 dem sensum quencunque haben
205 1250 709 1298 tibus sapientior esse Videtur: ar
215 1293 712 1338 tifex Vero expertis, architectus
209 1337 717 1378 etiam manibus laborante: specu
204 1374 719 1426 latiui autem factiuis. Quod igitur
209 1421 714 1466 sapientia circa aliquas causas, et
208 1467 641 1514 principia scientia sit, patet.
200 1538 716 1594 Quae sit Sapientiae natura: & quae sit in
240 1579 669 1634 hoc methodo intentio. Cap. 2
328 1654 720 1706 Voniam autem hanc scien
329 1701 720 1754 tiam quaerimus, hoc vti
392 1745 717 1795 que fuerit consyde¬
195 1788 717 1843 randum circa quales causas, &
750 117 1257 167 qualia principia sclentia sapientia
740 165 1253 216 est. Si itaque repetat quisquam quas
746 200 1249 257 de sapiente opiniones habemus
744 245 1238 300 fortassis ex hoc magis appa¬
738 285 1250 338 reat. Primo igitur opinamur sapie
742 328 1268 380 tem maxime omnia, vt possibile est sci¬
744 373 1258 424 re, non habentem singulariter eo
744 412 1259 466 rum scientiam. Deinde illum, qui
742 451 1261 498 difficiliora, neque scitu facilia homini
740 498 1253 538 cognoscere possit, sapientem exi¬
748 538 1257 578 stimamus, sentire enim omnibus commune
740 579 1249 632 est. quamobrem facile, & neuti¬
744 621 1249 677 quam sapi es est. Item illum, qui cer
748 669 1258 706 tior, ac magis docere valens cau
741 708 1259 746 sas reddat, sapientem in omni scien
746 744 1246 798 tia esse. Scientiarum quoque illam
747 788 1253 834 quae gratia suijpsius, & propter ipsum
741 837 1253 873 scire, quam illam, quae aliorum gra¬
747 872 1253 914 tia eligenda sit, magis sapientiam
754 921 1250 968 esse. Et principaliorem, quam ei sub
748 956 1248 1002 ministrantem, potius sapientiam
744 1004 1261 1050 esse non enim vt sapienti praecipia
750 1047 1256 1083 tur, sed vt ille praecipiat: nec vt
740 1085 1252 1123 ille ab altero, sed vt ab eo minus
743 1124 1255 1179 sapienti suadeatur decet. Opinio¬
746 1168 1248 1219 nes itaque tales, ac tot de sapientia,
744 1209 1252 1250 & sapientibus habemus. Horum
747 1252 1256 1307 autem hoc quidem, omnia inquam sci
740 1293 1246 1341 re, illi, qui maxime vniuersalem scientiam
744 1332 1256 1379 habeat, necesse est inesse, hic. enim
745 1381 1253 1419 quodam modo omnia subiecta
750 1412 1240 1459 scit. Fere autem & difficillima
740 1462 1245 1507 hominibus cognitu sunt ea, qui
742 1505 1248 1550 maxime yniuersalia sunt, siqui¬
750 1538 1249 1578 dem remotissima sunt 8. sensibus,
742 1576 1243 1626 scientiarum autem illae certio
740 1619 1260 1666 res sunt, quae maxime primorum
743 1668 1249 1706 sunt, nam quae sunt, ex paucio¬
748 1709 1250 1754 ribus certiores ijs sunt, quae
744 1753 1250 1794 ex additione dicuntur: Vt A¬
744 1788 1253 1835 rithmetica quam Geometria.
