1475 2066
184 140 713 202 omne, quod est secundum artem, aut
196 189 708 245 alio modo, aut non, nisi quae sunt se
196 243 474 290 cundum naturam.
245 300 704 350 Cum dixit principia substantiae,
199 338 696 378 sensibilis, quorum principia sunt sub¬
197 380 705 431 stantiae, intendit dicere in hoc capi
201 416 703 459 tulo quot sunt substantiae. & ipse fa¬
199 457 701 498 cit rememorationem de eo, quod de¬
200 497 699 538 claratum est in tractatibus substan¬
194 535 696 578 tiae, & in scientia Naturali, & decla¬
198 575 696 618 rat, quod sunt tres, materia, & forma, &
198 614 687 658 illud, quod ex eis congregatur: vt ve
200 659 698 706 niat ex hoc ad cognoscendum primam
198 693 690 742 formam, & primum finem. D. Ale
196 733 703 786 ran. & primo Arist. dicit de materia
198 773 692 810 hunc sermonem. Vna autem est mate
196 813 703 850 ria, & est hoc, secundum quod vt. Etiam in¬
200 849 705 890 hoc sermone est difficultas. & inten
197 888 695 931 tio est, quod substantiae sunt tres. Vna
203 929 690 977 igitur earum est materia. & hoc est
196 967 702 1018 quando recipit formam, & adunatur, quia
203 1009 701 1047 tunc est cum forma. forma enim est in
196 1049 699 1090 actu, & vt illic: illa autem per se non vl
196 1084 703 1138 detur. D. aut erit intentio sic, & est quia
198 1124 695 1178 materia est hoc secundum quod videtur, quoniam
200 1165 702 1214 materia per se & in rei veritate non est
198 1205 685 1253 hoc, sed reputatur esse hoc: quoniam in quo
194 1243 695 1283 libet inuenitur materia. & haec sunt
198 1284 705 1333 quae sunt subiecti. Intentio autem pri
196 1325 695 1362 mae expositionis Alex. est, quia ma¬
192 1361 698 1402 teria est illa, quae videtur, aut sentitur
193 1399 692 1449 propter formam, & deberet dicere, quod ma
199 1440 697 1490 teria est illa, quae vt, secundum quod est hoc,
192 1480 700 1522 loco eius quod dicit, quod est hoc, secundum
194 1519 689 1568 quod vt. Intentio vero secundae ex
202 1557 700 1603 positionis est, quod materia est hoc in
198 1598 699 1649 sensu. i. quod sensus non compraehendit
194 1644 695 1686 differentiam inter ipsam, & hoc secundum
188 1677 692 1730 intellectum. & ideo Antiqui repu¬
190 1712 693 1755 tauerunt substantias rerum esse ma
194 1753 695 1802 terias earum, & quod formae non sunt
198 1792 697 1834 substantiae. formae enim sunt insen
191 1836 698 1891 sibiles, sed intelligibiles. & habet ter
734 140 1240 183 tiam & quartam expositionem, quas
732 181 1234 233 nos post dicemus. D. Alex. & hoc,
733 222 1237 267 quod dicit post, quoniam, illud, quod
732 261 1230 298 est secundum contactum, & non est secundum or¬
735 299 1241 345 dinem, est materia & subiectum, ad
733 338 1235 379 didit ipsum ei, quod dicit: & est secundum
735 379 1235 431 quod videtur, inquantum demon¬
728 418 1217 458 strat, quod materia videtur hoc in rebus
730 457 1235 497 in quibus existit, cum fuerint con¬
734 496 1235 553 tingentes se adinuicem, & adhuc non
733 541 1243 578 ordinatae, aut compositae, sicut est res
737 575 1241 628 generata, & est illud, quod compo¬
736 612 1231 658 nitur ex eis. ista enim reputatur esse
730 653 1232 705 materia eius, quod fit ex ea, secundum quod
730 691 1235 746 est hoc, non enim contingerent se
734 733 1233 771 adinuicem, nisi essent hoc in actu,
732 773 1234 810 & secundum hunc modum lapides & late¬
734 814 1238 865 res sunt materia domus, & ligna &
734 849 1236 890 tabulae sunt materia nauis. Sed for¬
734 890 1224 931 te intendebat, cum dicit: & est hoc
733 928 1229 970 secundum quod videtur, demonstrare
728 967 1231 1018 quod materia, quae videtur est hoc. ma
734 1008 1231 1051 teria autem quae videtur, est materia
728 1045 1239 1093 propinqua, haec autem est in re. Et
726 1084 1230 1130 forte dicit secundum quod videtur, ad declaram
731 1125 1236 1170 dum materiae naturam. Quod enim di
731 1172 1237 1210 cit de ea in alio loco, quod ipsa materia
725 1203 1237 1255 est cognita secundum similitudinem, con¬
732 1245 1230 1289 uenit huic, quod dicit modo, secundum quod
732 1285 1236 1334 videtur. ibimus enim ad intelligen
734 1324 1232 1362 dum naturam eius ex rebus, quae vt
737 1360 1235 1410 dentur. & forte hoc est illud, quod de¬
735 1399 1240 1442 clarauit per exemplum, cum dicit:
725 1438 1225 1483 quoniam illud, quod est secundum conta
728 1478 1241 1522 ctum, non secundum ordinem, est materia
732 1517 1234 1562 & subiectum. quoniam, si in rebus,
731 1557 1243 1608 quae videntur, scilicet compositis, fuerit
730 1604 1240 1643 aliquid non secundum ordinem, vt
727 1637 1231 1674 in domo materia videtur vicina rei
732 1673 1235 1727 bus, ex quibus fit domus: lapides
729 1713 1237 1754 enim & lateres habent talem dispo¬
733 1754 1237 1805 sitionem & proportionem, sicut ma¬
726 1792 1242 1835 teria habet in aliis rebus. & forte di¬
730 1831 1234 1874 cit hoc in loco eius, quod diceret,
