1475 2066
216 173 736 244 Et causae mouentes sunt, quia
235 229 740 284 praecedunt tantum. ea aut, quae sunt,
244 275 734 322 vniuersaliter, sunt insimul. si enim
229 323 734 386 homo est sanus, tunc sanitas, & homo
231 369 733 434 sunt insimul. & sigura sphaerae cu¬
230 420 738 482 preae, et sphaera cupri sunt insimul.
268 493 734 545 Cum declarauit causas esse duas.
233 536 735 578 materiam scilicet & formam, vult distin¬
226 581 736 626 guere inter eas, & causam mouentem,
229 612 741 666 & agentem, dicendo, quod causa agens difi
229 657 730 698 fert a forma, quia agens & mouen
228 693 733 743 praecedit illud, quod agitur & mouetur
230 733 732 770 ab eo. formalis autem & materialis est
230 780 740 822 cun generatione. Et hoc intendebat
233 808 733 861 cum dicit: ea autem quae sunt vniversaliter sunt
232 849 733 891 insimul. causae autem, per quas res fit
225 888 735 939 ens, & vnum, sunt cum eo, quod per ip¬
225 927 729 979 sas fit totum insimul, cum talem dispo¬
224 964 739 1021 sitionem habeant in congregato, si¬
229 1006 729 1050 cut partes in toto. D. dedit exem,
230 1046 724 1090 plum, & dicit: si enim homo est sa
235 1092 727 1137 nus, &c. i. quod sanitas non praecedit ho¬
231 1125 733 1162 minem sanum, cum sanitas in sano
232 1164 739 1214 est quasi forma. sanus autem necesse est
230 1204 738 1250 vt praecedat sanitatem, & similiter igura
233 1241 733 1290 sphaerae, quae est quasi forma sphaerae
231 1282 573 1331 non praecedat sphaeram
270 1341 730 1395 Si autem aliquid posterius per
226 1381 731 1441 manet, consyderandum est. in
226 1426 729 1474 quibusdam enim nihil prohibet
226 1476 733 1514 veluti si anima tale sit, non om¬
221 1512 739 1562 nis, sed intellectus, omnem nanque
222 1549 615 1603 fortassis impossibile est.
272 1612 725 1675 Si aute aliquid remanet in po
224 1661 741 1722 stremo, quaerendum est de hoc. in
221 1709 741 1770 quibusdam enim non est impossibile.
235 1757 733 1826 verbi gratia, si anima est talis di¬
217 1809 738 1867 spositionis, non tota, sed intellectus,
222 1854 645 1923 tota enim forte impossibile.
808 173 1291 226 Dicit Alex. quaetendum est, si ali
770 219 1258 266 qua istarum formarum remanet posten
770 254 1265 298 compositum corrumpitur, deinde nar¬
767 294 1275 348 rauit vnde veniat ad hanc quaestio¬
771 340 1269 379 nem. quoniam, quia anima hominis est for¬
764 372 1276 418 ma eius, & intellectus est aliqua for¬
764 414 1273 463 ma, & virtus animae remanet postquam
769 453 1270 506 homo corrumpitur possibile est vt ali¬
767 493 1269 539 qua fora materialis remaneat, postque
769 533 1269 571 compositum corrumpitur, sed non tota
765 580 1271 618 anima remanet. Quaedam enim virtu
766 611 1270 650 tes animae non habent esse nisi cum mant
772 647 1271 690 vt cibabilis, & sensibilis, & imasina
766 678 1270 730 tiua, & desyderatiua. Neque est isse in
773 726 1275 771 tellectus, qui est virtus animae, & existi¬
764 766 1273 810 matur, quod est pars eius, possibile est vt re
770 805 1274 850 maneat. Intellectus enim quem dicit
760 845 1269 896 in lib. de aienima, scilicet quod remanet scilicet intelle¬
766 885 1277 926 ctus adeptus, non est intellectus iste,
768 925 1273 971 neque est est pars animae, neque est etiam
766 959 1278 1003 forma materialis, vt declaratum est
768 998 1275 1054 illic. Et d. forte, quia demonstratio super
771 1039 1269 1082 hoc non est istius artis, sed libri de
775 1080 1277 1122 Anima. Et hoc, quod dicit Alex.
765 1118 1264 1169 est sua opinio de intellectum scilicet quod nul
766 1158 1273 1199 lus intellectus remanet nisi adeptus
767 1199 1278 1242 intellectus. Intellectus autem in habitu,
770 1236 1272 1287 & materialis corrumpitur apud ipsum,
768 1272 1272 1314 & hunc intellectum intendebat, cum
769 1314 1275 1363 dicit: neque est iste intellectus, qui est
775 1364 1275 1402 virtus animae, & reputatur etiam esse pars
766 1392 1259 1434 eius. possibile est vt remaneat. & ideo qua
772 1438 1271 1483 quod intellectus, quem dicit in lib. de Anima
766 1471 1275 1514 remanere, scilicet adeptus, non est iste, scilicet
772 1514 1274 1562 qui est habitus animae, nques pars eius.
783 1550 1273 1594 Sed non est talis sententia Theophra
763 1596 1277 1642 sti, neque aliorum Peripatetieorum, neque
771 1629 1277 1681 Themistij: sed reputabant plures eo¬
764 1677 1282 1720 rum, quod intells materialis remanet,
769 1708 1282 1760 & quod intelligentia agens abstracta, est
766 1749 1270 1799 quasi forma in intellectu materiali¬
768 1796 1282 1827 vt compositum ex mam & forma: &
764 1830 1278 1874 quod ipsa creat intellecta vno modo, &
765 1864 1275 1922 recipit ea alio modo. agit enim eas
