1475 2066
213 156 728 206 Vespae enim videntur fieri ex corpori¬
220 197 733 243 bus equorum mortuorum, & apes ex
224 233 723 277 corporibus vaccarum mortuarum,
230 277 730 323 & ranae ex putre factione aquae, & mu
227 314 729 354 sciliones ex vino corrupto. natura
226 352 722 395 enim non facit ista ex similibus in for¬
231 389 725 438 ma. & nos bene scimus, quod in sper¬
226 436 727 478 mate cuius libet animalis & planta
228 469 733 519 sunt proportiones propriae, & rationes
233 504 733 561 quibus, ea quae generantur ex eis sunt
230 550 734 593 animalia propria, aut plantae propriae:
233 584 720 638 ita quod ex spermate hominis non sit equus
226 627 733 666 neque eoui homo: neque ex semine ali¬
232 662 729 714 cuius plantae alia planta, neque sunt re
224 701 729 754 spondentia istis proportionibus in
228 741 735 795 eis, ex quibus generantur ista animalia, ni
221 780 726 830 si in natura fuerint positae prius, pro¬
230 822 722 871 portiones habiles ad faciendum quam
233 869 727 912 cunque specien possibilem in speciebus
228 908 737 938 animalis, cum inuenerint naturam
230 938 737 978 conuenientem, vt aliquod animal fiat
226 977 732 1030 ex ea. D. & non decipiat te vilitas
224 1017 728 1070 animalium talium. & cogita quod maius
226 1053 731 1107 mirum est de scientia operantis aliquid
234 1093 736 1138 de luto, quam de scientia eius in faciendo ali¬
226 1133 717 1189 quid ex auro. &, si tu bene consyde
226 1173 729 1211 raueris de animalibus maioribus istis,
223 1213 729 1265 inuenies, quod processus naturae in eis
231 1252 726 1306 est talis processus. Necesse enim est vt
226 1301 734 1340 proportiones & formae eius sint in
232 1340 728 1385 nam, secundum quas facit id, quod facit. Hom enim
222 1373 726 1424 quamuis generetur ab homine, tamen pa¬
228 1412 723 1450 ter nihil facit in compositione eius
228 1447 725 1492 quia est impossibile vt sit melior: sec
232 1487 726 1530 oportet vt sit talis disponis per illud
234 1526 735 1582 quod positum est in natura cuiuslibet
226 1573 733 1610 substantiarum ex proportionibus &
235 1607 731 1657 formis. Ars autem nihil facit in corpo¬
230 1649 728 1690 re, nisi in extremitatibus tantum: natu¬
233 1686 727 1731 ra vero in ipso corpore toto. & non
228 1727 720 1779 est mirum, quamuis natura non in
230 1765 727 1819 telligat aliquid de huiusmodi, & tamen facit
232 1805 724 1856 hoc inducendo aliquam intentio¬
230 1844 729 1899 nem. & hoc demonstrat quod aliquid
764 157 1284 209 rememorat ipsam de causis nobi¬
765 197 1269 234 lioribus, vt anima, quae est in terra:
768 233 1271 274 de quo Plato dicit, quod fit ex Diis secun
767 272 1263 314 dis, & Arist. ex Sole & orbe decliui.
761 309 1265 363 & ideo facit illud, quod facit, inducen¬
765 351 1273 395 do se paulatim ad intentionem, qua
756 388 1263 442 agitur, & ipsa non intelligit inten¬
761 429 1269 474 tionem: sicut videmus homines lo¬
767 468 1269 508 quentes futura, & nihil intelligunt
764 509 1273 546 de eo, quod dicunt. & vniversaliter necesse
767 548 1271 591 est vt in natura sint proportiones, &
757 584 1267 638 formae, cum in generatione rei in¬
767 623 1269 667 digeatur suo simili. sed omnia, quae gene
760 662 1272 706 rantur, non habent simile, ex quo
762 701 1273 756 generantur: sed cum indiguerimus ali¬
764 739 1284 786 qua forma, tunc aliqua actio est, &,
763 781 1273 834 sciemus, quod non fit per ipsam solam: &
759 820 1264 873 sic fiet ipsa forma, quasi esset latens
756 861 1269 910 in aliqua re. & in rei veritate latet in
765 897 1265 951 natura generante, haec igitur sunt ver¬
763 939 1265 979 ba Themistij. Et apparet, quod iste non
760 977 1257 1018 intelligit quomodo sit generatio, & quic
766 1018 1263 1069 est dicere, quod generatum sit a conue
762 1055 1265 1099 nienti in definitione & substantia.
762 1095 1270 1148 Cum enim intellexit, quod generatum fit
762 1134 1258 1178 de nouo a convenienti, in quod creat for¬
764 1172 1259 1224 mam eius, & ponit eam in materia, quae
765 1212 1269 1258 si esset aliud in mat eria, fuit necesse
756 1260 1269 1302 apud ipsum, vtin rebus nalibus sint
756 1293 1257 1344 formae creantes animalia, & plantas
757 1331 1255 1384 & generata ex putrefactione, scilicet for¬
763 1373 1256 1418 mae dantes animato creationem, & li¬
757 1416 1270 1463 neationem, & animam. Et contingit
757 1453 1263 1503 in istis formis, si agens fuerit conve¬
758 1488 1262 1534 niens, vt sint animae, aut abstractae, aut
759 1530 1269 1572 non abstractae. sed, si animae fuerit non
759 1566 1271 1610 abstractae, & fuerint in instrumentis
761 1613 1259 1660 propriis (& in istis formis generan
761 1646 1267 1690 tibus formas animalium generatorum
759 1693 1261 1737 ex putrefactione non apparet) neque
760 1724 1267 1765 subiecta propria sunt abstracta, aut
759 1767 1265 1818 aliquis dicet, quod sint non abstractae, & non
760 1804 1258 1856 habent de instrumentis, nisi princi¬
756 1844 1266 1899 pium scilicet calorem animalem. & si istae
