1475 2066
190 156 715 209 scilicet quod necessarium est in generatione sub¬
196 196 718 252 iectum esse, & quod generatum non fit
205 237 711 288 nisi ab eo, quod est sui generis in for¬
210 277 718 327 ma. Vna autem istarum opinionum
212 317 716 363 est, quod agens creat formam, & ponit
206 357 716 407 eam in materia. Et istorum quidam
204 394 717 447 dicunt, quod illud agens non est in ma
211 429 707 487 teria omnino, & vocant ipsum da¬
204 470 705 514 torem formarum: & Auic. est de il
200 509 717 565 lis. Quidam dicunt, quod illud agens
202 549 715 587 inuenitur duobus modis, aut abstra
207 588 712 634 ctum a materia, aut non illud autem,
206 627 711 678 quod est non abstractum apud eos,
208 669 715 719 est sicut ignis: qui facit ignem, & ho
200 707 716 760 mo generat hominem. Abstractum
204 748 711 799 vero est illud, quod generat anima¬
205 781 717 837 lia & plantas, quae fiunt non a simi¬
210 821 711 866 li. Et naec est sententia Themistij, &
204 862 711 918 forte Alpharabis, secundum quod apparet ex
203 901 715 946 suis verbis in duabus philosophiis:
204 940 713 993 quamuis dubitet in ponendo hoc
208 981 709 1032 agens in animalibus generatis a pa
214 1022 711 1073 tre & matre. Tertia autem est opinio
210 1062 716 1114 Arist. & est, quod agens non facit nisi
208 1098 713 1138 compositum ex materia & forma.
204 1140 709 1186 & hoc fit mouendo materiam, & tras¬
211 1177 712 1219 mutando eam, donec exeat de ea i
209 1213 713 1268 lud, quod est de potentia in ea, ad il¬
212 1254 709 1299 lam formam in actu. Et in ista opi¬
208 1293 711 1343 nione est quaedam similitudo dicen
190 1333 709 1378 tis, quod agens non agit nisi ordinando
209 1372 711 1425 segregata, & est sententia Empedo¬
212 1409 710 1452 clis. & nos dimisimus hanc snimam
204 1447 716 1500 de agente, cum dicimus sententias
215 1486 714 1538 hominum. sed agens apud Aristo.
213 1528 716 1571 non est congregans inter duo in rei
208 1564 714 1610 veritate, sed extrahens illud, quod est
214 1605 706 1654 in potentia ad actum, & quasi con¬
214 1651 708 1695 gregat inter potentiam & actum scilicet in
218 1692 707 1722 ter materiam & formam, secundum quod extra
214 1723 717 1773 hit potentiam ad actum, non destruen
213 1765 708 1812 do subiectum recipiens potentiam: &
214 1797 712 1843 tunc efficiuntur in composito duo, scilicet
214 1836 706 1882 materia & forma. Et etiam assimila¬
750 157 1271 214 tur creationi, inquantum illud, quod
749 203 1257 243 est in potentia, sit in actu: sed dif¬
752 237 1265 282 fert a creatione, qui a non conuenit
752 284 1258 323 per formam ex non forma. & simili¬
751 323 1255 362 ter assimilatur latitationi aliquantu¬
742 357 1264 395 lum. & omnes dicentes creationem, aut
745 395 1257 444 latentiam, aut congregationem &
749 427 1263 475 segregationem, hoc intendebant, & non
749 469 1249 522 potuerunt pertingere ad illud. In¬
750 517 1259 557 tentio igitur sermonis Arist. quod con
744 557 1256 586 ueniens fit a conveniente, aut prope
740 588 1257 634 conuenientem, non est quod conueniens
741 626 1255 675 agit per se & per suam formam, for¬
751 661 1247 707 mam sibi conuenientis: sed est dicere
751 702 1254 755 quod extrahit formam sibi conuenien
745 744 1249 786 tis ex potentia in actum, & non est
744 780 1247 837 agens, quia adducit in illam mate¬
748 828 1249 866 riam aliquid extrinsecun. Et sic est in
751 861 1251 898 hoc de substantia, sicut in aliis acci¬
746 900 1258 945 dentibus. calidum enim non inducit in
744 944 1247 978 corpus calidum calorem extrinsecumn
744 980 1249 1018 sed facit calidum in potentia esse ca
740 1019 1239 1071 lidum in actu. Et sic est de magni¬
742 1061 1238 1112 tudine consequente generationem,
745 1099 1247 1149 scilicet quod magnitudo, cum fuerit transmu¬
746 1141 1247 1188 tata apud generationem ex quanti¬
749 1173 1249 1219 tate in quantitatem aliam non trans¬
747 1213 1247 1265 mutabitur ex quantitare aduenien¬
746 1252 1246 1293 te ex extrinseco. Et similiter. motus
742 1293 1232 1331 localis non est veniens ab extrinse
745 1331 1241 1371 co a motore. & ideo non est neces¬
742 1373 1245 1424 se, vt agens omnino sit conueniens
745 1411 1247 1461 secundum omnes modos. Generans igitur
743 1447 1237 1498 animam non est dicere, quod ponit ani¬
740 1486 1238 1530 mam in materia, sed quod extrahit illud,
745 1526 1233 1573 quod est anima potentia, ad esse ani
747 1565 1234 1618 mam in actu. Vnde ignis generatur a
739 1605 1241 1655 motu, sicut ab igne. Et intentio, pro¬
736 1642 1239 1694 portionum & formarum existentium
742 1679 1243 1730 in generantibus animalia est, quia
744 1719 1239 1762 extrahunt proportiones & formas,
742 1759 1239 1811 quae sunt in materia ex potentia in
732 1798 1242 1850 actum: & omne extrahens aliquid ex
740 1838 1243 1890 potentia in actum, necesse est vt in
