1475 2066
209 141 728 195 ta, atque principia sunt, alia ve¬
218 197 728 235 ro aliorum. Omnium vero ita
222 229 714 282 quidem dicere non est, sed ana
221 268 709 315 logice. quemadmodum si quis dicat,
224 322 720 368 quod principia sunt tria. forma, pri¬
221 357 710 402 uatio, & materia. verum vnum
220 396 721 450 quodque horum circa vnumquid¬
220 444 716 494 que geneus aliud est. vt in colori
229 485 710 539 bus album, nigrum, superficies
216 526 717 571 lumen, tenebrae, aer: ex his ve¬
224 569 482 618 ro dies, & nox.
276 609 718 672 Elementa igitur omnium non
227 657 721 715 sunt eadem. Et sunt, sicut dixi¬
221 708 719 763 mus, eadem vno modo, & alio mo
223 756 719 818 do non sunt, vt elementa corporum¬.
223 804 713 864 quod autem est sicut forma cali¬
223 853 729 904 dum, alio autem modo frioidum
220 901 723 963 priuatio. materia autem illud, quod
220 948 724 1010 est in potentia haec duo, primum
224 997 716 1054 per se. Substantia vero est illa, ex
219 1044 720 1095 quae sunt ex istis, quorum sunt haec
219 1092 724 1158 principia: & si aliquid sit vnum
225 1140 708 1194 ex calido & frigido, vt caro &
223 1188 725 1244 os. quod enim fit, necesse est vt sit
228 1236 720 1283 ddiud ab eis. istorum autem haec
229 1282 723 1343 sunt elementa, & principia, alio¬
218 1332 715 1395 rum autem alia. Quod autem sic
229 1377 707 1426 dicatur de omnibus, non est eis
221 1435 714 1490 sed oportet aequare comparatione,
230 1474 715 1536 vt si aliquis dixerit, quod prin¬
220 1523 710 1577 cipia sunt tria, scilicet forma, pri¬
216 1572 723 1628 uatio, & materia. sed quodlibet
220 1620 710 1675 istorum est diuersum in vnoquod
223 1666 721 1723 generum, in colore album, ni¬¬
218 1707 706 1770 grum, superficies, planities, ob
224 1764 722 1818 scuritas, lumen, aer: & ex istis,
222 1809 451 1859 dies, & nox.
796 141 1258 194 Cum induxit impossibilia contin¬
757 188 1249 236 gentia, si principia decem praedica¬
749 219 1253 266 mentorum fuerint eadem natura, di¬
752 269 1254 306 cit: Elementa igitur omnium non sunt
755 300 1253 354 eadem, i. iam igitur declaratum est,
755 349 1247 387 quod elementa decem praedicam ento¬
750 380 1250 418 rum non sunt eadem, ita quod hoc nomon
748 428 1257 466 ens dicatur de eis vniuoce. Et, cum
752 460 1250 507 declarauit, quod impossibile est quod ele¬
754 498 1244 546 menta eorum sint eadem simplici¬
750 533 1243 580 ter: & etiam fuit manifestum per se:
756 576 1253 632 quod principia eorum non sunt diuer
748 617 1252 659 sa simpliciter, sed quia praedicamenta acci¬
754 652 1253 704 dentium constituuntur per substantiam, &
755 700 1241 738 quoddam eorum antecedit quoddam
750 734 1249 778 dedit tertium modum verum, & est
755 769 1249 819 quia principia eorum sunt eadem
750 811 1240 858 proportionaliter. & dicit: Et sunt
751 847 1249 890 sicut diximus, eadem vno mo, & alio
757 888 1239 928 modo non sunt. i. & cum non sunt ea
751 924 1249 978 dem simpliciter neque diuersa simpli
752 968 1247 1008 citer, necesse eest vt sint eadem vno modo,
755 1004 1254 1055 & diuersa alio. D. dedit exemplum ad
758 1045 1253 1083 declarandum quae elementa sunt substan
755 1084 1245 1132 tiarum. quae dicuntur proportionaliter
755 1124 1247 1162 in omnibus praedicamentis, & d. vt elemon
746 1161 1253 1213 ta corporum &c. i. v. g. quod principia in
751 1199 1253 1242 substantia declaratum est quod sunt tria,
757 1242 1251 1282 duo contraria, & subiectum: vt vnum
747 1277 1238 1316 contrariorum est quasi forma & ha
753 1315 1247 1354 bitus, & aliud quasi priuatio, quae autem
748 1353 1247 1402 est quasi forma, est sicut calor, qui
752 1390 1249 1445 est forma quorundam elementorum scilicet
753 1431 1253 1483 ignis & aeris. illud vero, quod est qua¬
751 1468 1256 1519 si priuatio est sicut frigidum, quid est
750 1508 1248 1557 forma terrae & aquae. subiectum autem
748 1548 1252 1587 est illud, quod est in potentia haec duo
748 1588 1248 1637 contraria, primo & per se. Et Alex¬
750 1626 1231 1667 dicit, quod hic posuit priuationem, alio
752 1663 1236 1716 quo modo sub substantia, cum frigi
755 1700 1235 1752 dum est iliud, quod caret calore, & fri¬
747 1742 1248 1790 giditas in corporibus frigidis facit
744 1781 1244 1830 substantiam eorum. quapropter
742 1817 1246 1858 sunt in eis substantiae econtrario
