1475 2066
193 156 699 202 declarare suum ordinem in veritate
196 197 705 248 & in scientiis speculatiuis, & d. & nos
201 243 707 282 non scimus veritatem absque hoc, quod scientia
208 276 703 314 mus suam causam. i. & qui a nos non sci¬
210 312 711 355 mus rem vera scientia, nisi quando scimus eam
204 349 697 394 cum sua caums, vt dictum est in Posterio
200 397 711 434 ribus: & est manifestum per se, quod vnum
206 436 705 469 quodque principiorum in vnoquoqui
208 468 707 516 genere est proprie causa eorum, quae
207 504 707 548 dicuntur de aliis rebus collocatis in illo
206 548 702 593 genere de dispositionibus, in quibus
211 580 713 626 conveniunt illae res nomine & definitio
209 623 714 673 ne: cum principia in vnoquoque genere
210 660 711 706 sint causae esse eorum generum, & esse
209 696 717 750 omnium, quae dicuntur illorum generum, secundum
210 736 709 788 quod sunt in illis generibus. &, cum ita
212 774 707 823 sit, manifestum est, quod primum in quo
206 808 705 866 libet genere magis est dignum ha
210 841 709 890 bere hoc nomen esse, & eius defini¬
212 891 712 931 tionem, qua ea, quorum est causa secundum illud
208 929 709 976 genus, & omnium definitionum, & in¬
211 966 715 1010 tentionum, quae sunt in omnibus
204 1005 711 1058 rebus, quaesunt in illo genere, secun¬
200 1053 712 1096 dum quod sunt in illo genere. ver¬
208 1082 696 1135 bi gratia. quia ignis est causa in re
208 1120 702 1174 bus calidis, ideo est magis dignus ha¬
206 1161 708 1202 bere hoc nomen calidum, & eius in
205 1199 709 1242 tentionem, qua omnia calida. Et, cum con¬
197 1237 713 1288 clusit hoc, d. Ex quo oportet vt ma¬
207 1285 697 1326 xime verum sit illud, quod est cau
203 1314 703 1358 sa veritatis rerum, quae sunt post, i
203 1355 699 1394 & cum declaratum est quod causa in qui
199 1393 709 1447 libet genere entium est magis digna
197 1432 709 1474 in esse, & in veritate, qua illa, quorum
203 1469 704 1514 est causa in genere illo, manifestum est
208 1508 701 1554 quod si est haec prima causa omnium entium,
204 1549 708 1585 vt declaratum est in scientia natura
207 1588 709 1634 lium, quod illa causa est magis digna, & in
205 1625 711 1666 esse, & in veritate, qua omnia entia, omnia enim
208 1661 698 1714 entia non acquirunt esse & veritat
206 1701 712 1753 nisi ab ista causa. Est igitur ens per se, &
209 1739 705 1779 verum per se: & omnia alia sunt entia, & ve
198 1788 713 1818 ra per esse & veritatem eius. D.d. Et ideo
197 1816 711 1866 necesse est vt principia rerum, quae
734 157 1236 202 sunt semper in fine essendi, & verita:
742 196 1239 251 tis, sint semper. ista enim entia, quia non
736 236 1242 275 sunt in aliquo tempore sine alio, sed sunt,
746 277 1247 314 in omnibus temporibus, ideo causae eorum
736 309 1251 363 non sunt causae eis in aliquo tempore si¬
741 357 1243 402 ne alio, propter quod indigent se inessen
741 389 1244 441 do causas aliis causis. Et innuit per
732 429 1246 466 hoc dispositionem principiorum con
734 475 1240 514 porum coelestium cum corporibus coe
743 504 1239 546 lestibus. & intendebat per hoc notifi¬
741 541 1249 593 care nobilitatem veritatis, in qua con¬
743 581 1239 623 syderat ista vniuersalis ars, quae consy¬
744 621 1246 663 derat de principiis vltimis. D.d. Qua
746 661 1236 710 propter necesse est vt dispositio, &c.
742 702 1237 750 i. quod quanto magis fuerit perfectum in
739 735 1241 779 esse, tanto magis erit perfectum in
744 772 972 819 essendo verum.
744 852 1240 906 in nullo causarum genere dari processum
773 892 1199 938 inunifinitum, neque sursum uersus,
817 932 1154 986 neque deorsum. Cap. 2
856 1019 1233 1075 Tvero quod est principiu
854 1064 1233 1118 aliquod, neque sunt infin
855 1109 1241 1159 tae entium causae, neque in
738 1157 1243 1194 rectum, neque secundum speciem, patet.
740 1189 1245 1233 Nec enim vt ex materia, hoc ex
732 1237 1240 1274 hoc potestire in infinitum. vt car
734 1281 1239 1314 nem ex terra, terram, ex aere, ac
736 1313 1227 1366 rem ex igne, & hoc non stare.
735 1357 1243 1402 Nec vnde principium motus ve
740 1396 1253 1441 luti hominem quidem ab aere
738 1436 1247 1491 moueri, hunc vero a Sole, Solem
737 1480 1241 1522 autem a contentione, & huius nul¬
741 1525 1251 1564 lum esse finem. Similiter nec cu
739 1565 1243 1618 ius causa in infinitum progredi
740 1605 1245 1658 potest. vt deambulationem qui
737 1661 1242 1703 dem sanitatis causa, illam vero
735 1692 1241 1747 felicitatis, selicitatem vero alte¬
737 1738 1247 1778 rius, & ita semper aliud alterius
736 1778 1252 1833 gratia esse. Similiter autem & de
738 1820 1038 1870 ipso quid erat esse.
