1475 2066
210 157 718 211 Deinde dedit causam, & d. & pro¬
227 195 724 245 pter hoc, &c. i. & quia accidentia non
231 237 719 274 separantur a substantia, videntur sub¬
229 276 731 314 stantiae causae eorum. nullum enim
229 313 728 354 accidens existit extra substantiam.
222 351 716 395 sunt enim in rei veritate passiones
228 397 720 434 & motus substantiarum. & hoc inter
225 437 731 479 debat, cum dicit: quia extra substan¬
230 469 724 506 tias non inueniuntur passiones, & mo
232 508 727 547 tus earum. i. quia ista non sunt nisi
230 548 723 594 dispones substantiae, non sui ipsorum¬
248 589 727 627 Et hoc intendebat in secunda trans
227 621 721 666 latione, cum dicit: & propter hanc causam
229 661 723 714 causae omnium sunt ista: quia passio¬
231 700 717 738 nes & motus non sunt extra substan¬
210 741 718 793 tias. i. & proper hoc, quod diximus, cau¬
227 778 718 830 sae omnium sunt substantiae, quia pal
225 817 725 859 siones & motus impossibile est extra sub¬
220 854 719 898 stantias. Et sciendum est, quod substan
220 898 714 937 tiae sunt duobus modis: modus vnus
222 932 715 986 in quo possibile est fugere accidentia
222 973 711 1021 & alius sine aliquo accidente. prim
222 1020 723 1050 autem est sensibile: secundus autem
228 1053 729 1103 intelligibile. D.d. & post hoc erunt
216 1088 724 1140 ista anima, &c. & dicit hoc, quia sub
217 1133 723 1170 stantiarum quaedam sunt naturales &
222 1170 719 1211 quaedam animatae. animatae autem vi¬
218 1207 716 1258 dentur esse principia substantiarum
221 1249 719 1298 naturalium. & quasi dicat. & post hunc
216 1284 710 1337 sermonem dicamus, quod principia om
210 1325 716 1362 nium substantiarum forte est anima
220 1365 715 1402 & corpus: aut intellectus ex anima
223 1404 723 1454 & desyderium tantum: & innuit corpo¬
226 1440 718 1493 ra coelestia, quia enim sunt principia
220 1484 723 1522 animatorum & non animatorum, fuit
222 1525 716 1570 necesse vt essent animata, & vt prin¬
220 1564 717 1608 cipia eorum sint corpus & anima
240 1596 717 1645 Et dicit forte, quia adhuc non est
218 1645 725 1682 perfecte declaratum. Alexander autem
219 1672 719 1715 dicit quod, cum narrauit causas substan
218 1715 727 1764 tiae, quae est causa omnium, coniungit
218 1749 719 1804 huic corpus & animam: aut quia ista
218 1790 713 1834 sunt causae animalium, aut quia opi¬
218 1828 725 1883 natur, quod haec duo propriae sunt sub¬
762 156 1258 197 stantiae abstractae. & ideo non dicit
758 197 1260 250 materiam, neque naturam, quia istae sunt,
758 236 1262 274 substantiae non abstractae. & ideo di¬
761 282 1258 327 cit forte, quia quidam existimauerunt
752 314 1260 354 animam esse abstractam, quae anima
753 349 1259 399 apud ipsum non est abstracta, sed pri
756 389 1251 435 ma forma est abstracta. & intendit per
759 429 1251 478 omia ista, corpora coelestia. D.&
759 468 1247 518 similiter intendit per intellectum pri¬
759 509 1249 553 mum mouens corpora caelestia, & pr
756 549 1259 594 desyderium animam, quae est in cor
757 586 1253 634 poribus coelestibus. & vtrunque isto¬
757 623 1251 667 rum est alteri propinquum. Et vni¬
756 661 1254 706 uersaliter apparet ex hoc sermone
755 705 1261 755 quod, cum dicit, quod substantia est princi¬
752 746 1249 790 pium aliorum entium, dicit quod prin
759 781 1252 818 cipium substantiae est anima, & con
750 821 1252 866 pus: aut intellectus & desyderium &
751 858 1263 898 corpus. & dimisit formas naturales
748 894 1261 938 & primam materiam, cum videntur,
755 933 1259 982 esse causatae a substantiis animatis:
750 973 1252 1023 quia substantiae animatae sunt prio¬
757 1013 1262 1066 res eis in esse: aut qui a non sunt sub¬
748 1060 1237 1107 stantiae in actu, sicut anima & corpus,
795 1116 1260 1162 ltem alio modo analogice prin
751 1155 1253 1202 cipia sunt eadem, vt actus, & po¬
748 1203 1257 1243 tentia. verum haec etiam in aliis
756 1245 1259 1295 alia, et alio modo sunt. In quibus
746 1285 1257 1338 dam enim idem quandoque actu, quandoque
748 1326 1248 1378 potentia est: vt vinum, aut caro
754 1368 1246 1410 aut homo. Cadunt autem haet
748 1413 1257 1456 in praedictas causas, actus nanque
752 1456 1257 1505 est forma, si separabilis sit, & quid
756 1495 1262 1538 ex ambobus. priuatio etiam, vt
755 1536 1258 1579 tenebrae, aut aegrotans. potentia
746 1579 1257 1626 autem materia. hoc nanque est,
754 1616 1259 1666 quod ambo fieri potest. Aliter.
750 1668 1254 1715 autem actu, potentiaque differunt,
753 1701 1255 1750 quorum non eadem materia est,
754 1747 1261 1786 quorum non eadem forma: sed
748 1795 1258 1834 diuersa est. veluti hominis causa, ele
751 1836 1267 1875 menta, ignis, & terra, & materia:
