1475 2066
203 141 729 197 idest et apparet quod, cum hoc nomen
218 182 729 235 principium diuidatur scilicet in formam,
222 229 731 266 et priuationem, et materiam, et mouens,
217 266 714 306 non videbitur significare idem in quo
216 301 730 341 libet eorum sed diuersum. Forma enim
215 340 721 389 in substantia differt a se in aliis praedi
221 381 729 421 camentis. et similiter priuatio, et materia,
212 421 733 458 et mouens. Et, qui a non perfecte dif
225 457 719 509 ferunt scilicet qui a non pura aequiuoca
214 495 726 539 tione dicuntur haec principia de eis, di
214 533 722 579 tit praeter hoc, quod sunt omnium, ete. i.
225 573 722 625 praeter hoc quod videntur eadem secundum con¬
216 612 720 662 parationem et respectum. v. g. quod re¬
216 648 718 699 spectus formae substantiae ad substan
226 686 720 739 tiam est sicut respectus formae qua
216 727 723 769 litatis ad qualitatem, et quantitatis ac
219 765 725 818 quantitatem: quamuis non idem signifi
220 805 728 853 cet forma in vnoquoque eorum. et simi
220 844 727 883 de priuatione, et mam, et motore. ista
216 880 716 922 icitur principia de eis dicuntur in respe
220 911 723 962 ctu. Et puto, quod sermo eius fuit di¬
215 965 729 1002 minutus, cum dicit forma mouens,
216 1004 723 1051 debebat igitur dicere forma, priuatio
216 1042 728 1074 mam, mouens. D.d. et sic etiam causa¬
220 1076 724 1114 substantiarum ete. i. et etiam causa¬
212 1114 722 1155 substantiarum videntur esse causae cau
215 1154 733 1201 sarum aliorum praedicamentorum, simi¬
215 1193 727 1235 lium causis substantiarum. et signum
214 1229 721 1274 eius est quod, cum causae substantiarum
212 1269 730 1315 auferentur, auferentur causae aliorum
226 1309 730 1363 praedicamentorum. mam igitur est cau
218 1356 725 1397 sa materiae caeterorum praedicamento
220 1385 729 1440 rum. et similiter de forma, et priuatione,
218 1427 726 1467 quae est in substantia, et in mouente,
225 1465 725 1506 Et hoc intendebat, cum dicit in se¬
217 1504 725 1545 cunda translatione: et iste modus,
218 1541 729 1587 qui est in substantiis, est quasi causae
222 1582 727 1625 omnium, quia corrumpuntur, cum illa
216 1628 735 1659 destruuntur. i. et secundum istum modum
224 1667 723 1706 possumus dicere, quod causae substantia
220 1700 724 1738 sunt causae ommnium praedic amento
216 1740 734 1778 rum. Et hoc est, quod intendebat de¬
218 1777 725 1818 clarare de prima mam. cum enim de¬
223 1818 732 1866 claratum fu erit, quod causae substantiae
760 140 1303 186 sunt causae omnium entium, et fuerit N
765 182 1269 236 declaratum quae sunt causae generum
758 223 1268 266 substantiae corruptibilium et incorru
763 264 1277 312 ptibilium, tunc declarabuntur causae vlti
761 309 1269 339 mae entium, in eo quod sunt entia. et hoc
760 341 1272 378 intendebat declarare in hoc tractatu.
756 388 1270 430 et ideo perscrutatus est primo de prin
756 416 1269 466 cipiis substantiae. D.d. Et etiam primum
760 455 1268 498 in perfectione. et intendit per primum
757 494 1269 546 in perfectione causam propinquam,
765 537 1271 585 qua resperficitur in esse: et est causa¬
759 574 1266 625 agens causae, quae est ei, propinqua. et
758 612 1264 651 intendit, quod estm ista causa dicitur de omni
760 649 1267 703 bus, proportionaliter. D.d. et sic aliud,
753 693 1267 730 et prima omnia, quae sunt contraria. i.
761 726 1269 770 et alio modo dicitur de eis, quod contrar ia
758 767 1264 817 praecedunt omnia, i. quod sunt principia
763 805 1266 842 omnium alio modo ab eo, secundum
759 844 1268 895 quem dicuntur genera, quorum nomnia
761 882 1262 922 sunt vniuoca, et ab eo, secundum quem dif
763 920 1269 963 cuntur nomina aequiuoca. idest quod,
760 959 1263 1009 cum dicimus, quod principia omnium
756 997 1264 1036 sunt contraria duo, et mam, non est
761 1037 1265 1088 dictum aequiuoce nec vniuoce, sed
759 1077 1265 1114 secundum assimilationem. Et hoc, quasi
760 1116 1260 1154 manifestius est in secunda transla¬
756 1154 1260 1204 tione, quae talis est: et etiam primum in
762 1191 1258 1243 perfectione, et alio modo prima omnia
758 1228 1263 1285 contraria, quae non dicuntur sicut ge¬
761 1272 1261 1314 nera, neque multis modis: sed eadem.
782 1309 1257 1358 Et Alexander dixit, quod forte intelle
757 1349 1265 1400 xit per hoc, quod dixit, etista non sicut
760 1389 1265 1436 genera dicuntur, neque multis modis:
760 1426 1262 1466 causas indiuiduales, quae sunt verae
765 1464 1265 1515 causae causatorum indiuidualium, quae
756 1502 1264 1546 sunt vere causara. id est quod ista differunt
758 1542 1259 1586 in numeto, et non in genere, neque in
765 1581 1261 1631 specie. Causae enim eorum, quae diffe¬
756 1628 1261 1674 runt in genere, differunt in genere,
761 1660 1267 1709 et quae in specie in specie, et quae in nu¬
756 1702 1262 1738 mero in numero. Et secundum hoc intende
765 1738 1269 1790 bat cum dixit: et alio modo prima
760 1780 1265 1830 omnia contraria. prioritas enim indiui¬
756 1816 1187 1866 dualis alia est a prioritate vniversali.
