1475 2066
200 148 715 215 necesse est igitur vt tale principum
209 196 714 263 sit substantia, quae est actio. Et opor¬
210 245 715 309 tet etiam vt istae substantiae sint exi¬
210 300 713 353 stentes extra materiam, cum ne¬
210 338 720 403 cesse est ut sint aeternae. si etiam aliud
210 389 713 455 fuerit aeternum, actio est. Quamuis
216 436 717 499 hic sit quaessto. Existimatum est
212 488 719 550 enim, quod omne agens habet po¬
216 539 707 587 tentiam, qua potest, & non omne
208 585 715 648 qued potest per potentia, agit. vnde
210 633 714 691 potentia videtur prior. Sed quam¬
211 677 721 739 uis ita sit, nullum quidem entium
212 728 718 787 erit ens, cum sit possibile vt sit, &
216 777 719 840 non sit ens. Sed si secudum Loquen
216 837 721 890 tes in Diuinis generates mundum
218 876 717 921 ex nocte dicunt, & Naturales di¬
219 924 721 978 tentes, quod omnia fuerunt insimul.
220 971 723 1035 imposstbile est vt sint eadem omni
217 1021 717 1082 bus. Et si non, quomodo mouentur,
208 1069 718 1130 si non habent in actu causamus ma¬
219 1117 718 1179 teria enim substantia carpentari
219 1159 717 1232 impossibile est vt moueatur per se:
210 1208 723 1278 sed carpentarietas, neque, sanguis men
217 1266 711 1314 struus neque, terra, sed semina &
211 1314 714 1376 sperma. Et ideo quidam ponunt se¬
207 1359 721 1419 parationem, vt plato, & Leucip¬
210 1411 718 1474 pus. dicunt enim motum semper esse
213 1457 719 1523 aliquid. sed quare, non dicunt cau¬
215 1509 719 1570 sam. nihil enim mouetur, sed opor¬
215 1556 717 1618 tet vt semper sit aliquid. sicut mo¬
215 1605 717 1651 do est, aut naturaliter, aut violen¬tiam
209 1653 717 1714 te, aut ex alio & post, qui est pri¬
216 1692 622 1761 mus, multum enim differt.
253 1763 721 1802 Sed, si fuerit substantia, &c. idest
221 1812 725 1849 quod, cum motus aeternus sit, & omnis
213 1841 727 1891 motus habet motorem, vt determi
746 156 1273 202 natum est, necesse est, vt iste motus l
744 195 1252 250 habeat motorem, qui est actio pura
742 236 1248 274 sine aiiqua potentia, idest, quia in
746 276 1250 314 nulla hora est motor in potentia.
748 314 1252 361 Si enim non fuerit actio pura, sed
748 352 1249 402 cum potentia, aliqua hora erit, in quae
748 394 1247 435 non erit motio ab ea. Deinde dedif
750 428 1247 482 causam, & dicit: possibile enim est, &c.
748 471 1232 514 idest, quia omnis motor, cuius sub
750 509 1250 561 stantiae admiscetur potentia, possibile
746 556 1248 598 est vt in aliqua hora non moueat
746 588 1235 638 nonienim mouet, nisi per alium mo
750 636 1243 666 torem extrahentem ipsum ex poten
751 674 1256 708 tia in actum, qui est impossibilis vt
751 708 1253 747 non sit praesens. D.d. & si non, nihil
752 743 1248 794 prodest, cum posuerimus, &c. i. de¬
759 787 1251 826 claratum est igitur substantiam esse
750 821 1258 866 aeternam, & semper mouentem. &
756 861 1256 906 ideo nihil prodest ponere substantiam
748 908 1260 954 aeternam, in qua non sit principium
748 940 1258 986 mouendi: vt dicunt dicentes formas.
755 980 1257 1026 Deinde dicit: Sed hoc non sufficit,
748 1020 1259 1058 neque aliud. idest, non enim sufficit
752 1067 1250 1106 ponere principium mobilium formas,
756 1095 1256 1142 neque aliud extrinsecum a formis, cum
755 1135 1263 1178 motus non auferatur ab ablatione
753 1175 1259 1218 illius. Et hoc intendebat, cum dixit:
757 1213 1256 1258 Si enim non fuerit. i. si enim non fue
752 1254 1253 1293 rit, non erit motus. i. si non fuerit po
755 1293 1259 1343 situm aliquod tale, idest aliquod, quod
753 1332 1246 1370 si non esset, non esset motus. Dein¬
757 1372 1255 1423 de dicit: neque si egerit: & substantia
755 1409 1253 1451 eius fuerit in potentia. idest & non
748 1450 1255 1490 sufficit in hoc ponere aliquid, quod
751 1488 1263 1530 si non fuerit tale, non erit motus, sed
758 1527 1262 1577 etiam si non fuerit tale, idest quod si au
754 1565 1262 1611 feratur, auferetur motus, & substan
748 1605 1253 1659 tia eius non erit in potentia. sed vtrumque
752 1653 1255 1689 necessarium est, in eo scilicet, quod
748 1684 1265 1726 cum auferatur, auferatur motus, &
753 1725 1255 1770 quod substantiae non admisceatur po¬
758 1764 1257 1813 tentia. Alexander autem dixit, quod
755 1801 1261 1842 necesse est tertium esse, cum hoc sit
753 1840 1263 1882 aeternum & mouens in actu, scilicet
