<?xml version="1.0" encoding="UTF-8" standalone="yes"?>
<PcGts xmlns="http://schema.primaresearch.org/PAGE/gts/pagecontent/2013-07-15" xmlns:xsi="http://www.w3.org/2001/XMLSchema-instance" xsi:schemaLocation="http://schema.primaresearch.org/PAGE/gts/pagecontent/2013-07-15 http://schema.primaresearch.org/PAGE/gts/pagecontent/2013-07-15/pagecontent.xsd">
    <Metadata>
        <Creator>prov=University of Rostock/Institute of Mathematics/CITlab|PLANET AI GmbH/Gundram Leifert/gundram.leifert@planet-ai.de:name=cod-AAssXX-m2(htr_id=27673)::::v=2.6.7
prov=University of Rostock/Institute of Mathematics/CITlab|PLANET AI GmbH/Tobias Gruening/tobias.gruening@planet-ai.de:name=de.uros.citlab.module.baseline2polygon.B2PSeamMultiOriented:v=2.6.7
prov=University of Rostock/Institute of Mathematics/CITlab|PLANET AI GmbH/Tobias Gruening/tobias.gruening@planet-ai.de:name=/net_tf/LA73_249_0mod360.pb:de.uros.citlab.segmentation.CITlab_LA_ML:v=2.6.6
Transkribus</Creator>
        <Created>2020-10-30T08:03:46.691-04:00</Created>
        <LastChange>2020-11-20T18:26:37.983+01:00</LastChange>
        <TranskribusMetadata docId="528931" pageId="22411051" pageNr="633" tsid="49378867" status="IN_PROGRESS" userId="25065" imgUrl="https://files.transkribus.eu/Get?id=RXAISICWXYUCRYDQDLJHNESZ&amp;fileType=view" xmlUrl="https://files.transkribus.eu/Get?id=YFVBKXDFYOGVFWAACLMQDNBU" imageId="17470432"/>
    </Metadata>
    <Page imageFilename="Averroes_Metaphysica_JuntSecunda_08-0633.jpg" imageWidth="1475" imageHeight="2066">
        <ReadingOrder>
            <OrderedGroup id="ro_1605972816566" caption="Regions reading order">
                <RegionRefIndexed index="0" regionRef="TextRegion_1604864610286_398"/>
                <RegionRefIndexed index="1" regionRef="TextRegion_1604864610285_397"/>
            </OrderedGroup>
        </ReadingOrder>
        <TextRegion orientation="0.0" id="TextRegion_1604864610286_398" custom="readingOrder {index:0;}">
            <Coords points="208,114 734,114 734,1913 208,1913"/>
            <TextLine id="line_1604864590970_362" custom="readingOrder {index:0;}">
                <Coords points="203,197 694,195 706,155 203,159"/>
                <Baseline points="208,191 233,191 259,190 285,190 311,190 337,189 363,189 389,189 415,188 441,188 467,188 493,188 519,188 545,187 571,188 597,188 623,188 649,188 675,189 701,189"/>
                <TextEquiv>
                    <Unicode>vt sit illud, ad quod secundum dest</Unicode>
                </TextEquiv>
            </TextLine>
            <TextLine id="r1l5" custom="readingOrder {index:1;}">
                <Coords points="216,243 710,242 710,190 583,213 426,209 413,196 216,205"/>
                <Baseline points="221,231 246,230 271,230 297,229 322,229 348,228 373,228 399,227 424,227 450,227 475,227 501,227 526,227 552,227 577,228 603,228 628,228 654,229 679,230 705,230"/>
                <TextEquiv>
                    <Unicode>derium mouetur hoc corpus, quod est</Unicode>
                </TextEquiv>
            </TextLine>
            <TextLine id="r1l7" custom="readingOrder {index:2;}">
                <Coords points="208,272 581,283 712,274 712,244 208,247"/>
                <Baseline points="213,269 239,269 265,269 291,268 317,268 343,268 369,268 395,268 421,267 447,267 473,267 499,268 525,268 551,268 577,268 603,268 629,269 655,269 681,270 707,270"/>
                <TextEquiv>
                    <Unicode>nobilissimum corporum scilicet coeleste</Unicode>
                </TextEquiv>
            </TextLine>
            <TextLine id="r1l9" custom="readingOrder {index:3;}">
                <Coords points="218,314 444,314 458,328 480,314 617,314 629,326 717,315 717,279 694,275 564,288 511,277 485,290 218,277"/>
                <Baseline points="223,306 248,306 274,307 300,307 325,307 351,307 377,307 403,307 428,308 454,308 480,308 506,308 531,308 557,308 583,308 609,308 634,308 660,308 686,308 712,309"/>
                <TextEquiv>
                    <Unicode>Illud autem, ad quod secundum desyderium</Unicode>
                </TextEquiv>
            </TextLine>
            <TextLine id="r1l11" custom="readingOrder {index:4;}">
                <Coords points="216,354 441,353 467,370 493,354 709,361 710,325 217,325"/>
                <Baseline points="221,346 246,346 271,346 297,346 322,346 348,346 373,346 398,347 424,347 449,347 475,347 500,348 526,348 551,348 576,349 602,349 627,349 653,349 678,348 704,348"/>
                <TextEquiv>
                    <Unicode>mouetur hoc corpus, non est homo</Unicode>
                </TextEquiv>
            </TextLine>
            <TextLine id="r1l13" custom="readingOrder {index:5;}">
                <Coords points="217,394 498,392 545,406 559,394 721,394 721,361 217,363"/>
                <Baseline points="222,385 248,386 274,386 300,386 326,386 352,386 378,387 404,387 430,387 456,387 482,387 508,387 534,387 560,387 586,387 612,388 638,388 664,388 690,388 716,388"/>
                <TextEquiv>
                    <Unicode>neque aliquod entium, quae sunt hic:</Unicode>
                </TextEquiv>
            </TextLine>
            <TextLine id="r1l15" custom="readingOrder {index:6;}">
                <Coords points="212,434 710,434 710,404 694,397 212,404"/>
                <Baseline points="217,424 242,424 268,424 294,425 319,425 345,425 371,425 396,426 422,426 448,426 473,426 499,426 525,427 550,427 576,427 602,427 627,427 653,427 679,427 705,427"/>
                <TextEquiv>
                    <Unicode>cum nobilius desiderio non tenda</Unicode>
                </TextEquiv>
            </TextLine>
            <TextLine id="r1l17" custom="readingOrder {index:7;}">
                <Coords points="214,469 722,472 715,436 370,436 350,453 293,433 214,434"/>
                <Baseline points="219,463 245,463 271,463 297,463 323,464 350,464 376,464 402,464 428,465 454,465 481,465 507,465 533,465 559,466 585,466 612,466 638,466 664,465 690,465 717,465"/>
                <TextEquiv>
                    <Unicode>in vilius. Deinde dedit causam in </Unicode>
                </TextEquiv>
            </TextLine>
            <TextLine id="r1l19" custom="readingOrder {index:8;}">
                <Coords points="215,514 715,513 715,480 694,471 674,484 530,473 483,489 215,472"/>
                <Baseline points="220,501 245,502 271,502 297,502 323,503 348,503 374,503 400,503 426,503 452,504 477,504 503,504 529,504 555,504 581,504 606,504 632,504 658,504 684,504 710,503"/>
                <TextEquiv>
                    <Unicode>hoc, &amp; dixit: non enim erit motio</Unicode>
                </TextEquiv>
            </TextLine>
            <TextLine id="r1l22" custom="readingOrder {index:9;}">
                <Coords points="214,554 718,553 718,517 642,509 502,510 482,525 435,509 414,527 390,510 327,524 214,517"/>
                <Baseline points="219,541 245,541 271,542 297,542 323,542 349,542 375,543 401,543 427,543 453,543 479,543 505,543 531,543 557,543 583,543 609,543 635,543 661,543 687,543 713,543"/>
                <TextEquiv>
                    <Unicode>aeterna, idest, si in substantia huius</Unicode>
                </TextEquiv>
            </TextLine>
            <TextLine id="r1l23" custom="readingOrder {index:10;}">
                <Coords points="212,586 550,586 597,602 614,586 721,585 721,557 672,549 567,565 537,550 212,557"/>
                <Baseline points="217,580 243,580 269,580 295,580 322,580 348,581 374,581 400,581 427,581 453,581 479,581 505,581 532,582 558,582 584,582 610,582 637,581 663,581 689,581 716,581"/>
                <TextEquiv>
                    <Unicode>motoris fuerit substantia, quae est in </Unicode>
                </TextEquiv>
            </TextLine>
            <TextLine id="r1l25" custom="readingOrder {index:11;}">
                <Coords points="216,638 287,624 331,635 712,625 702,589 618,589 594,610 580,597 440,589 216,589"/>
                <Baseline points="221,617 246,618 272,619 297,619 323,620 348,620 374,621 400,621 425,621 451,621 476,621 502,621 527,621 553,621 579,621 604,621 630,621 655,621 681,620 707,620"/>
                <TextEquiv>
                    <Unicode>potentia, scilicet in materia. Deinde</Unicode>
                </TextEquiv>
            </TextLine>
            <TextLine id="r1l27" custom="readingOrder {index:12;}">
                <Coords points="216,666 715,666 715,626 603,639 236,626 216,639"/>
                <Baseline points="221,656 246,657 272,657 298,657 323,658 349,658 375,658 401,658 426,658 452,659 478,659 504,659 529,659 555,659 581,659 607,659 632,659 658,659 684,659 710,659"/>
                <TextEquiv>
                    <Unicode>dicit: possibile enim est, vt quod est</Unicode>
                </TextEquiv>
            </TextLine>
            <TextLine id="r1l30" custom="readingOrder {index:13;}">
                <Coords points="216,703 720,706 712,666 380,680 216,666"/>
                <Baseline points="221,695 247,695 273,696 299,697 325,697 351,697 377,698 403,698 429,698 455,698 481,698 507,697 533,697 559,697 585,697 611,697 637,697 663,697 689,697 715,697"/>
                <TextEquiv>
                    <Unicode>in potentia, non sit ens. &amp; hoc quod </Unicode>
                </TextEquiv>
            </TextLine>
            <TextLine id="r1l31" custom="readingOrder {index:14;}">
                <Coords points="215,747 710,741 710,709 688,706 449,718 312,703 292,722 271,705 257,717 215,707"/>
                <Baseline points="220,733 245,734 271,734 296,735 322,735 347,735 373,736 398,736 424,736 449,736 475,736 500,736 526,736 551,735 577,735 602,735 628,735 653,735 679,736 705,736"/>
                <TextEquiv>
                    <Unicode>dixit, si fuerit in potentia substantia</Unicode>
                </TextEquiv>
            </TextLine>
            <TextLine id="line_1604864590973_364" custom="readingOrder {index:15;}">
                <Coords points="203,787 713,786 713,748 203,751"/>
                <Baseline points="208,775 218,775 244,775 270,774 296,774 321,774 347,774 373,774 399,774 424,774 450,774 476,774 502,775 527,775 553,774 579,774 605,774 630,774 656,774 682,773 708,773"/>
                <TextEquiv>
                    <Unicode>possibile est, vt non sit ens simplici¬</Unicode>
                </TextEquiv>
            </TextLine>
            <TextLine id="r1l36" custom="readingOrder {index:16;}">
                <Coords points="217,821 514,829 627,817 681,830 712,818 712,790 217,792"/>
                <Baseline points="222,814 247,813 273,813 298,813 324,813 349,813 375,813 400,813 426,813 451,813 477,813 502,813 528,813 553,813 579,813 604,813 630,813 655,813 681,813 707,813"/>
                <TextEquiv>
                    <Unicode>ter. idest, quia corrumpetur in aliqua</Unicode>
                </TextEquiv>
            </TextLine>
            <TextLine id="r1l37" custom="readingOrder {index:17;}">
                <Coords points="210,857 721,858 721,820 676,833 655,821 516,833 316,820 297,837 210,822"/>
                <Baseline points="215,852 240,852 265,852 290,851 315,851 340,851 365,851 390,851 415,851 440,851 465,852 490,852 515,852 540,852 565,852 590,852 615,852 640,852 665,852 690,852 716,851"/>
                <TextEquiv>
                    <Unicode>hora. Et hoc quidem determinatum</Unicode>
                </TextEquiv>
            </TextLine>
            <TextLine id="r1l39" custom="readingOrder {index:18;}">
                <Coords points="217,898 711,898 711,870 672,857 648,869 217,869"/>
                <Baseline points="222,891 247,890 272,890 298,889 323,889 349,889 374,890 400,890 425,890 451,891 476,891 502,891 527,892 553,892 578,892 604,892 629,891 655,891 680,890 706,889"/>
                <TextEquiv>
                    <Unicode>est in Naturalibus, quod omne, cuius sub¬</Unicode>
                </TextEquiv>
            </TextLine>
            <TextLine id="r1l41" custom="readingOrder {index:19;}">
                <Coords points="217,938 651,935 671,950 711,936 711,909 661,900 617,911 217,899"/>
                <Baseline points="222,930 247,930 272,929 298,929 323,929 349,929 374,929 400,930 425,930 451,930 476,930 502,930 527,930 553,930 578,930 604,930 629,930 655,929 680,929 706,928"/>
                <TextEquiv>
                    <Unicode>stantiae ad miscetur potentia, est ge¬</Unicode>
                </TextEquiv>
            </TextLine>
            <TextLine id="r1l44" custom="readingOrder {index:20;}">
                <Coords points="214,976 723,978 723,940 214,945"/>
                <Baseline points="219,970 245,969 271,968 297,968 324,968 350,968 376,968 402,968 429,968 455,968 481,968 507,969 534,969 560,969 586,969 612,969 639,969 665,969 691,968 718,967"/>
                <TextEquiv>
                    <Unicode>nerabile &amp; corruptibile. &amp;, si fuerit</Unicode>
                </TextEquiv>
            </TextLine>
            <TextLine id="r1l46" custom="readingOrder {index:21;}">
                <Coords points="212,1012 260,1024 597,1012 639,1027 706,1013 706,973 657,990 524,975 379,990 355,977 251,990 212,979"/>
                <Baseline points="217,1007 242,1007 267,1007 293,1007 318,1007 344,1007 369,1007 395,1007 420,1007 446,1007 471,1007 497,1007 522,1007 548,1007 573,1007 599,1007 624,1007 650,1007 675,1007 701,1007"/>
                <TextEquiv>
                    <Unicode>in potentia motor in loco, impossi</Unicode>
                </TextEquiv>
            </TextLine>
            <TextLine id="r1l47" custom="readingOrder {index:22;}">
                <Coords points="217,1053 711,1058 712,1017 309,1013 270,1026 218,1012"/>
                <Baseline points="222,1046 247,1046 272,1045 298,1045 323,1045 349,1045 374,1045 400,1046 425,1046 451,1046 476,1046 502,1046 527,1046 553,1047 578,1047 604,1047 629,1047 655,1047 680,1047 706,1046"/>
                <TextEquiv>
                    <Unicode>bile est vt non moueat. Vnde necesse</Unicode>
                </TextEquiv>
            </TextLine>
            <TextLine id="r1l50" custom="readingOrder {index:23;}">
                <Coords points="218,1091 717,1088 717,1061 637,1053 218,1061"/>
                <Baseline points="223,1085 248,1084 274,1084 300,1084 325,1083 351,1083 377,1084 403,1084 428,1084 454,1084 480,1085 506,1085 531,1085 557,1085 583,1085 609,1085 634,1085 660,1085 686,1085 712,1084"/>
                <TextEquiv>
                    <Unicode>est, vt isti motori non admisceatur,</Unicode>
                </TextEquiv>
            </TextLine>
            <TextLine id="r1l51" custom="readingOrder {index:24;}">
                <Coords points="222,1138 709,1130 709,1101 694,1093 223,1101"/>
                <Baseline points="228,1123 253,1123 278,1124 303,1124 328,1124 353,1124 378,1124 403,1123 428,1123 453,1123 478,1123 503,1123 528,1123 553,1123 578,1123 603,1124 628,1124 653,1124 678,1125 704,1125"/>
                <TextEquiv>
                    <Unicode>potentia omnino, neque in substantia,</Unicode>
                </TextEquiv>
            </TextLine>
            <TextLine id="r1l53" custom="readingOrder {index:25;}">
                <Coords points="213,1170 271,1183 295,1170 570,1179 612,1164 713,1166 713,1144 688,1133 612,1146 547,1131 213,1141"/>
                <Baseline points="218,1163 243,1163 269,1162 295,1162 321,1162 346,1162 372,1162 398,1163 424,1163 450,1163 475,1163 501,1163 527,1163 553,1163 579,1163 604,1163 630,1163 656,1162 682,1161 708,1161"/>
                <TextEquiv>
                    <Unicode>neque in loco, neques in aliquo modo¬</Unicode>
                </TextEquiv>
            </TextLine>
            <TextLine id="r1l55" custom="readingOrder {index:26;}">
                <Coords points="214,1210 677,1213 715,1209 715,1173 214,1181"/>
                <Baseline points="219,1201 244,1201 270,1201 296,1201 322,1201 348,1201 374,1201 399,1201 425,1201 451,1201 477,1201 503,1202 529,1202 554,1202 580,1202 606,1202 632,1202 658,1202 684,1202 710,1203"/>
                <TextEquiv>
                    <Unicode>rum potentiae. Et hoc intendebat, cum</Unicode>
                </TextEquiv>
            </TextLine>
            <TextLine id="r1l57" custom="readingOrder {index:27;}">
                <Coords points="212,1250 401,1242 461,1262 615,1245 634,1258 716,1250 716,1211 212,1217"/>
                <Baseline points="217,1239 243,1239 269,1239 295,1239 321,1239 347,1239 373,1239 399,1239 425,1239 451,1239 477,1239 503,1240 529,1240 555,1240 581,1240 607,1240 633,1240 659,1240 685,1240 711,1241"/>
                <TextEquiv>
                    <Unicode>dixit: necesse est igitur vt tale princi¬</Unicode>
                </TextEquiv>
            </TextLine>
            <TextLine id="r1l60" custom="readingOrder {index:28;}">
                <Coords points="208,1295 713,1290 713,1261 683,1246 639,1261 618,1246 593,1260 528,1253 511,1270 493,1253 441,1261 415,1248 208,1256"/>
                <Baseline points="213,1278 239,1278 265,1279 291,1279 317,1279 343,1280 369,1280 395,1280 421,1280 447,1280 473,1280 499,1280 525,1280 551,1280 577,1280 603,1280 629,1280 655,1280 681,1280 708,1280"/>
                <TextEquiv>
                    <Unicode>pium sit substantia, quae est actio,</Unicode>
                </TextEquiv>
            </TextLine>
            <TextLine id="r1l62" custom="readingOrder {index:29;}">
                <Coords points="218,1325 687,1332 712,1323 712,1293 218,1296"/>
                <Baseline points="223,1316 248,1317 273,1317 299,1317 324,1317 350,1318 375,1318 401,1318 426,1318 452,1318 477,1318 503,1318 528,1318 554,1318 579,1318 605,1318 630,1318 656,1318 681,1318 707,1318"/>
                <TextEquiv>
                    <Unicode>quia causa potentiae in rebus, in qui</Unicode>
                </TextEquiv>
            </TextLine>
            <TextLine id="r1l64" custom="readingOrder {index:30;}">
                <Coords points="210,1362 600,1370 622,1357 709,1370 709,1325 210,1325"/>
                <Baseline points="215,1355 240,1355 266,1356 292,1357 317,1357 343,1358 369,1358 395,1358 420,1358 446,1359 472,1359 498,1359 523,1359 549,1359 575,1359 601,1359 626,1358 652,1358 678,1358 704,1357"/>
                <TextEquiv>
                    <Unicode>bus est potentia, est materia, vt dictum</Unicode>
                </TextEquiv>
            </TextLine>
            <TextLine id="r1l67" custom="readingOrder {index:31;}">
                <Coords points="216,1402 484,1397 673,1414 715,1403 715,1373 623,1364 495,1365 475,1383 453,1365 216,1372"/>
                <Baseline points="221,1394 246,1394 272,1395 298,1395 323,1395 349,1395 375,1395 401,1396 426,1396 452,1396 478,1396 504,1397 529,1397 555,1397 581,1397 607,1397 632,1397 658,1397 684,1397 710,1397"/>
                <TextEquiv>
                    <Unicode>est in Naturalibus. Et dicit: Et opor</Unicode>
                </TextEquiv>
            </TextLine>
            <TextLine id="r1l70" custom="readingOrder {index:32;}">
                <Coords points="212,1442 679,1444 709,1441 709,1412 212,1413"/>
                <Baseline points="217,1432 242,1433 268,1433 293,1434 319,1435 345,1435 370,1436 396,1436 422,1436 447,1436 473,1436 498,1436 524,1436 550,1436 575,1436 601,1436 627,1436 652,1435 678,1435 704,1435"/>
                <TextEquiv>
                    <Unicode>tet entm vt istae substantiae sint existen¬</Unicode>
                </TextEquiv>
            </TextLine>
            <TextLine id="r1l74" custom="readingOrder {index:33;}">
                <Coords points="209,1482 718,1483 718,1452 670,1441 608,1454 535,1441 484,1454 209,1446"/>
                <Baseline points="214,1469 240,1471 266,1471 292,1472 319,1473 345,1473 371,1474 397,1474 424,1474 450,1474 476,1474 502,1474 529,1474 555,1474 581,1474 607,1474 634,1474 660,1474 686,1474 713,1474"/>
                <TextEquiv>
                    <Unicode>tes, &amp;c. i &amp; quia istae substantiae sunt,</Unicode>
                </TextEquiv>
            </TextLine>
            <TextLine id="r1l77" custom="readingOrder {index:34;}">
                <Coords points="218,1521 704,1522 704,1493 639,1483 218,1491"/>
                <Baseline points="223,1512 248,1512 273,1513 298,1513 323,1513 348,1513 373,1514 398,1514 423,1514 448,1514 473,1514 498,1515 523,1515 548,1515 573,1515 598,1515 623,1515 648,1515 673,1515 699,1515"/>
                <TextEquiv>
                    <Unicode>mouentes fine aliqua potentia, ne</Unicode>
                </TextEquiv>
            </TextLine>
            <TextLine id="r1l80" custom="readingOrder {index:35;}">
                <Coords points="217,1556 721,1563 721,1535 690,1522 217,1526"/>
                <Baseline points="222,1551 248,1551 274,1551 300,1551 326,1552 352,1552 378,1552 404,1552 430,1552 456,1552 482,1552 508,1552 534,1553 560,1553 586,1553 612,1553 638,1553 664,1553 690,1553 716,1553"/>
                <TextEquiv>
                    <Unicode>cesse est vt sint fine omni materia,</Unicode>
                </TextEquiv>
            </TextLine>
            <TextLine id="r1l83" custom="readingOrder {index:36;}">
                <Coords points="208,1593 692,1602 719,1598 719,1563 393,1570 363,1557 317,1573 244,1558 208,1570"/>
                <Baseline points="213,1590 238,1590 263,1590 288,1590 313,1590 338,1590 363,1590 388,1590 413,1590 438,1591 463,1591 488,1591 513,1591 538,1591 563,1592 588,1592 613,1592 638,1592 663,1592 688,1591 714,1591"/>
                <TextEquiv>
                    <Unicode>cum necesse eest vt sint aeternae. omnem,</Unicode>
                </TextEquiv>
            </TextLine>
            <TextLine id="r1l86" custom="readingOrder {index:37;}">
                <Coords points="214,1634 711,1643 712,1602 214,1604"/>
                <Baseline points="219,1625 244,1626 270,1627 295,1629 321,1629 347,1630 372,1630 398,1630 424,1630 449,1630 475,1630 500,1630 526,1630 552,1630 577,1630 603,1630 629,1630 654,1630 680,1630 706,1631"/>
                <TextEquiv>
                    <Unicode>enim aeternum est actio pura: &amp; omne,</Unicode>
                </TextEquiv>
            </TextLine>
            <TextLine id="r1l89" custom="readingOrder {index:38;}">
                <Coords points="226,1688 252,1673 426,1684 626,1673 639,1686 713,1673 713,1645 664,1637 226,1645"/>
                <Baseline points="231,1667 256,1668 281,1668 306,1669 331,1669 356,1669 381,1669 406,1669 431,1669 456,1669 482,1669 507,1669 532,1669 557,1669 582,1669 607,1669 632,1669 657,1669 682,1669 708,1669"/>
                <TextEquiv>
                    <Unicode>quod est actio pura, non habet poten</Unicode>
                </TextEquiv>
            </TextLine>
            <TextLine id="r1l93" custom="readingOrder {index:39;}">
                <Coords points="214,1712 715,1713 715,1685 687,1677 214,1685"/>
                <Baseline points="219,1706 244,1707 270,1707 296,1707 322,1707 348,1707 374,1708 399,1708 425,1708 451,1708 477,1708 503,1708 529,1708 554,1708 580,1708 606,1708 632,1708 658,1708 684,1708 710,1708"/>
                <TextEquiv>
                    <Unicode>tiam. D.d. Quamuis hic sit quaestio, &amp;c.</Unicode>
                </TextEquiv>
            </TextLine>
            <TextLine id="line_1604864590979_366" custom="readingOrder {index:40;}">
                <Coords points="203,1754 710,1754 710,1718 439,1725 397,1708 320,1725 203,1722"/>
                <Baseline points="208,1744 217,1744 248,1744 278,1745 309,1745 339,1745 370,1746 400,1746 430,1746 461,1746 491,1746 522,1746 552,1746 583,1746 613,1746 644,1746 674,1746 705,1746"/>
                <TextEquiv>
                    <Unicode>idest, &amp; si isti sermones dicant vt actio</Unicode>
                </TextEquiv>
            </TextLine>
            <TextLine id="r1l99" custom="readingOrder {index:41;}">
                <Coords points="208,1792 325,1803 597,1787 714,1802 702,1757 208,1757"/>
                <Baseline points="213,1781 239,1783 265,1783 291,1784 317,1784 343,1785 369,1785 395,1786 421,1786 447,1786 474,1786 500,1786 526,1786 552,1785 578,1785 604,1785 630,1785 656,1784 682,1784 709,1784"/>
                <TextEquiv>
                    <Unicode>sit ante potentiam, est tamen hic quae¬</Unicode>
                </TextEquiv>
            </TextLine>
            <TextLine id="r1l102" custom="readingOrder {index:42;}">
                <Coords points="221,1835 662,1829 677,1841 713,1828 713,1805 626,1807 603,1791 511,1806 221,1795"/>
                <Baseline points="226,1825 251,1824 276,1824 302,1824 327,1824 352,1824 378,1824 403,1824 428,1824 454,1824 479,1825 505,1825 530,1825 555,1825 581,1825 606,1825 631,1825 657,1825 682,1825 708,1825"/>
                <TextEquiv>
                    <Unicode>stio. iExistimatum enim est, quod po¬</Unicode>
                </TextEquiv>
            </TextLine>
            <TextLine id="r1l105" custom="readingOrder {index:43;}">
                <Coords points="209,1874 723,1874 723,1836 209,1844"/>
                <Baseline points="214,1864 239,1864 264,1864 289,1864 314,1864 340,1864 365,1864 390,1864 415,1864 440,1864 466,1864 491,1864 516,1864 541,1864 566,1864 592,1864 617,1864 642,1864 667,1864 692,1864 718,1864"/>
                <TextEquiv>
                    <Unicode>tentia est ante actum, quia existima</Unicode>
                </TextEquiv>
            </TextLine>
            <TextEquiv>
                <Unicode>vt sit illud, ad quod secundum dest
derium mouetur hoc corpus, quod est
nobilissimum corporum scilicet coeleste
Illud autem, ad quod secundum desyderium
mouetur hoc corpus, non est homo
neque aliquod entium, quae sunt hic:
cum nobilius desiderio non tenda
in vilius. Deinde dedit causam in 
hoc, &amp; dixit: non enim erit motio
aeterna, idest, si in substantia huius
motoris fuerit substantia, quae est in 
potentia, scilicet in materia. Deinde
dicit: possibile enim est, vt quod est
in potentia, non sit ens. &amp; hoc quod 
dixit, si fuerit in potentia substantia
possibile est, vt non sit ens simplici¬
ter. idest, quia corrumpetur in aliqua
hora. Et hoc quidem determinatum
est in Naturalibus, quod omne, cuius sub¬
stantiae ad miscetur potentia, est ge¬
nerabile &amp; corruptibile. &amp;, si fuerit
in potentia motor in loco, impossi
bile est vt non moueat. Vnde necesse
est, vt isti motori non admisceatur,
potentia omnino, neque in substantia,
neque in loco, neques in aliquo modo¬
rum potentiae. Et hoc intendebat, cum
dixit: necesse est igitur vt tale princi¬
pium sit substantia, quae est actio,
quia causa potentiae in rebus, in qui
bus est potentia, est materia, vt dictum
est in Naturalibus. Et dicit: Et opor
tet entm vt istae substantiae sint existen¬
tes, &amp;c. i &amp; quia istae substantiae sunt,
mouentes fine aliqua potentia, ne
cesse est vt sint fine omni materia,
cum necesse eest vt sint aeternae. omnem,
enim aeternum est actio pura: &amp; omne,
quod est actio pura, non habet poten
tiam. D.d. Quamuis hic sit quaestio, &amp;c.
idest, &amp; si isti sermones dicant vt actio
sit ante potentiam, est tamen hic quae¬
stio. iExistimatum enim est, quod po¬
tentia est ante actum, quia existima</Unicode>
            </TextEquiv>
        </TextRegion>
        <TextRegion orientation="0.0" id="TextRegion_1604864610285_397" custom="readingOrder {index:1;}">
            <Coords points="734,114 1252,114 1252,1913 734,1913"/>
            <TextLine id="r1l4" custom="readingOrder {index:0;}">
                <Coords points="744,200 1248,202 1248,173 1099,157 744,164"/>
                <Baseline points="749,189 775,189 801,189 827,190 853,190 879,190 905,190 931,191 957,191 983,191 1009,191 1035,191 1061,192 1087,192 1113,192 1139,192 1165,192 1191,192 1217,192 1243,193"/>
                <TextEquiv>
                    <Unicode>tum est, quod omne agens fuit in poten¬</Unicode>
                </TextEquiv>
            </TextLine>
            <TextLine id="r1l6" custom="readingOrder {index:1;}">
                <Coords points="746,242 1255,242 1255,213 1232,201 1151,214 1033,197 991,221 958,205 746,204"/>
                <Baseline points="751,231 777,231 803,231 829,231 856,231 882,231 908,231 934,231 961,231 987,231 1013,231 1039,231 1066,231 1092,231 1118,231 1144,232 1171,232 1197,232 1223,233 1250,233"/>
                <TextEquiv>
                    <Unicode>tia, &amp; non omne, quod est in potentia¬</Unicode>
                </TextEquiv>
            </TextLine>
            <TextLine id="r1l8" custom="readingOrder {index:2;}">
                <Coords points="749,277 1248,281 1248,252 1211,241 749,245"/>
                <Baseline points="754,269 779,269 805,270 831,270 856,270 882,270 908,270 934,270 959,270 985,270 1011,270 1037,270 1062,270 1088,270 1114,270 1140,270 1165,271 1191,271 1217,272 1243,272"/>
                <TextEquiv>
                    <Unicode>aget: vnde &amp; potentia videtur prior</Unicode>
                </TextEquiv>
            </TextLine>
            <TextLine id="r1l10" custom="readingOrder {index:3;}">
                <Coords points="744,315 1252,317 1252,285 1222,279 867,277 827,298 781,267 744,285"/>
                <Baseline points="749,309 775,309 801,309 827,309 853,309 880,309 906,309 932,309 958,309 984,309 1011,309 1037,309 1063,309 1089,309 1115,310 1142,310 1168,310 1194,310 1220,310 1247,310"/>
                <TextEquiv>
                    <Unicode>actu. Deinde dicit: Sed quamuis ita</Unicode>
                </TextEquiv>
            </TextLine>
            <TextLine id="r1l12" custom="readingOrder {index:4;}">
                <Coords points="741,354 1249,353 1249,316 847,317 801,335 741,321"/>
                <Baseline points="746,348 772,348 798,348 824,348 850,348 877,348 903,348 929,348 955,348 981,348 1008,348 1034,349 1060,349 1086,349 1112,349 1139,349 1165,348 1191,348 1217,348 1244,348"/>
                <TextEquiv>
                    <Unicode>sit, nullum entium, &amp;c. i. &amp; hoc est</Unicode>
                </TextEquiv>
            </TextLine>
            <TextLine id="r1l14" custom="readingOrder {index:5;}">
                <Coords points="742,389 796,405 1123,390 1228,402 1255,394 1255,358 843,357 742,371"/>
                <Baseline points="747,386 772,387 797,387 822,387 847,387 872,388 897,388 923,388 948,388 973,388 998,388 1023,388 1048,388 1073,388 1099,388 1124,388 1149,388 1174,388 1199,388 1224,388 1250,388"/>
                <TextEquiv>
                    <Unicode>impossibile, quoniam, si motor omnis, &amp; </Unicode>
                </TextEquiv>
            </TextLine>
            <TextLine id="r1l16" custom="readingOrder {index:6;}">
                <Coords points="746,435 784,447 841,432 1255,434 1245,397 915,408 872,396 812,409 746,398"/>
                <Baseline points="751,425 777,426 803,427 829,427 856,427 882,427 908,427 934,427 961,427 987,427 1013,427 1039,426 1066,426 1092,426 1118,426 1144,426 1171,426 1197,426 1223,426 1250,426"/>
                <TextEquiv>
                    <Unicode>agens haberet potentiam mouendi</Unicode>
                </TextEquiv>
            </TextLine>
            <TextLine id="r1l18" custom="readingOrder {index:7;}">
                <Coords points="751,474 1257,473 1257,437 1072,445 1055,433 1020,446 935,434 873,448 846,433 783,447 751,436"/>
                <Baseline points="756,464 782,465 808,465 834,466 860,466 886,466 912,466 938,466 964,466 990,466 1017,466 1043,466 1069,466 1095,465 1121,465 1147,465 1173,465 1199,465 1225,465 1252,465"/>
                <TextEquiv>
                    <Unicode>&amp; agendi, possibile esset vt in aliqua</Unicode>
                </TextEquiv>
            </TextLine>
            <TextLine id="r1l20" custom="readingOrder {index:8;}">
                <Coords points="749,513 1232,515 1253,506 1253,471 1215,483 1139,471 1104,486 749,474"/>
                <Baseline points="754,504 780,504 806,503 832,503 858,503 884,503 910,503 936,504 962,504 988,504 1014,504 1040,503 1066,503 1092,503 1118,503 1144,503 1170,502 1196,502 1222,501 1248,501"/>
                <TextEquiv>
                    <Unicode>hora nihil esset: &amp; tunc possibile es.</Unicode>
                </TextEquiv>
            </TextLine>
            <TextLine id="r1l21" custom="readingOrder {index:9;}">
                <Coords points="749,554 998,544 1189,562 1247,554 1247,508 1163,528 1137,509 1097,525 749,516"/>
                <Baseline points="754,543 779,543 805,543 831,543 856,543 882,543 908,543 933,543 959,543 985,543 1010,542 1036,542 1062,542 1087,542 1113,542 1139,542 1164,542 1190,543 1216,543 1242,544"/>
                <TextEquiv>
                    <Unicode>ser quodlibet esse &amp; non esse. quam, si</Unicode>
                </TextEquiv>
            </TextLine>
            <TextLine id="r1l24" custom="readingOrder {index:10;}">
                <Coords points="748,598 1248,586 1248,557 748,557"/>
                <Baseline points="753,582 778,582 804,582 830,582 856,582 881,582 907,582 933,582 959,582 985,582 1010,581 1036,581 1062,581 1088,581 1114,581 1139,581 1165,581 1191,582 1217,582 1243,582"/>
                <TextEquiv>
                    <Unicode>possibile est, vt primus motor non </Unicode>
                </TextEquiv>
            </TextLine>
            <TextLine id="r1l26" custom="readingOrder {index:11;}">
                <Coords points="747,626 998,626 1038,639 1080,625 1257,626 1256,596 1199,589 746,600"/>
                <Baseline points="752,620 777,621 802,621 827,621 852,621 877,621 902,621 927,621 952,621 977,621 1002,621 1027,620 1052,620 1077,620 1102,620 1127,620 1152,620 1177,619 1202,619 1227,619 1252,620"/>
                <TextEquiv>
                    <Unicode>sit vt non moueat, possibile erit vt</Unicode>
                </TextEquiv>
            </TextLine>
            <TextLine id="r1l28" custom="readingOrder {index:12;}">
                <Coords points="751,665 1182,674 1253,658 1253,638 1229,626 1177,638 751,637"/>
                <Baseline points="756,660 781,659 807,659 833,658 859,658 885,658 911,658 937,658 963,658 989,658 1014,658 1040,658 1066,658 1092,658 1118,658 1144,658 1170,658 1196,657 1222,657 1248,656"/>
                <TextEquiv>
                    <Unicode>nihil sit omnino: quod est impossi¬</Unicode>
                </TextEquiv>
            </TextLine>
            <TextLine id="r1l29" custom="readingOrder {index:13;}">
                <Coords points="751,707 1253,708 1253,677 1148,665 1085,680 751,668"/>
                <Baseline points="756,698 781,698 807,698 833,697 859,697 885,697 911,697 937,697 963,697 989,697 1014,697 1040,697 1066,697 1092,697 1118,697 1144,697 1170,696 1196,696 1222,696 1248,696"/>
                <TextEquiv>
                    <Unicode>bile, vt dictum est prius, vbi locutus</Unicode>
                </TextEquiv>
            </TextLine>
            <TextLine id="r1l32" custom="readingOrder {index:14;}">
                <Coords points="746,739 809,752 825,739 1026,754 1054,740 1240,746 1240,704 1184,708 1168,724 1100,706 980,718 937,703 919,717 859,706 796,719 778,704 746,717"/>
                <Baseline points="751,735 776,735 801,735 827,735 852,735 878,735 903,735 929,735 954,735 980,735 1005,735 1031,735 1056,735 1082,735 1107,735 1133,735 1158,735 1184,735 1209,736 1235,736"/>
                <TextEquiv>
                    <Unicode>est quod actus est ante potentiam. D.d.</Unicode>
                </TextEquiv>
            </TextLine>
            <TextLine id="r1l33" custom="readingOrder {index:15;}">
                <Coords points="744,778 966,776 989,795 1015,779 1238,786 1226,746 964,755 825,739 744,754"/>
                <Baseline points="749,773 774,774 799,774 825,774 850,775 876,775 901,774 927,774 952,774 978,774 1003,774 1029,774 1054,774 1080,773 1105,773 1131,773 1156,774 1182,774 1207,774 1233,775"/>
                <TextEquiv>
                    <Unicode>Sed si secundum quod Loquentes in</Unicode>
                </TextEquiv>
            </TextLine>
            <TextLine id="r1l35" custom="readingOrder {index:16;}">
                <Coords points="746,818 1153,818 1186,831 1240,818 1240,793 1223,789 746,784"/>
                <Baseline points="751,813 776,813 801,813 827,813 852,813 878,813 903,813 929,813 954,813 980,813 1005,812 1031,812 1056,812 1082,812 1107,812 1133,812 1158,812 1184,813 1209,813 1235,814"/>
                <TextEquiv>
                    <Unicode>Diuinis, &amp;c. i. nisi esset verum, quod </Unicode>
                </TextEquiv>
            </TextLine>
            <TextLine id="r1l38" custom="readingOrder {index:17;}">
                <Coords points="753,856 809,869 829,856 1249,853 1237,821 1182,833 753,820"/>
                <Baseline points="758,852 783,852 809,851 834,851 860,851 885,851 911,851 937,851 962,851 988,851 1013,851 1039,851 1064,851 1090,851 1116,851 1141,851 1167,851 1192,851 1218,851 1244,851"/>
                <TextEquiv>
                    <Unicode>Loquentes in Diuinis &amp; Naturali¬</Unicode>
                </TextEquiv>
            </TextLine>
            <TextLine id="r1l40" custom="readingOrder {index:18;}">
                <Coords points="748,896 1248,898 1248,869 1221,861 748,861"/>
                <Baseline points="753,890 778,891 804,891 830,891 856,891 881,891 907,891 933,891 959,891 985,891 1010,890 1036,890 1062,890 1088,890 1114,890 1139,890 1165,890 1191,891 1217,891 1243,892"/>
                <TextEquiv>
                    <Unicode>bus dicunt, scilicet, quod omnia facta fue¬</Unicode>
                </TextEquiv>
            </TextLine>
            <TextLine id="r1l42" custom="readingOrder {index:19;}">
                <Coords points="751,938 1246,938 1246,905 954,911 911,896 751,909"/>
                <Baseline points="756,930 781,930 807,930 832,930 858,930 883,930 909,930 934,930 960,930 985,930 1011,930 1036,930 1062,930 1087,930 1113,930 1138,930 1164,930 1189,930 1215,930 1241,930"/>
                <TextEquiv>
                    <Unicode>runt ex se sine motore. vt dicentes</Unicode>
                </TextEquiv>
            </TextLine>
            <TextLine id="r1l43" custom="readingOrder {index:20;}">
                <Coords points="746,980 1239,976 1239,949 1180,939 746,949"/>
                <Baseline points="751,968 776,968 801,968 827,968 852,968 878,968 903,968 928,968 954,968 979,969 1005,969 1030,969 1056,969 1081,969 1106,969 1132,969 1157,969 1183,969 1208,970 1234,970"/>
                <TextEquiv>
                    <Unicode>mundum generari ex obscuritate</Unicode>
                </TextEquiv>
            </TextLine>
            <TextLine id="r1l45" custom="readingOrder {index:21;}">
                <Coords points="745,1018 820,1029 839,1017 1229,1019 1244,1016 1244,980 745,982"/>
                <Baseline points="750,1007 775,1007 801,1007 827,1008 852,1008 878,1008 904,1008 930,1008 955,1007 981,1007 1007,1007 1033,1007 1058,1007 1084,1007 1110,1007 1136,1007 1161,1007 1187,1007 1213,1007 1239,1008"/>
                <TextEquiv>
                    <Unicode>&amp; vt ponentes causam generationis</Unicode>
                </TextEquiv>
            </TextLine>
            <TextLine id="r1l48" custom="readingOrder {index:22;}">
                <Coords points="748,1058 1227,1059 1249,1054 1249,1017 1127,1036 1006,1013 748,1021"/>
                <Baseline points="753,1047 778,1047 804,1047 830,1047 856,1048 882,1048 908,1048 933,1048 959,1048 985,1047 1011,1047 1037,1047 1063,1047 1088,1047 1114,1047 1140,1047 1166,1047 1192,1047 1218,1047 1244,1047"/>
                <TextEquiv>
                    <Unicode>omnium materiam tantum, aut vnum</Unicode>
                </TextEquiv>
            </TextLine>
            <TextLine id="r1l49" custom="readingOrder {index:23;}">
                <Coords points="744,1095 1248,1092 1248,1053 744,1061"/>
                <Baseline points="749,1085 775,1085 801,1085 827,1085 853,1085 879,1085 905,1085 931,1085 957,1085 983,1085 1009,1085 1035,1085 1061,1085 1087,1085 1113,1085 1139,1085 1165,1085 1191,1084 1217,1084 1243,1083"/>
                <TextEquiv>
                    <Unicode>elementum quatuor, aut partes infi</Unicode>
                </TextEquiv>
            </TextLine>
            <TextLine id="r1l52" custom="readingOrder {index:24;}">
                <Coords points="747,1130 1190,1139 1248,1129 1248,1091 747,1101"/>
                <Baseline points="752,1126 777,1125 803,1125 829,1125 855,1124 881,1124 907,1124 932,1124 958,1124 984,1125 1010,1125 1036,1125 1062,1125 1087,1125 1113,1125 1139,1125 1165,1124 1191,1124 1217,1123 1243,1122"/>
                <TextEquiv>
                    <Unicode>nitas: quod est impossibile scilicet vt aliquid</Unicode>
                </TextEquiv>
            </TextLine>
            <TextLine id="r1l54" custom="readingOrder {index:25;}">
                <Coords points="748,1170 1247,1178 1246,1140 1229,1132 1131,1143 747,1132"/>
                <Baseline points="753,1163 778,1163 804,1163 830,1163 855,1163 881,1163 907,1163 933,1163 958,1163 984,1163 1010,1163 1036,1163 1061,1163 1087,1163 1113,1163 1139,1163 1164,1162 1190,1162 1216,1162 1242,1161"/>
                <TextEquiv>
                    <Unicode>moueatur sine motore. verbi gratia,</Unicode>
                </TextEquiv>
            </TextLine>
            <TextLine id="r1l56" custom="readingOrder {index:26;}">
                <Coords points="747,1219 1241,1210 1241,1182 1120,1172 747,1181"/>
                <Baseline points="752,1203 777,1203 802,1203 828,1203 853,1202 879,1202 904,1202 930,1202 955,1202 981,1202 1006,1202 1032,1202 1057,1202 1083,1202 1108,1201 1134,1201 1159,1201 1185,1201 1210,1201 1236,1201"/>
                <TextEquiv>
                    <Unicode>quod signum, quod est subiectum car¬</Unicode>
                </TextEquiv>
            </TextLine>
            <TextLine id="r1l58" custom="readingOrder {index:27;}">
                <Coords points="751,1258 811,1246 897,1245 931,1263 952,1249 1244,1250 1244,1217 985,1206 961,1221 847,1209 751,1222"/>
                <Baseline points="756,1243 781,1242 806,1242 832,1241 857,1241 883,1241 908,1241 933,1241 959,1241 984,1241 1010,1241 1035,1241 1061,1241 1086,1241 1111,1240 1137,1240 1162,1240 1188,1240 1213,1240 1239,1239"/>
                <TextEquiv>
                    <Unicode>pentarim, impossibile est vt moueat</Unicode>
                </TextEquiv>
            </TextLine>
            <TextLine id="r1l59" custom="readingOrder {index:28;}">
                <Coords points="745,1295 1247,1284 1247,1260 1184,1259 1169,1244 1092,1264 1058,1250 830,1260 816,1247 745,1260"/>
                <Baseline points="750,1281 775,1280 801,1280 827,1280 853,1280 879,1280 905,1280 931,1280 957,1280 983,1280 1008,1280 1034,1280 1060,1280 1086,1280 1112,1280 1138,1279 1164,1279 1190,1279 1216,1278 1242,1278"/>
                <TextEquiv>
                    <Unicode>per se absque carpentario. &amp; similiter san¬</Unicode>
                </TextEquiv>
            </TextLine>
            <TextLine id="r1l61" custom="readingOrder {index:29;}">
                <Coords points="747,1338 926,1322 1012,1338 1178,1318 1229,1330 1247,1323 1247,1288 747,1296"/>
                <Baseline points="752,1319 777,1319 803,1319 829,1319 855,1318 880,1318 906,1318 932,1318 958,1318 984,1318 1009,1318 1035,1318 1061,1318 1087,1318 1113,1318 1138,1317 1164,1317 1190,1317 1216,1317 1242,1316"/>
                <TextEquiv>
                    <Unicode>guis mestruus impossibile est vt ab</Unicode>
                </TextEquiv>
            </TextLine>
            <TextLine id="r1l65" custom="readingOrder {index:30;}">
                <Coords points="743,1361 1195,1372 1246,1360 1246,1334 969,1325 935,1342 847,1325 743,1338"/>
                <Baseline points="748,1358 773,1358 799,1358 825,1357 851,1357 877,1357 903,1357 929,1357 955,1358 981,1358 1007,1358 1033,1358 1059,1358 1085,1358 1111,1357 1137,1357 1163,1356 1189,1356 1215,1354 1241,1353"/>
                <TextEquiv>
                    <Unicode>eo fiat homo, nisi moueatur a sper¬</Unicode>
                </TextEquiv>
            </TextLine>
            <TextLine id="r1l66" custom="readingOrder {index:31;}">
                <Coords points="745,1403 864,1402 886,1418 952,1400 984,1413 1241,1402 1241,1372 745,1374"/>
                <Baseline points="750,1398 775,1397 801,1396 826,1396 852,1396 877,1396 903,1396 929,1396 954,1396 980,1396 1005,1396 1031,1396 1056,1396 1082,1396 1108,1396 1133,1395 1159,1395 1184,1394 1210,1392 1236,1391"/>
                <TextEquiv>
                    <Unicode>mate: neque terra planta, nisi mouea</Unicode>
                </TextEquiv>
            </TextLine>
            <TextLine id="r1l71" custom="readingOrder {index:32;}">
                <Coords points="741,1442 1067,1438 1149,1451 1249,1441 1249,1412 741,1413"/>
                <Baseline points="746,1435 772,1435 798,1436 824,1436 850,1436 877,1436 903,1436 929,1436 955,1436 981,1435 1008,1435 1034,1435 1060,1435 1086,1435 1112,1434 1139,1434 1165,1434 1191,1434 1217,1435 1244,1435"/>
                <TextEquiv>
                    <Unicode>tur a semine. D.d. Et ideo ponunt</Unicode>
                </TextEquiv>
            </TextLine>
            <TextLine id="r1l73" custom="readingOrder {index:33;}">
                <Coords points="745,1489 1253,1482 1253,1454 1120,1442 745,1454"/>
                <Baseline points="750,1473 776,1474 802,1474 828,1474 854,1474 881,1474 907,1474 933,1474 959,1474 985,1473 1012,1473 1038,1473 1064,1473 1090,1473 1116,1473 1143,1473 1169,1473 1195,1474 1221,1475 1248,1475"/>
                <TextEquiv>
                    <Unicode>quidam, &amp;c. i. &amp;, cum quidam perce</Unicode>
                </TextEquiv>
            </TextLine>
            <TextLine id="r1l76" custom="readingOrder {index:34;}">
                <Coords points="742,1528 1245,1522 1245,1492 1171,1483 937,1482 865,1501 742,1492"/>
                <Baseline points="747,1512 772,1512 798,1513 824,1513 850,1513 876,1514 902,1514 928,1514 954,1513 980,1513 1006,1513 1032,1513 1058,1513 1084,1513 1110,1513 1136,1513 1162,1514 1188,1514 1214,1515 1240,1515"/>
                <TextEquiv>
                    <Unicode>perunt, quod nihil mouetur, nisi ante</Unicode>
                </TextEquiv>
            </TextLine>
            <TextLine id="r1l79" custom="readingOrder {index:35;}">
                <Coords points="743,1562 1244,1563 1244,1533 1125,1523 743,1530"/>
                <Baseline points="748,1552 773,1552 799,1551 825,1551 851,1551 877,1551 903,1551 928,1551 954,1551 980,1551 1006,1551 1032,1552 1058,1552 1083,1552 1109,1552 1135,1552 1161,1552 1187,1551 1213,1551 1239,1550"/>
                <TextEquiv>
                    <Unicode>sit motus, sposuerunt motum ante ge¬</Unicode>
                </TextEquiv>
            </TextLine>
            <TextLine id="r1l84" custom="readingOrder {index:36;}">
                <Coords points="741,1602 1247,1602 1247,1571 1226,1561 1161,1573 1070,1560 1017,1581 993,1559 741,1571"/>
                <Baseline points="746,1591 772,1591 798,1591 824,1591 850,1591 876,1591 902,1591 928,1591 954,1591 980,1591 1007,1591 1033,1591 1059,1591 1085,1591 1111,1592 1137,1592 1163,1592 1189,1592 1215,1592 1242,1592"/>
                <TextEquiv>
                    <Unicode>nerationem mundi. nulla enim differentia</Unicode>
                </TextEquiv>
            </TextLine>
            <TextLine id="r1l87" custom="readingOrder {index:37;}">
                <Coords points="745,1637 1241,1636 1241,1609 1161,1598 745,1607"/>
                <Baseline points="750,1630 775,1630 801,1630 826,1630 852,1630 877,1630 903,1630 929,1630 954,1630 980,1630 1005,1630 1031,1631 1056,1631 1082,1631 1108,1631 1133,1631 1159,1631 1184,1630 1210,1630 1236,1630"/>
                <TextEquiv>
                    <Unicode>est inter ponentem materiam esse mo¬</Unicode>
                </TextEquiv>
            </TextLine>
            <TextLine id="r1l90" custom="readingOrder {index:38;}">
                <Coords points="747,1675 930,1674 946,1690 1022,1674 1251,1682 1251,1645 1235,1637 1113,1653 747,1640"/>
                <Baseline points="752,1669 778,1669 804,1670 830,1670 856,1670 882,1670 908,1670 934,1670 960,1670 986,1670 1012,1670 1038,1670 1064,1670 1090,1670 1116,1670 1142,1670 1168,1670 1194,1670 1220,1670 1246,1670"/>
                <TextEquiv>
                    <Unicode>bilem ex se, &amp; ponentem, quod omnes causae¬</Unicode>
                </TextEquiv>
            </TextLine>
            <TextLine id="r1l92" custom="readingOrder {index:39;}">
                <Coords points="747,1714 900,1714 915,1727 933,1714 1067,1724 1251,1707 1251,1685 1215,1677 1027,1678 1010,1693 747,1677"/>
                <Baseline points="752,1708 778,1708 804,1707 830,1707 856,1707 882,1707 908,1707 934,1707 960,1707 986,1707 1012,1707 1038,1707 1064,1707 1090,1707 1116,1707 1142,1707 1168,1707 1194,1707 1220,1706 1246,1706"/>
                <TextEquiv>
                    <Unicode>fuerunt in quiete, &amp; quod demuim in¬</Unicode>
                </TextEquiv>
            </TextLine>
            <TextLine id="r1l96" custom="readingOrder {index:40;}">
                <Coords points="745,1752 800,1765 815,1754 1242,1763 1236,1717 745,1726"/>
                <Baseline points="750,1745 775,1745 801,1746 826,1746 852,1747 878,1747 903,1747 929,1747 955,1747 980,1747 1006,1746 1031,1746 1057,1746 1083,1746 1108,1746 1134,1746 1160,1746 1185,1746 1211,1746 1237,1746"/>
                <TextEquiv>
                    <Unicode>coeperunt moueri. &amp; ideo posuerun</Unicode>
                </TextEquiv>
            </TextLine>
            <TextLine id="r1l98" custom="readingOrder {index:41;}">
                <Coords points="741,1795 1247,1792 1247,1765 1174,1753 1077,1768 990,1756 801,1767 741,1753"/>
                <Baseline points="746,1785 772,1785 798,1785 824,1785 850,1785 876,1786 902,1786 928,1786 954,1786 980,1786 1007,1786 1033,1785 1059,1785 1085,1785 1111,1785 1137,1784 1163,1784 1189,1783 1215,1783 1242,1782"/>
                <TextEquiv>
                    <Unicode>isti ante generationem mundi mo¬</Unicode>
                </TextEquiv>
            </TextLine>
            <TextLine id="r1l101" custom="readingOrder {index:42;}">
                <Coords points="740,1824 922,1839 1250,1833 1250,1797 1213,1790 1191,1805 1070,1792 1049,1806 1001,1793 740,1806"/>
                <Baseline points="745,1823 770,1824 795,1824 820,1824 845,1825 870,1825 895,1825 920,1825 945,1825 970,1825 995,1825 1020,1825 1045,1825 1070,1825 1095,1824 1120,1824 1145,1824 1170,1824 1195,1824 1220,1823 1245,1823"/>
                <TextEquiv>
                    <Unicode>tum aetemum, vt Plato dixit, quod prius</Unicode>
                </TextEquiv>
            </TextLine>
            <TextLine id="r1l104" custom="readingOrder {index:43;}">
                <Coords points="745,1875 1251,1874 1251,1836 1067,1840 1053,1827 932,1846 745,1831"/>
                <Baseline points="750,1864 776,1864 802,1864 828,1864 854,1864 880,1864 906,1864 932,1864 958,1864 984,1864 1011,1864 1037,1863 1063,1863 1089,1863 1115,1863 1141,1862 1167,1862 1193,1861 1219,1861 1246,1860"/>
                <TextEquiv>
                    <Unicode>fuit motus mordinatus, deinde Deus</Unicode>
                </TextEquiv>
            </TextLine>
            <TextEquiv>
                <Unicode>tum est, quod omne agens fuit in poten¬
tia, &amp; non omne, quod est in potentia¬
aget: vnde &amp; potentia videtur prior
actu. Deinde dicit: Sed quamuis ita
sit, nullum entium, &amp;c. i. &amp; hoc est
impossibile, quoniam, si motor omnis, &amp; 
agens haberet potentiam mouendi
&amp; agendi, possibile esset vt in aliqua
hora nihil esset: &amp; tunc possibile es.
ser quodlibet esse &amp; non esse. quam, si
possibile est, vt primus motor non 
sit vt non moueat, possibile erit vt
nihil sit omnino: quod est impossi¬
bile, vt dictum est prius, vbi locutus
est quod actus est ante potentiam. D.d.
Sed si secundum quod Loquentes in
Diuinis, &amp;c. i. nisi esset verum, quod 
Loquentes in Diuinis &amp; Naturali¬
bus dicunt, scilicet, quod omnia facta fue¬
runt ex se sine motore. vt dicentes
mundum generari ex obscuritate
&amp; vt ponentes causam generationis
omnium materiam tantum, aut vnum
elementum quatuor, aut partes infi
nitas: quod est impossibile scilicet vt aliquid
moueatur sine motore. verbi gratia,
quod signum, quod est subiectum car¬
pentarim, impossibile est vt moueat
per se absque carpentario. &amp; similiter san¬
guis mestruus impossibile est vt ab
eo fiat homo, nisi moueatur a sper¬
mate: neque terra planta, nisi mouea
tur a semine. D.d. Et ideo ponunt
quidam, &amp;c. i. &amp;, cum quidam perce
perunt, quod nihil mouetur, nisi ante
sit motus, sposuerunt motum ante ge¬
nerationem mundi. nulla enim differentia
est inter ponentem materiam esse mo¬
bilem ex se, &amp; ponentem, quod omnes causae¬
fuerunt in quiete, &amp; quod demuim in¬
coeperunt moueri. &amp; ideo posuerun
isti ante generationem mundi mo¬
tum aetemum, vt Plato dixit, quod prius
fuit motus mordinatus, deinde Deus</Unicode>
            </TextEquiv>
        </TextRegion>
    </Page>
</PcGts>
