1475 2066
247 148 759 211 Si igitur idem est semper &
262 196 759 260 circulariter, necesse est vt agat sic
252 245 763 307 per se, & sic per alterum. coelum
266 306 640 354 igitur primum aeternum.
301 338 752 392 Dixit Alexander, quod facit hic reme
261 381 765 426 morationem breuiter de eo, quod
253 416 759 459 dictum est in libro de Genera. & cor¬
261 453 760 507 ru p scilicet quod, si generatio est semper, ne¬
255 487 766 543 cesse est aliquid generare semper, &
256 533 761 583 est corpus, quod circulariter mouetur,
262 573 763 624 &, si non erit generans semper, impos
260 613 761 664 sibile est quod generatio & corruptio
263 650 763 690 sint semper. & si non, consumetur mate
256 689 763 739 ria, & tunc necesse est vt corrumpens
264 728 760 780 semper sit aliud a generante semper, aut
265 767 762 806 idem faciat duas diuersitates duabus di¬
263 806 763 852 spositionibus diuersis. immo necesse
262 845 763 898 est aliquod aeternum vnum esse, quod
260 884 760 933 sit causa actionis aeternae, qui a non
263 924 761 974 agit nisi vnam actionem, & aliquod aeter
265 960 763 1013 num, quod agat actiones diuersas, vt
260 1000 767 1043 ab eo semper sint acta diuersa. & haec
263 1045 768 1090 est dispositio primi coeli in suo motu
267 1078 763 1122 diurno. Aternitas enim actionis pro
269 1119 765 1167 uenit ex eo, quod ipse facit vnam actionem
263 1159 759 1194 semper. Quae autem faciunt actiones di¬
262 1196 757 1235 uersas, sunt quae mouentur in orbibs
257 1238 761 1274 decliuibus: & maximus eorum est Sol
260 1272 767 1325 remotus enim & propiuquus facit con¬
257 1310 771 1355 traria. v. g. quod, cum fuerit remotus, erit
264 1357 772 1394 causa corruptionis plurium entium, &
265 1388 768 1432 cum fuerit propinquus, erit causa ge¬
264 1436 767 1474 nerationis plurium: & aliquando remotus
256 1477 760 1520 generat aliqua, & propinquus gene
265 1507 763 1546 rat alia. Et omnia ista innuit mirabili
260 1546 763 1599 & breuiter per hoc, quod dixit: Si igit
254 1585 766 1639 idem, &c. i. si igitur necesse est motum
260 1624 762 1674 vnum, & continuum aeternum esse v
260 1669 764 1709 agat per se vnam actionem continuam, &
264 1707 760 1757 vt agat per aliud actiones diuersas
264 1744 764 1784 vt semper sint duae actiones: & nihil uet
264 1787 769 1826 tale, nisi coelum: necesse est vt coelum sit
257 1821 733 1866 aeternum. Et in alia translatione.
834 141 1342 199 Quod si futura est generatio
792 189 1299 233 & corruptio, aliud operas aliter.
799 230 1303 282 & aliter esse oportet. Necesse igitur
796 278 1304 314 est hoc quidem modo illud secundum se
797 320 1303 355 operari, hoc vero secundum aliud, aut
788 357 1301 402 igitur secundum diuersum, aut secundum pri¬
797 397 1301 443 mum, necesse autem est vt secundum hoca
788 436 1301 482 nanque rursus, & sibi & illtr causa¬
791 484 1293 531 est. Dignius ergo est, quod pri¬
793 524 1298 577 mum est. hoc namque, vt semper sili
790 565 1299 611 se habeat, causa erat: vt vero ali¬
795 606 1301 654 ter, aliud. vt autem semper aliter,.
792 655 1298 702 ambo scilicet. Patet igitur quod motus
794 689 1299 739 quoque ita se habent. Cur igitur alia
793 724 1337 791 quaerere oportet principia C Cum &
794 770 1302 826 vero & ita contingat (& si non
792 817 1302 866 sic, ex nocte, & simul omnibus,
794 861 1300 912 & ex non ente erunt) haec profe¬
805 900 1307 955 cto soluentur. Et est aliquid, quid
799 942 1306 986 semper incessabili motu mouetu.
796 987 1304 1027 hic vero circularis est. & hoc non
793 1029 1307 1082 solum ratione, verumetiam ope
792 1069 1304 1123 re patet. Quare aeternum est pro¬
797 1112 1153 1162 fecto primum coelum.
793 1189 1301 1234 Principium iequentis textus Auerrois vsque
806 1228 1287 1258 ibi. Et si generatio, idem est cum textu
824 1252 1264 1291 superiori Trigesimotertio, sed secun¬
844 1282 1252 1314 dum aliam translationem. quod
861 1314 1243 1347 etiam per ea vltima antecedentis
873 1346 1229 1378 commenti verba. Et in alia trans¬
932 1377 1171 1418 latione, satis patet.
843 1429 1297 1491 Si igitur idem semper fuerit cir¬
792 1472 1299 1539 culariter, oportet aliquid semper
796 1524 1309 1580 esse permanens, quod agat vnam,
801 1571 1298 1640 actione consimilem. Et, si generatio
799 1620 1305 1678 & corruptio sit, oportet aluiquid esse,
804 1668 1301 1725 quod agat multis modis. Necesse in
800 1716 1302 1778 igitur, vt agat per se secundum huc
799 1763 1309 1810 modum, & alio modo secundum aliu
793 1812 1311 1875 modum. & necesse est vt illud sit
