1475 2066
222 178 732 226 quae sunt in corporibus ccelestibus,
234 214 733 267 quod desyderatum in eis idem est cum
238 251 730 304 intellecto. Desyderatum enim apud
235 292 725 342 nos differt ab intellecto: quia poten
230 333 731 378 tia, qua comprehenditur desyderatum,
236 372 724 410 differt ab ea, qua comprehenditu:
235 409 723 450 intellectum. Desyderatum enim com¬
232 448 730 500 preheditur sensu, & est voluptatum:
232 485 725 530 intellectum autem intellectu, & est cu¬
229 529 725 579 ius actio vte bona. Corpora igitur coe¬
232 565 731 613 lestia, quia non sentiunt: sensus au¬
238 604 728 642 tem non est in animalibus nisi ad sa¬
231 643 729 682 lutem: ideo desyderatum in eis non
239 687 728 723 differt ab intellectu. intellectum. eni
232 721 737 763 mouens ab eo, quod est bonum, est in
230 760 731 813 simul voluptuosum. hoc igitur est
232 801 719 842 dicere, quod voluptuosum & intelle¬
236 837 731 878 ctum est idem in eis. Et ex hoc quidem
232 877 728 928 apparet bene haec corpora * esse ani
234 916 729 962 mata, & quod non habent de virtutibus
233 957 731 994 animae nisi intellectum & virtutem
235 997 732 1047 desyderatiuam, quae mouet in loco
241 1033 735 1072 Et hoc declarabitur ex his. Dictum
233 1069 733 1126 est enim in Octano Physicorum, quod mo
237 1110 739 1154 uens haec corpora coelestia in nulla¬
236 1150 724 1194 existit materia, & quod est forma ab
234 1189 732 1227 stracta. Amplius in libro de Anima
228 1229 727 1266 formas abstractas esse intellectus
233 1264 737 1308 quapropter mouens est intellectus,
239 1306 733 1348 & est mouens, quia agit motum, &
234 1341 730 1394 quia est finis motus. Haec autem dif¬
234 1381 732 1431 ferunt in nobis scilicet illud, quod mouet nos
235 1420 734 1472 in loco secundum quod est agens, & quod mouer
229 1457 737 1499 nos in loco secundum quod est finis. Et habet
232 1499 729 1541 duplex esse, in anima, & extra ani
236 1534 734 1579 mam. quod autem est in anima, est agens
235 1577 737 1618 motum. sedmvero, quod est extra ani
232 1613 728 1666 mam, est mouens secundum finem. V.g. *quoniam
227 1652 734 1703 balneum duplicem habet formam,
231 1692 727 1743 in anima, & extra animam: & propter il
229 1730 731 1771 lam formam, quae est in anima, desy¬
228 1768 724 1811 deramus aliam formam, quae est ex
232 1810 720 1851 tra animam. forma igitur animae bal
231 1847 737 1906 nei inquantum est in anima, est agens
765 172 1280 218 desyderium & morum: secundum autem
763 214 1257 260 quod est extra animam est finis motus, non
761 255 1259 305 agens. Si igitur forma balnei non est
757 293 1257 330 set in materia, tunc moueret & secun
764 333 1253 383 dum agens & secundum finem sine aliqui
763 371 1257 423 motione contingente. Et sic est in¬
756 413 1261 461 telligendum de mouentibus corpora
761 449 1259 501 coelestia. secundum igitur quod illa intellecta
764 485 1269 530 sunt formae eorum, sunt mouentia
764 524 1260 570 secundum agentis: secundum autem quod sunt fines
756 566 1265 610 eorum, mouentur ab illis secundum desyde
761 605 1280 653 rium. Quaeret autem aliquis, si illud
760 651 1260 695 quod imaginatur ex illis formis, est esse
756 685 1256 735 illorum corporum, quid igitur in¬
761 721 1265 765 digeret motu: si igitur forma arcae,
762 759 1269 802 quae est in anima artificis esset esse
762 797 1262 842 arcae, non moueretur ad agendam
762 844 1266 882 arcam. Dicamus igitur, quod non mo¬
757 876 1261 928 uentur, nisi quia intelligunt ex se quod
762 917 1270 962 perfectio & substantia eorum est in mo
759 956 1265 994 tu: sicut facit illud, quod mouetur ad
764 998 1270 1044 conseruamdam suam sanitatem, quia scit
766 1031 1269 1076 quod sua sanitas non conseruatur nisi
763 1076 1267 1115 motu. Et etiam intelliguntr quod motus eo¬
760 1109 1264 1153 rum est causa exitus eius, quoid est in poten
766 1148 1259 1187 tia in illis formis abstractis ad actum
764 1189 1251 1227 scilicet ad formas materiales. Istae enim for¬
767 1225 1249 1266 mae forte videntur habere duplex esse
766 1264 1255 1306 cilicet in actrm scilicet materiale esse, quod habent
760 1306 1263 1357 & esse in potentia. scilicet esse quod habem in
763 1343 1251 1394 illa forma. *Et dico in potentia, quem
760 1384 1252 1425 admodum dicimus, quod  formae artis
767 1421 1251 1458 ciales habent esse in actu in materia
763 1460 1269 1510 & in potentia in anima artificis. Vnm
769 1501 1259 1538 de hae formae videntur habere duplex
766 1537 1261 1578 esse abstractum, & materiale. EEt
763 1574 1269 1617 hoc quidem est quod facientes formas
770 1614 1266 1657 volunt dicere, sed non perueniuntur
758 1658 1269 1691 ad ipsum. Sed tamen motus eorum non
767 1700 1262 1732 est propter exitum istarum formarum a
761 1731 1254 1777 potentia in actum, ita quod illud sit perfe¬
768 1767 1260 1810 ctio prima eorum, sed ita quod illud est
759 1805 1257 1859 consequens primam perfectionem eorum. V
756 1851 1262 1898 g. quod qui exercitatur ad conseruandum
