1475 2066
230 156 737 218 ritur primo. Quoniam autem in non
246 205 739 267 mobilibus inuenitur propter quid,
236 252 737 315 haec demonstrat diuisio. propter
245 296 739 348 quid enim inuenitur alicus, &
236 349 745 410 bute. & borum quidem est hoc
245 397 733 450 ens, hoc autem non mouet igi¬
238 445 727 507 tor sicut amatum. propter mo
236 492 657 547 tum autem mouet illa alia.
280 549 744 594 Cum declarauit primum motorem,
244 580 734 626 esse aeternum & substantiam, prin¬
238 623 735 674 cipium sine materra, & motorem absque
240 662 733 717 quod mouetur, & quod mouet sicut de¬
246 703 740 753 syderatum & voluptuosum: principium
245 740 735 794 autem cuiuslibet motionis est ex aliquo
246 781 734 832 & ad aliquid: vult narrare principitu
244 820 739 871 istius motionis in moto quid est: &
238 860 735 898 quid est illud, ad quod est motus. Et d.
239 895 737 938 Principium autem est imaginatio per in¬
236 934 737 986 tellectum. i. principium autem istius motus
238 972 736 1019 existentis in corpore coelesti est ima
242 1016 738 1064 ginatio per intellectum. Et d. hoc ad
242 1051 738 1103 demonstrandum, quod principium istius mo
248 1093 738 1144 tus non est phantasia neque sensus, sed
251 1129 729 1183 imaginatio per intellectum & desy¬
242 1163 738 1211 deriu, & quod hoc corpus mouet in lo
244 1206 733 1250 eo, est ab imaginatione in actu. Et
248 1246 732 1292 quia imaginatio per intellectum, qui
251 1283 730 1334 est actio intellectus, est ipse intelle¬
242 1322 744 1361 ctus: intellectus autem est ipsum intel
244 1362 741 1402 lectum, vt dictum est in lib. oe Anima:
244 1405 735 1442 deinde d. Intellectus vero est ex in¬
236 1439 740 1482 tellecto. i. essentia autem & substantia
242 1478 733 1522 intellectus est ex intellecto. Et, quia
236 1516 733 1563 intellecta sunt plurium rerum, incoe¬
241 1556 735 1602 pit demonstrare, quod intellectum est ib
237 1605 733 1642 lud intellectum, quod mouet totum coe
232 1636 735 1687 lum motu diurno, qui est maximus
230 1677 728 1722 & velocissimus motuum, & dicit: In¬
230 1717 722 1767 tellecta autem sunt allastogia vlti, &c. i
235 1755 727 1808 Et Ale. d. quod ex hoc intelligenda sunt
230 1794 731 1844 multa: quorum vnum est, quod vna allasto¬
230 1832 729 1890 gia perse est intellecta de genere al¬
773 156 1284 217 lastogiae, quam posuerut Pythigo,
768 202 1268 252 ci, cum quaerebant de principiis, quoniam
777 236 1269 289 cum posuerunt contraria esse princi¬
768 277 1276 325 pia omnium entium, ordinauerunt conm¬
775 318 1275 358 traria decen, quae ponebant principia,
770 357 1274 401 & ordinauerunt prinmum sub genere,
772 389 1273 437 quod est bonum, & vltimum in malo. &
770 426 1270 478 quae ex istis sunt intellecta per se, sunt
762 469 1267 521 allastogia boni: quae autem mali,
765 517 1273 563 per accidens sunt intellecta, scilicet per pri¬
774 546 1276 586 uationem boni, & quasi dicat: &
769 583 1275 638 hoc intellectum collocatur sub ges
771 622 1273 666 nere boni, i. est bonum: quia bonum
768 660 1284 706 est intellectum per se. D. & forte est,
769 700 1263 755 rememoratio de allastogia, quam di¬
771 741 1259 778 cit in diuisione elementorum. & lo¬
768 789 1266 832 quitur ex istis de contrarijs, quae sunt
770 818 1265 866 in vnoquoque generum, quae sunt prin
769 855 1263 898 cipia transmutationis omnium trans¬
767 895 1275 948 mutabilium, quorum vnum est qua¬
763 932 1263 986 si forma, & aliud quasi priuatio. Al
773 973 1269 1026 lastogia autem, quae est quasi forma,
772 1013 1267 1065 est intellecta per se: quae autem est qua
765 1051 1263 1102 si priuatio est intellecta, sed non per
768 1090 1258 1142 se. priuatio enim non intelligitur nifi
768 1128 1255 1182 in respectu sui habitus, qui est for¬
769 1165 1265 1210 ma. & quasi dicat, quod hoc intellectum
768 1205 1255 1250 est de genere formae, quae est habi
770 1246 1258 1296 tus, non quae est priuatio, cum habitus
767 1284 1257 1336 intelligitur per se. Vel aliter. & est
776 1332 1257 1370 quod intendit per allastogiam vltimas for
766 1364 1261 1413 mas perfectas, quibus priuatio non
769 1400 1259 1454 admiscetur. &. qd. d. quod hoc intellectum
761 1438 1257 1493 est ordinatum in intellectis, quibus
764 1480 1262 1530 non admiscetur priuatio, non in con¬
767 1520 1261 1566 tradictorijs, quibus ad miscetur pri¬
761 1557 1268 1610 uatio. Aut intendebat per allasto¬
762 1597 1264 1649 giam, vltimam formam, non mate¬
769 1637 1269 1686 riam. hoc enim principium non intelli.
762 1678 1266 1722 gitur per se, sed per assimilationem:
758 1723 1273 1763 forma autem intelligitur per se. Et
757 1753 1261 1807 quasi dicat, quod hoc intellectum est or¬
760 1799 1261 1842 dinatum in intellectis formarum,
755 1831 1258 1875 non in intellectis materiae. Allasto¬
