1475 2066
205 165 712 222 Verum enimuero vt ex puero qui¬
210 213 710 266 dem virum fieri dicimus, tanquam ex eo
221 251 719 307 quod fiebat, id quod factum est, aut quid
208 293 710 346 perfectum est ex eo quod perficiebatur
212 341 709 378 semper etenim est aliquid medium, vt
210 380 718 425 inter esse & non esse generatio, ita
214 420 716 471 quod fit inter existens & non existens.
216 460 712 514 qui autem discit. sit sciens. & hoc est,
213 502 712 548 quod dicitur, quod fit ex discente sciens,
212 549 706 598 vt autem tanquam ex aere aqua, cor¬
209 589 715 641 rupto altero. Quare illa quidem
217 628 711 675 non reflectuntur mutuo, nec fit
214 670 704 722 puer ex viro. non enim fit ex gene.
216 710 705 762 ratione quod fit, sed post genera
213 752 703 794 tionem est. sic enim dies ex diluculo
218 804 710 853 quoniam post hoc est, quare nec dilu¬
215 837 707 883 culum ex die. caetera vero resse¬
210 878 717 922 ctuntur. Vtroque tamen modo impossibile est
210 922 715 962 in infinitum progredi. Illorum enim cum
216 972 706 1017 media sint, necesse est finem esse. haec
208 1004 704 1051 autem fuicem reflectuntur. alterius. enim
217 1053 714 1091 corruptio, alterius generatio est.
210 1090 714 1139 Simul autem impossibile eest primum
213 1130 713 1187 corrumpi, cum sempiternum sit. cum
214 1173 713 1220 enim generatio non sit infinita sun
220 1216 709 1258 sum versus, necesse est non esse
220 1261 715 1313 sempiternum illud, quo primo
220 1301 712 1346 corrupto quicquam factum est,
247 1356 719 1427 Et etiam impossibile est vt quod
213 1405 711 1467 habet principiu ex superiori, pro¬
218 1447 715 1514 cedat in infinitum ad inferius ver
216 1509 702 1571 bi gratia ex igne aer, ex aere a
219 1549 714 1611 qua, ex aqua terra. & similiter
215 1596 713 1667 sit geneus a genere semper in infi¬
219 1647 719 1706 nitum. Fit enim aliquid ex alio
218 1693 713 1751 duobus modis. vnus, non secundum
218 1740 713 1802 quod aliquid fit post aliquid, vt
215 1788 711 1851 dicitur quod nebula sit ex vapore,
208 1836 717 1899 sed vt dicitur quod ex puero fit
740 165 1266 226 vir. secundus autem, cum dicitur
742 221 1250 274 quod ex aqua sit aer. Cu autem dici¬
744 267 1251 325 mus quod ex puero sit vir, inten¬
744 313 1239 371 dimus quod ex re, quae erit, sit res
747 365 1253 425 quae iam est, aut ex re, quae com¬
743 413 1245 472 plebitur, sit res, quae iam com¬
741 450 1243 515 pleta est. quoniam, quemadmo¬
742 504 1246 567 dum inter esse & non esse est ge¬
743 553 1249 616 neratio, ita id, quod generatur,
744 600 1232 658 est semper inter id, quod est ens,
742 645 1242 710 & id, quod non est ens. addiscens
743 693 1257 760 nim est generatu sciens. et hoc intendi
742 741 1265 811 mus, cu dicimus quod ex addiscente,
748 788 1254 850 sit scies. cu vero dicimus quod ex
742 836 1256 898 aere sit aqua, et illud est per corrum
740 885 1250 947 ptione alterius,i s aeris. Et io no re¬
744 932 1246 994 uertutur res huius disponis adinut
740 981 1245 1042 ce, neque, ex viro fit puer. quonta ex¬
742 1029 1249 1090 existente no sit illud quod erit, licet
744 1077 1242 1139 post existens sit illud, quod erit. se
741 1125 1249 1186 cundum igitur hunc modum dies,
747 1173 1245 1239 fit ex mane, quia sit post. & ideo
747 1220 1236 1283 no dicitur quod mane fiat ex die,
747 1269 1241 1315 alia vero reuertuntur ad tnuicem.
741 1316 1241 1376 Et secundum hos duos modos impos¬
744 1364 1247 1426 sibile est vt res procedant in infini¬
744 1413 1232 1474 tum. Ea enim quae sunt inter duo,
747 1460 1248 1522 necesse est esse finita. ista autem
742 1516 1238 1554 reuertuntur ad inuicem. corruptio
745 1556 1249 1619 nm vnius est generatio alterius. Et
741 1602 1245 1666 cum hoc, impossibile est vt primum
743 1662 1236 1707 aeternum corrumpatur. quontam,
745 1701 1244 1761 quia generatio ex superiori non
749 1745 1249 1803 procedit in infinitum, necesse est
756 1793 1231 1854 vt primum, quod corrumpitur,
740 1840 1215 1891 & sit aliud, non sit aeternum,
