1479 2066
241 148 747 210 gia enim, quae est forma, est per se
252 191 735 236 & simpliciter: intellecta autem mate
246 235 745 282 rierum decem entium sunt per assi¬
252 277 749 323 milationem. & ideo dixit post: &
248 311 745 354 ex istis substantia est prima. & hoc
245 350 749 405 magis sonat ex suis verbis. Et. quod d. &
242 390 734 434 hoc intellectum est collocatum in in
238 429 749 483 tellectis formarum, quae intelligunm,
244 472 747 514 tur per se & non per assimilationem, &
247 508 750 548 sunt intellecta materiae: & collocan
246 556 738 600 tur de hoc genere in specie forma¬
240 585 745 635 rum substantialium, & ex istis in eis,
240 629 738 678 quae sunt simplices. Formarum enim
244 664 749 715 quaedam sunt substantiales, quaedam
244 703 742 746 non. substantialium autem quaedam materia
237 744 736 798 les, & quaedam non: in quo genere
242 786 735 826 collocatur hoc primum intellectum
242 823 746 866 & hoc intendebat, cum d. simpler, &
245 861 735 916 quae est in actu. intendebat enim
240 899 742 949 simplex formam, cui non ad misce¬
241 939 743 990 tur materia. compositum enim est om¬
248 980 745 1032 ne, cui potentia admiscetur. & quia
252 1021 748 1071 otentia per aliud intelligitur, actus autem,
248 1060 748 1107 per se, magis intelligitur illud, cui¬
241 1097 746 1138 nulla potentia admiscetur. D.d. Et
248 1142 747 1186 vnum & simplex non sunt idem, &c. i.
244 1180 749 1219 quoniam vnum, quod dicitur de continuo, non
240 1216 745 1267 significat idem et simpliciter abso¬
242 1255 749 1298 lute. Vnum enim quod dicitur de con
248 1293 746 1348 tinuo, significat aliquid, quod est multum
245 1333 745 1385 in potentia, & vnum in actu. conti¬
245 1374 735 1424 nuum enim diuisibile est: simplex au¬
240 1411 743 1470 tem absolute indiuisibile significat,
240 1453 749 1500 potentia & actu. Et vniuersaniter sim
240 1500 749 1539 plex, & vnum dupliciter dicuntur,
237 1533 749 1581 aut absolute, aut in comparatione.
243 1567 741 1619 Absolutum autem vtriusque: est illud,
240 1608 749 1650 cui non admiscetur materia, neque: est
243 1645 743 1690 indiuisibile omnino. Et fecit hic diffe¬
245 1685 745 1730 rentiam inter vnum & simplex, quia
238 1725 747 1770 famosior intentio, quam significat
240 1761 749 1814 hoc nomen vnum, est illud, quod dicitur de
243 1803 748 1850 continuo: & famosior intentio, quam
237 1840 747 1898 significat hoc nomen simplex, est
774 148 1277 202 simplex absolutum. & propter hoc timuit,
776 188 1277 234 ne accideret error in hoc nomine sim¬
779 229 1283 290 plex, propter hoc nomen vnum famo¬
777 270 1287 314 sum, dum vnum ponatur pro altero. D.
778 313 1280 366 d. & estam illud, quod eligitur propter se in vni
773 350 1285 394 tate elementorum istorum, est nobile¬
778 392 1284 439 valde. i. & etiam illud, quod eligitur propter
772 432 1282 483 se. & desyderatur inter haec principia
781 470 1281 515 abstracta, quorum vnumquodque est ali¬
777 517 1287 558 quid vnum simplex,. & elementum cor
782 549 1285 598 poris, quod mouet, est illud, quod est ex¬
781 587 1277 634 eis in fine nobilitatis, & simplicita¬
774 629 1276 678 tis & vnitatis. Et intendit per hunc
772 668 1281 721 sermonem distinguere inter primum
774 704 1273 754 principium & aua principia abstra
775 744 1276 786 cta. Alia enim videntur esse electa, &
777 781 1283 836 desyderata, propter alia. scilicet principia alio¬
775 828 1285 872 rum motuum coelestium praeter mo¬
781 868 1282 912 tum diurnum. qued autem hunc mo¬
776 897 1277 946 tum facit videtur esse electum per se,
772 941 1285 981 cum versus ipsum mouetur omne motu
783 976 1280 1027 velociori & maiori motibus pro¬
776 1025 1279 1069 prijs vnicuique eorum, est enim electum
776 1060 1289 1107 per se & amatum omnibus: tale au¬
775 1096 1280 1145 tem est perfectum secundum finem. D.d. cum
778 1134 1284 1178 acquiritur primo. i. cum illud, quod
772 1173 1283 1224 est valde nobile, est illud, quod acqui¬
774 1214 1277 1265 ritur per se: & omnia, quae acqui,
775 1253 1283 1309 runtur, propter ipsum acquiruntur.
778 1297 1269 1348 D.d. Quoniam autem in non mo
776 1332 1276 1388 bilibus inuenitur propter quid, haec
776 1372 1281 1416 demonstrat diuisio. Et Alexan. d.
783 1412 1281 1459 quod dixit hoc, ne aliquis existi.
776 1453 1280 1498 met, quod intendebat perfectionem,
781 1483 1285 1542 quae est accidens in perfecto. Perfe¬
775 1536 1279 1571 ctionum enim, propter quas mo¬
782 1570 1281 1623 uetur perfectum. quaedam sunt qua¬
778 1609 1280 1650 litates, quibus perficitur illud, quod
779 1648 1283 1701 mouetur, vt illud, quod mouetur, pro¬
786 1685 1286 1729 ter sanitatem. & quaedam sunt sub
778 1730 1286 1770 stantiae extrinsecae a re, quae mouentur
780 1762 1284 1809 ad eas, vt assimilentur eis. vt inuenium
774 1805 1274 1842 tur omnes actiones seruorum, quo
776 1844 1285 1899 niam sunt ergaus genera intentionum
