1475 2066
223 155 729 218 mutationum, & est quae est secin
225 205 733 270 dum circularitatem, & hic est mo
224 257 737 315 tor istorum. Ex necessitate igitur
231 317 736 362 inuenitur principium etiam, quod
225 349 745 411 de necessitate sit principium. Et ne
235 399 733 450 cessitas dicitur secundum. hos mo¬
234 445 736 513 dos, quaedam igitur est violente,
234 505 735 555 quia est extra naturam: & quae¬
235 545 739 607 dam impossibile est, vt sit simpli¬
236 594 742 659 citer alio modo quam sic. coelum
227 649 738 703 igitur, & natura continua sunt si¬
239 700 525 751 cut per principium.
250 733 740 787 Vult declarare modum colligatio
223 778 743 827 nis entium transmutabilium cum pri
238 814 735 858 ma substantia. est enim in hoc magna
239 854 735 897 quaestio iam praedicta, scilicet quomodo aeter¬
241 893 743 938 num est principium generabilis &
241 940 739 985 corruptibilis. Et d. Si igitur aliquid mo
242 970 728 1011 uetur, possibile est vt sit diuersarum dispo¬
237 1012 737 1050 sitionum. & haec propositio est ve¬
239 1049 744 1100 ra in modis transmutationum. quod
236 1087 734 1130 enim transmutatur in substantia, iue
238 1125 740 1170 nitur diuersarum dispositionum in sub
238 1167 738 1218 stantia, & similiterin qualitate, & in loco¬
240 1205 733 1258 D.d. Si igitur allatio, &c. i. si igitur mot
240 1247 738 1295 transmutationis, quo mouetur primum
236 1285 742 1322 motum, fuerit possibile est vt hoc motum
223 1325 747 1367 habeat diuersitatem in loco, non ha
245 1362 743 1405 bendo diuersitatem in substantia. scilicet
244 1399 737 1450 quod possibile est inuenire aliquod aeternum
245 1439 739 1482 non transmutabile in substantia, &
244 1479 735 1530 transmutabile in loco: & est quas
249 1522 743 1562 medium inter primum, in quo nul¬
245 1555 741 1595 la transmutatio est, & inter transmu¬
239 1597 739 1645 tabilia in substantiis suis. Et hoc in¬
246 1634 739 1686 tendebat cum d. Et quia illud, quod
237 1674 740 1722 mouet ipsum, est non motum, cum sit
244 1712 747 1754 in actu, impossibile est omnino vt sit secundum aliam
249 1752 736 1800 dispositionem. i. quod illud, quod mos
238 1797 734 1841 uet primum motum, cum sit non mo
238 1837 743 1883 tum, quia est actus purus sine aliqua
764 157 1274 211 potentia, impossibile est vt habeat aliam
769 205 1277 242 dispositionem ab ea, quam habet. De¬
773 237 1273 282 inde d. & translatio est prima trans¬
765 276 1273 322 mutationum, &c. i. & translatio est
766 317 1274 362 primus motuum, sicut dictum est i
776 352 1274 394 Naturalibus: & ex istis circularis. D.
767 399 1277 448 d. & hic est inotor istorum. i. & pri¬
768 429 1280 474 mus motor mouet istum motum tantum si¬
772 471 1276 524 ne medio. D.d. Ex necessitate igitur,
770 508 1280 561 &c. i. declaratum estio itur, quod necesse est
777 540 1271 598 tale principium esse de necessitate,
773 589 1267 626 D.d. Et necessitas dicitur secundum ho¬
772 629 1266 666 modos. i. duobus modis: quorum vni
768 664 1267 706 est violente, & est illud, quod est ex
770 704 1266 746 trinsecum a natura rei. & dicitur etiam de
769 741 1274 794 eo, quod est impossibile, vt in aliqua ho
766 780 1276 819 ra sit contra suum esse. & hoc intel¬
765 820 1275 859 lexit, cum dixit: hoc est de necessita¬
773 870 1269 899 te principium. D.d. in alia transla¬
772 900 1280 939 tione, cum tali principio continuum
769 938 1272 987 est coelum, & natura, sicut in nobis
774 976 1279 1018 bona dispositio paruo tempore. i. iam
774 1017 1281 1060 igitur declaratum est quod coelum & na¬
770 1053 1274 1107 turalia continuantur cum primo, quod
773 1085 1277 1138 est intellectus, qui est in fine gaudit
775 1131 1271 1185 & voluptatis, sicut nostra dispositio
774 1170 1271 1216 in continuatione cum intellectu, quo
772 1211 1274 1261 est principium paruo tempore. D.
775 1245 1265 1290 d. Ista igitur dispositio in illo est sem
773 1292 1267 1335 per, nobis vero est impossibile i. sec
774 1324 1262 1371 continuatio coeli cum hoc princi¬
767 1361 1262 1410 pio semper est, nostra autem conti
769 1401 1273 1451 nuatio cum principio, quod est in no
772 1438 1266 1490 bis, impossibile eest vt sit semper. illuc
773 1484 1269 1523 autem, quod continuatur de nobis
770 1521 1266 1562 est generabile & corruptibile, in cor¬
772 1563 1260 1604 pore vero coelesti est aeternum. Et ex
769 1597 1263 1646 hoc quidem apparet bene quod Arist
772 1637 1261 1674 opinatur quod forma hominum, in eo
773 1672 1261 1722 quod sunt homines, non est nisi per conti
773 1712 1265 1762 nuationem eorum cum intellectu, qui
772 1751 1263 1805 declaratur in libro de Aia esse prin
772 1791 1262 1842 cipium agens & mouens nos. Intel
775 1829 1273 1874 ligentiae enim abstractae, in eo quod sunt
