1475 2066
214 156 731 202 abstractae debent esse principia eo¬
214 197 726 249 rum, quorum sunt principia duobus
226 239 733 282 modis, secundum quod sunt mouentes, & secundum
230 285 729 322 quod sunt finis. Intelligentia enim agens,
230 317 731 368 inquantum est abstracta & est prin
228 363 736 403 cipium nobis, necesse eest vt moueat
230 395 727 434 nos secundum quod amatum amans. & si om¬
231 436 735 475 nis motus necesse est vt continuetu
228 471 734 514 cum eo, a quo sit secundum finem, necesse
232 509 728 561 est vt in postremo continuetur cum hoc
226 550 736 594 intellectu abstracto: ita quod erimus de
230 597 729 641 pendentes a tali principio, a quo co
230 623 732 678 lum dependet: quamuis hoc sit in no¬
224 665 732 723 bis modico tempore, sicut dixit Aristot.
222 733 730 778 De vita, essentia, perfectioneque primi prin¬
259 777 699 827 cipui. Et contra nonnullos dicentes in
299 815 667 868 ipso non esse optimum, ac pul¬
340 854 614 907 cberrimum. Cap. 2
348 909 733 971 Egenntia vero, qualis non
322 923 731 1015 Ibis pauco tempore, opti
346 996 726 1042 ma illi est. siquidem ita se,
228 1038 726 1082 per illud est. nobis autem profe¬
228 1085 731 1130 cto id impossibile est: quoniam & de¬
228 1125 735 1170 lectatio actus huius est. Et ob hoc
224 1165 727 1210 vigilatio, sensus, intellectio ma¬
225 1210 721 1251 xime delectabile est. spes autem,
225 1259 733 1302 ac memoria propter haec. Ipsa
214 1291 734 1346 vero intellectio secundum se eius est: quid
224 1337 728 1379 secundum se optimum est. & quae ma¬
226 1384 735 1437 xime est: eius quod maxime est.
221 1421 729 1467 seipsum vero intellectus intelli¬
223 1460 737 1514 git assumptione intelligibilis. in
222 1502 726 1557 telligibilis nanque sit attingens &
229 1548 729 1600 intelligens, ita vt idem intellectus
224 1597 732 1634 & intelligibile sit. susceptiuum
222 1629 727 1682 enim intelligibilis & substantia
221 1670 725 1715 intellectus est, operatur autem
220 1712 731 1767 habens. Quare istud magis, quam il
225 1757 727 1802 lud est id diuinum, quod intelle
225 1802 724 1842 ctus videtur habere. & specula¬
222 1838 736 1890 tio optimum, & maxime dele¬
765 157 1270 202 ctabile est. Si igitur ita bene se habet
765 204 1274 253 Deus semper, vt nos aliquandm, admi
761 243 1281 290 rabile est. quod si magis, adhuc
761 287 1277 330 admirabilius est. at ita se habet.
760 328 1271 381 Caeterum, vita quouquid profecto
764 373 1280 419 inexistit. siquidem intellectus ope¬
756 413 1272 458 ratio vita est. ille vero est actus,
756 456 1275 504 actus vero per se illius vita opti
756 498 1271 546 ma, & perpetua est. Dicimus ita¬
760 537 1276 590 que Deum, sempiternum, opti¬
764 575 1263 635 mumque viuens esse. Quare vita
762 628 1262 675 & aeuum continuum, & aeternum
765 665 1239 706 Deo inest. hoc enim est Deus.
803 717 1290 782 Voluptas enim est actio illius:
764 771 1271 834 etiam. Et id eo vigilia & sensus,
756 818 1272 883 & intellectus sunt voluptuosa. spex
764 869 1277 930 autem, & rememoratio sunt pro¬
760 917 1268 978 pter ista. intellectus autem per se
765 965 1272 1027 est eius, quod est nobilius per se. et
760 1012 1272 1078 quod est magis, est illius, quod est
764 1061 1272 1123 magis. & quod intelligit se, est in
763 1108 1272 1170 tellectus per acquisitionem intelle¬
760 1157 1271 1218 cti. sit enim intellectum, quando ad
756 1204 1273 1270 miscetur, & intelligit. intellectus,
756 1253 1267 1308 igitur, & intellectum sunt idem.
756 1301 1290 1362 recipi es enim intellectum, & sub
760 1347 1258 1397 stantiam eius est intellectus, &
763 1397 1268 1461 non intelligitur, nisi cum habet. In
763 1445 1275 1508 tellectus igitur ille diuinus est ma
763 1493 1269 1550 ior isto. desyderatio autem est ali¬
763 1539 1267 1602 quid valde nobile, & voluptuosu.
765 1595 1267 1656 Si igitur Deus semper est, sicut nos
763 1640 1261 1698 in aliqua hora, hoc est mirum. &
760 1684 1268 1757 si magis, magis est mirum. est au¬
760 1737 1275 1800 tem sic. Et habet vitam, quia actio
767 1784 1275 1834 intellectus est vita. & ille est in¬
759 1829 1267 1898 tellectus per se, & habet vita no¬
