1475 2066
227 149 737 194 existit, in Deo autem semper: syalde est mi
237 188 735 236 rabile, & si illa voluptas, quae semper est
234 229 740 280 in eo, est nobilis multo magis qua in
232 269 739 319 nobis est, magis & magis est mirabi
238 309 734 346 le. Et Alexam. dixit, quod non est intelli¬
239 342 743 397 gendum per voluptatem, voluptatem con¬
232 384 737 426 sequentem passionem, quae opponitur
237 424 744 466 tristitiae. Voluptas autem, quae est in intel
236 462 742 503 lectu, non est passio, neque habet opposi
232 500 729 545 rum: cum ista comprehensio non omni
230 541 734 593 ponatur ignorantiae. Voluptas enim co¬
232 585 740 627 sequitur comprehensionem, sicut vm
234 619 731 670 bra corpus. Si igitur aliqua compre¬
240 654 742 708 hensio est, quae nullum oppositum
234 693 740 739 habet, nunquam est in potentia, cum com¬
228 740 730 778 prehendenti nunque accidit dolor,
242 773 738 822 defectum comprehensionis. D.d. Et
241 810 741 850 habet vitam, quia actio intellectus est
240 860 744 890 vita. i. & dicitur de eo vita. hoc enim nomen
238 888 735 938 scilicet vita dicitur de comprehensione. & cum
234 925 741 970 actio intellectus est comprehensio:
238 965 741 1018 ergo actio intellectus est vita. D.d.
240 1004 734 1044 & ille est intellectus per se, & habet vita
238 1044 727 1082 nobilem. i. & cum intellectus est vni
238 1083 745 1128 & cum actio eius est vita, illud igitur,
240 1122 745 1173 quod intelligens est, quia intelligit
236 1158 736 1213 se, non quia intelligit aliud, illud est
236 1197 740 1246 viuum, quod habet vitam in fine no¬
243 1236 739 1276 bilitatis. & ideo vita, & scientia pro¬
232 1284 720 1327 prie dicuntur de eo. Est igitur vnus, De
227 1313 741 1366 sapiens. & hoc putauerunt Antiqui
234 1356 733 1394 trinitatem esse in Deo in substantia
237 1392 739 1434 & voluerunt euadere per hoc, & dice¬
236 1436 737 1474 re quia fuit trinus, & vnus Deus, &
239 1461 735 1514 nesciuerunt euadere: quia, cum sub
239 1516 739 1562 stantia fuerit numerata, congrega¬
240 1549 742 1593 tum erit vnum per vnam intentionem,
237 1592 744 1642 additam congregato. Et d. Alexam. &
240 1626 739 1682 hoc similiter contingit loquentibus in le¬
231 1670 741 1710 ge Maurorum, ponentibus has di¬
239 1703 743 1754 spositiones additas essentiae. quapr per
237 1749 738 1786 contingit eis vt sit vnus per vtam in¬
239 1788 727 1826 tentionem additam essentiae mate
237 1820 741 1874 riae & dispositionibus. Et vtrique di¬
766 149 1288 202 spositioni dubitatur accidere compo¬
763 188 1268 234 sitio. & omne compositum est nouum,
764 232 1269 281 nisi dicant aliqua componi per se. & si
768 277 1275 319 aliqua essent, quae componerentur,
771 309 1267 354 per se, tunc exirent de potentia in actum
779 345 1241 398 per se, & mouerentur sine motore
769 384 1273 436 se. Et sic est intelligendum, cum di¬
769 421 1273 477 cimus ipsum esse vnum, & habentem,
768 462 1270 506 vitam scilicet idem in subiecto, & duo secundum
774 502 1269 553 modum: non quia significant idem
775 538 1267 586 omnibus modis, sicut significant nomnia spy
770 578 1265 632 nonyma, neques sicut significant no¬
772 617 1263 659 mina, neques sicut principale & sum
768 654 1265 707 ptum, quia sumptum significat idem
770 696 1265 747 quod significat principale, & magis
770 732 1270 788 Vita enim significat aliquid non in
768 773 1269 824 subiecto: viuum autem significat ali¬
776 820 1273 858 quod in subiecto: scilice t formam in
767 851 1274 898 materia, & habitum in subiecto. hae
769 887 1277 941 igitur sunt dispositiones significatio¬
771 928 1274 970 num nonum in eis, quae sunt forma in
764 965 1274 1012 materia In eis autem, quae sunt forma non
773 1004 1277 1057 in materia, dispositio & dispositum
771 1044 1275 1082 reducuntur ad vnum in esse, & duo in
764 1085 1275 1130 consyderatione. Ista enim essentia,
766 1120 1266 1168 cum fuerit accepta secundum quod est posita
771 1159 1269 1213 & fuerit disposita in aliqua disposi¬
772 1205 1274 1251 tione, tunc dispositio & dispositum
771 1237 1273 1282 vnum erit in praedicatione, & duo
770 1276 1275 1326 in intentione. quia praedicatum differt
775 1317 1271 1353 a subiecto: sed tamen non sicut praedica¬
769 1355 1277 1404 tum differt a subiecto in propositio
775 1394 1273 1445 nibus categoricis substantialibus. Di
770 1432 1277 1476 spositio enim idem est & dispositum,
773 1476 1275 1522 sicut in rebus abstractis: sed in poten
767 1510 1267 1560 tia duo, quando intellectus diuiserit vnum
768 1549 1273 1594 ab altero. intellectus enim natus est
775 1593 1267 1636 diuidere adunata in esse in ea, ex qui¬
773 1627 1270 1678 bus componuntur, quamuis non diui
775 1669 1267 1706 dantur in esse: sicut diuidit materiam
775 1703 1273 1758 a forma, & formam a composito ex ms¬
767 1745 1263 1786 teria & forma. Haec igitur est disposi¬
766 1781 1263 1837 tio intellis in rebus compositis ex ma¬
766 1822 1264 1875 teria & forma, cum disponit compos¬
