1475 2066
220 141 737 198 tum performam, aut cum disposuit
237 185 731 234 compositum habentem formam per formam
232 227 726 266 intelligitur enim vtraque: esse adunata ali
234 262 728 313 quo modo, & differentia aliquo modo. v. g
234 307 729 355 quia, cum disposuit hominem per ratio¬
235 348 731 399 nabilitatem, intelligit, quod subiectum
234 381 739 420 rationabilitatis & rationabilitas idem sunt
234 419 735 480 in adunatione: & intelligit, quod defe¬
232 460 728 498 rens ex eis est aliud a detato. Cum au
231 500 727 539 tem fuerit consyderata dispositio &
231 540 731 590 dispositam in eis, quae non sunt in ma
235 581 739 618 teria, tunc reducuntur ad vnam inten
229 621 732 658 tionem omnibus modis: & nullus mo
230 653 734 710 dus erit, quo praedicatum distinguatur
230 692 736 746 a subiecto, & dispositio extra intelle¬
225 735 729 771 ctum. scilicet in essentia rei. Sed, cum intel
233 772 731 822 lectus componit aliquam proposi¬
227 813 732 862 tionem ex dispositione & disposito in
233 852 733 902 talibus rebus, tunc non intelligit ex
228 900 737 939 eis nomnia synonyma, ita quod, propositio
229 932 727 970 sit secundum nomen, non secundum intentionem
230 968 730 1023 sed intelligit ea esse differentia secundum assimu,
230 1006 731 1058 lationem scilicet quod in talibus accipit duo
232 1045 736 1100 quorum proportio adinuicem alte
229 1093 733 1138 rius ad alterum est sicut proportio
235 1128 735 1175 praedicati ad subiectum. & ex eis con
230 1171 734 1217 ponit propositionem categoricam, &
235 1212 733 1253 nullam intelligit differentiam inter ea esse
234 1245 737 1291 omnino, nisi secundum acceptionem, scilicet quia
229 1282 727 1334 idem accipit dispositum & disposi
220 1322 727 1370 tionem. Intellectus enim potest in
233 1360 737 1403 telligere idem his duobus modis secundum
225 1405 726 1441 similitudinem ad propositionem ca
229 1440 722 1492 tegoricam in rebus compositis, si
234 1484 723 1533 cut intelligit multa secundum similitudi
224 1525 736 1567 nem. & si intellectus non accepisset
226 1557 725 1608 in istis dispositionem & dispositum
236 1600 728 1649 non posset intelligere naturas eorum
229 1636 735 1688 neque declarare eas. & magna differe
224 1673 735 1724 tia est inter ea, quae differunt in esse &
228 1712 724 1767 in intellectu, & quae differunt in intel
226 1754 727 1794 lectu tantum: Multiplicitas igitur in Dec
229 1791 729 1834 non est nisi in in tellectu differentia, non in
229 1831 735 1881 esse. Sed Alex. d. quod non est intelligen
772 141 1260 194 dum per hoc, quod dicimus, non intellect
763 181 1253 232 intelligit se, secundum alterationem. videm
770 220 1269 261 enim virtutem visibilem videre se
767 260 1261 312 in speculo. & cum hoc possibile est dice
768 301 1258 353 re in eo, magis est possibile in intel
764 337 1270 389 lectu. D.d. Deus igitur est vnus, &c. i.
771 381 1269 420 & secundum hoc: quod sonat hoc nomen,
768 413 1278 458 est vnum aeternum valde nobile. &
773 453 1279 504 declaratum est ratione aliquod ta¬
771 496 1259 531 le esse: & est illud, quod mouet om
769 532 1093 583 ne. hoc igitur est Deus,
811 573 1262 629 Quicunque vero (vt Pythago
763 612 1271 666 ri ci & Pseusippus) putant opti¬
766 659 1273 698 mum & pulcherrimum non esse
764 696 1269 751 in principio, eo quod plantarum quo
769 740 1275 798 que ac animalium principia cau¬
768 783 1275 841 sae quidem sunt, bonum vero &
768 823 1272 877 perfectum in his esse, quae ex his
767 869 1266 926 sunt, non recte putant. semen nam
762 908 1273 962 que ex aliis prioribus perfectis
769 952 1273 1002 est, neque semen primum est, sed
768 999 1272 1043 quod perfectum est. veluti homi¬
767 1037 1271 1091 nem dicere quispiam possit prio¬
765 1077 1273 1130 rem semine esse, non illum, qui
766 1130 1272 1178 eo generatur: sed alium, ex quo
766 1165 1038 1215 ipsum semen est.
793 1204 1275 1266 omnes autem, qui existimabat
772 1253 1267 1318 existimationem, vt Pythagorici &
767 1300 1272 1355 Lcucippici, quod bonum & nobile
763 1352 1277 1413 non est in primo, quia causae plan¬
764 1399 1284 1458 tarum & animalium sunt princi¬
766 1452 1272 1515 pia, & quod bonum & perfectu
760 1509 1273 1552 sunt in eis, quae sunt ex istis, non ue
766 1550 1277 1609 rum reputant. Semina enim sunt
761 1591 1271 1650 ex aliis praecedentibus perfectis.
760 1642 1280 1706 primum autem non est semen, sed
762 1689 1269 1756 aliquid perfectum. verbi gratia,
760 1738 1274 1804 quod hominem. oportet esse ante
765 1788 1259 1846 sperma, non illud, quod fit ex hoc
761 1845 1157 1899 sed aliud, ex quo sit semen¬
