1475 2066
212 157 727 211 alia, in quibus semper existit potentia,
226 204 727 242 siue corruptibilia sint siue non. Et
226 239 721 295 vniversalter si actio singular is per se possibile est re¬
227 279 728 322 manere in infinitum cum aeternitate
227 320 735 362 temporis: actus vero, qui exit ab eo, qui est
222 356 722 407 in potentia, est complementum illius
224 394 725 442 quod est in potentia: & impossibile
218 437 727 475 est in tali actu ipsum permanere in in
217 479 720 515 finitum, cum praecedat ipsum poten
226 517 729 555 tia: quapropter necesse est vt poten
221 549 726 595 tia mouens, quae est in stellis, sit infi¬
224 596 727 640 nita: quoniam stellae acquirunt hac poten
227 629 729 666 tia non modo potentiali. Motus au¬
220 668 721 715 tem eorum in loco est finitus. poten¬
226 706 729 754 tia enim non est in stellis, nisi secundum has
222 740 714 796 dispositiones. Haec igitur sunt ver
220 781 725 826 ba Themistii. Et abbreuiatio eius est
230 823 730 869 quod omnis motor in loco, motio eius
225 861 717 911 est ad aliquid in potentia: & omne
228 901 724 946 quod mouet ad aliquid, quod est in
222 937 729 989 potentia, motus eius est finitus, cum
224 978 728 1018 illud, quod est in potentia, necesse est
224 1022 732 1069 vt exeat ad actum: omne igitur, quod mouet
226 1055 726 1102 motu aeterno, motus eius ad aliquid
226 1093 727 1144 sper in actu: & quod est sper in actu non est
221 1133 729 1182 corpus, neques in corpore, omne enim in quo
222 1170 721 1223 est potentia, aut est corpus, aut pote
225 1211 729 1263 tia in corpore. in quo igitur non est po¬
224 1249 734 1298 tentia, neque est corpus, neques potentia
225 1286 722 1338 in corpore. Et illud, super quod Aris
222 1325 732 1370 est sustentatus in hac intentione, est
220 1365 724 1410 quod omnis actio aequalis infinita sper aeter¬
222 1412 721 1451 na necessario sit a potentia, cuius a
216 1440 719 1482 ctio est infinita, cui nulla transmu
222 1479 713 1522 tatio accidit, propter quam deficiat actio
218 1518 727 1562 & omnis potentia mouens in loco in con
218 1557 728 1605 pore, cui accidit transmutatio, neces
216 1596 729 1642 se est vt eius actio non sit sper aeterna,
221 1644 719 1682 quia ab alio mouetur, hoc ioitur est in
220 1684 720 1728 telligendum de eo, quod est infinitae mo
225 1719 725 1762 tionis in alterum. Et, cum ita sit, poten¬
216 1751 729 1794 tiae mouentes, quae sunt in corporibuis,
219 1795 732 1834 sunt duobus modis. aut potentiae in
217 1829 730 1883 corporibus generabilibus & corruptibi
758 156 1284 213 libus. hae igitur impossibile est, vt sper moueant in
752 203 1259 253 se propter transmutationem eorum, & propter
757 244 1265 277 transmutationem subiecti eorum. &
759 277 1259 323 ideo accidit talibus necessario fessi¬
759 324 1256 367 tudo. aut potentiae mouentes in cor
756 364 1259 410 poribus aeternis. hae igitur possibile est vt
760 395 1263 438 moueant sper, & vt non moueant sper¬
759 435 1267 483 Possunt enim non semper mouere, si po
754 471 1263 515 suerimus illud, ad quod mouentur scilicet
757 513 1253 562 primum motorem, receptibilem trans
756 549 1258 594 mutationis cuiuscunque modi. Pos¬
757 589 1257 644 sunt autem semper mouere, quando illud, ad
756 628 1271 667 quod mouentur, fuerit non transmutabi
758 669 1266 706 le aliquo modo transmutationis. &
760 709 1265 746 hoc est, cum non fuerit corpus omnino.
758 744 1284 786 Si igitur motum aeternum est, necesse est s
758 785 1258 828 vt moueatur per potentiam existentem
759 822 1272 868 in eo a motore, cui nullus modus trans¬
758 868 1269 899 mutationis accidit: & tale in nulla ma
753 908 1260 951 teria existit. Haec igitur est intentio
759 941 1269 977 Arist. cum d. quod omnis actio infinita
762 975 1265 1026 prouenit a potentia infinita, i. infini
757 1015 1265 1058 tae actionis. hoc etiam modo proprio ma¬
762 1054 1262 1107 gis apparet. corpus enim coeleste animatum
759 1093 1268 1144 est, necessario. Heuertamur igitur ad
760 1133 1265 1170 nostrum locum. Et dicit Arist. Et etiam
764 1171 1271 1222 manifestum est, quod non patitur &c.
759 1213 1269 1251 i. & manifestum est etiam, quod in motore.
757 1248 1266 1298 qui semper mouet & eadem disposi
761 1293 1269 1330 tione, quod non patitur neque alteratur quo
758 1327 1256 1365 niam, cum mouetur in loco, nullum
758 1372 1256 1413 aliorum motuum recipit. motus. eni
760 1405 1261 1442 in loco praecedit omnes motus: & cum no
756 1443 1244 1493 bilorem non habet, non habet viliorem
761 1482 1269 1530 Corpus enim coeleste, quia est nobi
761 1519 1259 1562 lius omnibus corporibus habet nobilissit
765 1557 1272 1612 mam motum. scilicet localem. Et quia iste¬
762 1596 1273 1646 motor est nobilior corpore coelesti
759 1637 1272 1675 fuit causa permanentiae eius in nobi
760 1676 1271 1716 liori dispdsitione, scilicet in motu. Deinde
758 1717 1269 1754 dicit: Haec igitur manifesta sunt esse
760 1749 1268 1794 talia. & innuit omnia, quae declara¬
765 1790 1274 1842 uit de hoc primo motore, qui non
757 1829 968 1875 est in materia.
