1475 2066
198 165 715 218 VQuot sint numero substantiae immobiles.
254 205 716 255 ac spherae, quae ab eis mouentur, opinio¬
258 245 721 297 nes tum aliorum, tum propria: ac perad
252 282 718 322 modum Antiquos de ipsis loquenies con¬
249 322 553 370 firmatio. Cap. A
284 381 718 427 VTrum autem vna sit poneni
326 423 713 466 da talis substantia an plu
317 466 709 514 res, & quot, non oportet
212 505 703 556 nos latere, sed meminisse quoqu
208 548 714 594 aliorum snias, quod de pluralita¬
210 597 714 642 te nihil, quod dictu perspicuum
209 637 711 674 sit, dixerunt. De ideis nanque opi
213 675 707 714 nio nullam accom modatam consy¬
218 717 717 755 derationem habet. Numeros nam
218 765 713 805 que dicunt indeas, qui dicunt indeas
213 801 707 844 esse: de numeris vero quandoque vt de
205 839 706 890 infinitis aiunt, quandoque tanquam vs
212 886 713 935 que ad denarium determinatis,
216 932 703 972 qua vero de causa tanta numero
205 965 704 1018 rum pluralitas sit, nihil cum diligen¬
204 1008 625 1050 tia demonstratiua dicitur.
248 1068 711 1130 vtrum autem ponenda est talis
205 1109 709 1178 substantia vna, aut plures, & quo
202 1165 713 1227 sunt. & non debemus occultare sen
209 1212 715 1274 mones aliorum, sed dicere iudicia
199 1261 711 1323 eorum. nihil enim manifeste dix¬
198 1309 706 1354 runt in multitudine. Sententia. enim
206 1356 713 1419 de exemplaribus non habet persrum
201 1404 709 1466 tationem propriam omnino. Dicen¬
211 1450 711 1500 tes enim exemplaria dicunt ea es¬
201 1500 709 1564 se numeros. & de numeris quando
204 1549 697 1610 que dicunt eos esse infinitos, &
200 1601 712 1659 quandoque vsque ad decem. quare
199 1646 704 1706 uero multitudo numerorum est sic.
198 1692 669 1755 nihil dixerunt demonstratione.
198 1761 711 1802 Cum autem declarauit vnam sub¬
203 1798 712 1843 stantiam aeternam esse non in mate
198 1844 715 1899 ria omnino, incoepit quaerere, vtrum
742 165 1246 221 haec substantia esset vna aut plures.
750 209 1245 257 & si plures, quot sunt. Et, quia Anti
745 247 1245 291 qui quidam dicebaut substantias esse
747 280 1241 322 abstractas scilicet formas, sed de numero
745 325 1241 363 earum Antiqui nihil sufficienter dix¬
744 363 1249 403 runt, incoepit demonstrare impossibile
740 397 1245 435 eorum ad declarandum hoc in illis sub
746 432 1249 474 stantiis positis. D.d. & non debemus
749 475 1253 514 occultare sermones aliorum, &c. i. &
748 516 1240 563 oportet inspicientem in nostro sermo
743 548 1243 595 ne videre inquantum differt a ser¬
745 596 1245 628 mone aliorum. dicentes enim substantias
744 623 1244 666 abstractas esse, nihil dixerunt in mul¬
742 663 1249 706 titudine. D.d. Sententia autem est de
743 704 1236 752 exemplaribus i. opinantes autem substan
743 733 1243 786 tias esse exemplaria, & formas rerum,
742 789 1239 829 nihil proprie dixerunt de numero eo
736 821 1253 867 rum secundum quod sunt formae. sed, si aliquid
742 856 1240 898 dixerunt, dixerunt secundum quod sunt numo
739 900 1244 938 ri. & hoc intendebat, cum d. Dicentes
739 935 1241 978 enim exemplaria dicunt ea esse nu¬
742 976 1239 1028 mero sid est quoniam inquantum sunt numeri
740 1016 1246 1067 dicunt aliquid in multitudine eorum¬
742 1054 1242 1092 D.d. opiniones dicentium numeros
740 1093 1247 1138 formales abstractos in multitudine,
744 1133 1245 1170 & d. & de numeris quandoque dicunt, &c.
745 1173 1252 1210 i. & dicentes numeros esse formales,
740 1209 1253 1262 bipartiti sunt. quidam dicunt eos esse
742 1250 1243 1300 infinitos, & quidam peruenire ad de¬
734 1288 1246 1331 cem. D.d. quare vero multitudo, &c. i.
745 1324 1247 1370 & dicentes illos esse decem, nihil di¬
738 1367 1245 1410 xerunt super hoc demonstratione,
777 1420 1257 1466 Nobis vero ex praesuppositis at
738 1460 1257 1519 que determinatis dicendum est Prin¬
738 1504 1240 1554 cipium enim ac primum entium, tum per se
745 1549 1249 1586 tum per accins immobile est: mouens
742 1589 1247 1640 autem primo, sempiterno, & vno
737 1636 1242 1675 motu. Cum vero quod mouetur ne¬
740 1670 1248 1723 cesse sit ab aliqua moueri, primumque
732 1713 1249 1764 mouens inmobile per se esse, ac mo
739 1757 1251 1806 tu aeterno ab aeterno moueri, &
740 1797 1252 1850 vnum abvno, videmusquid praeter sim
749 1844 1249 1891 plicem lationem totius, quam dicimus,
