1475 2066
224 172 730 218 primam substantiam & immo
238 214 731 258 bilem mouere, caeteras etiam lationes
237 257 733 306 quae errantium sunt, sempiter.
236 297 732 338 nas esse (sempiternum nanque
240 340 731 378 & irrequiescibile circulare cor¬
244 380 732 425 pus est. monstratum autem est de
240 420 730 467 his in Physicis) necesse est harum
247 469 731 510 quoque lationum vnamquanque a
244 505 734 551 per se immobili, & aeterna sub¬
238 556 739 586 stantia moueri. nam & stellarum
244 589 731 643 natura perpetua substantia quae¬
245 629 729 673 dam existens, et quod mouet per¬
236 672 730 722 petuum, & prius est moto. & quod
234 724 732 762 prius. substantia est, substantia
228 757 728 813 sit necesse est. Constat itaque ne¬
233 797 727 842 cesse esse tot substantias esse na
233 845 733 881 tura perpetuas, & per se immo¬
234 885 722 930 biles, ac absque magnitudine
228 924 638 978 ob causam prius dictam,
273 965 729 1027 Nos autem dicamus de substan
235 1017 738 1074 tus diuinis. Principium enim & pri
236 1076 729 1122 mum entium non mouetur nequi
233 1109 719 1175 essentialiter, neque, accident aliter.
236 1172 738 1210 & mouet & facit primum motu
237 1212 733 1272 aeternum etiam. Si igitur motum ne¬
232 1258 720 1318 cesse est vt moueatur per aliquid,
241 1316 737 1354 primus autem motor non mouetur
233 1352 729 1411 per se, & motus aeternus sit per
236 1405 739 1458 motorem aeternum, & vnus per
239 1444 733 1498 vnum, & nos videmus, quod prae¬
228 1498 731 1554 ter motum totius simplice, de qui
231 1540 733 1602 dicimus moueri substantia non mo¬
228 1592 738 1656 bili, alios motus aeternos, qui sunt
234 1640 728 1690 erratieorum. corpus enim circular.
232 1685 731 1738 est aeternum sine quiete. (hoc enim de
233 1733 737 1801 claratum est in Naturalibus vne¬
227 1788 735 1850 cesse est igitur, vt vnusquisque, isto¬
228 1836 741 1898 rum motuum fiat per aliquid, quod
767 165 1303 227 non mouetur per se, & per substan
761 219 1259 276 tiam aeternam. natura enim fiel¬
764 261 1269 315 larum est etiam aeterna. & cum
767 309 1269 362 motor est aet ernus et & ante mo¬
772 356 1273 420 tum necesse est vt illud, quod est
764 405 1270 468 ante substantiam, sit etiam in sub
764 457 1250 518 stantia. Manifestum est igitur
762 500 1274 566 quod necesse est vt substantiae sint
764 549 1261 603 secundum numerum illorum, &
766 596 1268 659 quod substantiae sint aeternae natu¬
756 645 1259 706 raliter, & immobiles per se, &
767 693 1265 758 quod sint sine magnitudine pro¬
762 745 1140 804 pter causam praedictam.
806 789 1269 834 Nos autem possumus declarare
763 829 1265 869 bene multitudinem istarum substan¬
766 870 1268 906 tiarum ex rebus dictis, & inducere
763 909 1257 959 ad viam, qua quis potest scire nume
757 946 1257 998 ruim eorum. Principium autem il
761 983 1263 1026 lius est hoc, quod prius declaraui¬
763 1025 1259 1074 mus, scilicet quod primum & principium en¬
761 1061 1259 1106 tium est aliquid immobile omni¬
759 1101 1271 1146 no: & quod hoc facit primum motum
762 1141 1267 1187 aeternum, & vnum, & continuum,
768 1181 1268 1230 & diuinum. D.d. Si igitur motum
766 1219 1267 1273 necesse est vt moueatur, &c. i. si igi¬
767 1269 1267 1299 tur positum est nobis, quod omne mo¬
760 1299 1264 1347 tum habet motorem, & motum primum
767 1336 1275 1378 habet motorem aeternum, qui non
767 1373 1263 1426 mouetur per se, & omnis motus aeter¬
767 1421 1277 1464 nus habet motorem aeternum, qui
773 1452 1269 1504 non mouetur per se, & vnum (ne¬
764 1492 1273 1530 cesse est enim, vt vnus motus habeat
767 1532 1273 1570 motorem vnum. &, si non, tunc non
770 1574 1270 1621 esset continuus, neque vnus) sed nos
771 1620 1265 1657 videmus in coelo plures motus prae¬
770 1652 1277 1702 ter motum totius coeli, quem dicimus
759 1687 1269 1729 fieri a prima substantia immobili,
765 1733 1270 1769 scilicet motus steliarum errati earum, & ma
766 1765 1271 1811 nifestum est istos motus esse aeter¬
762 1805 1275 1855 nos, sunt enim partes corporis aeterni e
763 1845 1273 1898 necesse est igitur, vt vnusquisque mo
