1475 2066
227 141 729 195 tuum istorum habeat motorem, quod
239 185 729 227 non moueatur per se, & cuius sub¬
236 226 726 267 stantia est aeterna. natura enim stella¬
234 264 725 306 rum est aeterna. D.d. & cum motos
234 304 728 347 est aeternus, & ante motum, &c. i. & cum
240 347 727 386 motor vniuscuiusque istorum motuum
234 389 737 429 prior est illis motis: & illa mota sunt,
234 421 725 466 substantiae: necesse est, vt omnes ist
236 460 722 499 motores sint substantiae. D.d. Ma
237 500 731 553 nifestum est igitur, quod necesse est, &c i.
229 548 733 593 manifestum est igitur, quod numerus
230 575 727 619 substantiarum mouentium est se¬
237 621 729 666 cundum numerum motuum pro¬
228 652 730 706 pter causas dictas, & quod istae causa¬
234 700 724 746 sunt aeternae per se naturaliter, & non
219 733 727 784 motae per se neque corruptibile¬
232 769 588 818 propter causas praedictas
278 815 722 867 Quod igitur substantiae sunt
228 853 726 901 & harum quaenam prima, quae
234 896 724 944 ue secunda, secundum eum ordinem, qui
224 937 723 987 & lationes syderum habent, pa
228 978 728 1021 tet. Pluralitatem vero lationum
224 1021 731 1075 ex peculiarissima Philosophia
228 1060 726 1106 Mathematicarum scientiarum, vi¬
230 1103 720 1146 delicet ex Astrologia, consyde
221 1145 725 1189 randum est, haec enim de substantia
227 1189 731 1239 sensibili quidem, at sempiterna
221 1229 729 1283 speculatur. caeterae vero de nul¬
226 1272 729 1328 la quidem substantia, veluti quae¬
224 1319 724 1370 circa numeros, atque quae circa
220 1357 723 1409 Geometriam. Et quidem quod plures
224 1396 711 1442 sint eorum, quae feruntur lationes
220 1435 722 1490 manifestum etiam est his, qui parum
216 1481 723 1530 attigerunt. pluribus enim quam vna, et
218 1520 723 1574 rantium astrorum vnunquodque fert,
264 1564 720 1626 Quoniam autem substantia.
221 1609 729 1666 esse, et earum haec est prima, haec
218 1658 729 1707 autem secunda secundum ordinem,
216 1707 726 1762 motuum stellarum, manifestu est.
214 1754 716 1811 Multitudo autem motuum scien
216 1801 710 1866 da est a propria Philosophia Ma
765 148 1311 202 thematieorum. Ista enim vtitur D.
753 196 1266 261 scientia de substantia sensibili, sed
759 245 1255 300 aeterna. illa aute non vtitur scien¬
756 293 1259 355 tia de substantia omnino, sicut de
759 341 1251 402 numeris, & mensura omnino.
761 397 1259 442 Quoniam autem motus erratica¬
753 437 1263 498 rum plures sunt, manifestum est,
756 485 1254 546 eis etiam, qui parum consyderant.
771 532 1259 594 vnaquaeque enim stellarum erraticarum
768 579 1223 642 videtur moueri plus vno motu
797 645 1259 690 Idest, Qoniam declaratum est ex hoc
756 684 1261 722 sermone substantias aeternas esse plu
758 724 1257 770 res vna, & quod in eis est prima, scilicet illa,
756 770 1257 807 quae omnia mouet, & secunda, &
757 805 1259 842 tertia secundum ordinem orbium ma¬
759 839 1253 892 nifestum est. Qqoniam autem illa, quae
759 884 1251 929 omnia mouet, praecedit omne, mani¬
758 917 1259 962 festum est valde & praecise. omnes
756 957 1257 995 enim istum motum maximum in¬
757 997 1255 1048 tendunt. quapropter prior est om¬
758 1037 1254 1074 nibus naturaliter & etiam secundum locum,
762 1073 1259 1130 & etiam secundum magnitudinem, scilicet quod ista
760 1116 1258 1163 substantia videtur esse prior propter
761 1150 1265 1201 prioritatem eius, quod mouetur ab
759 1192 1263 1242 ea secundum locum, & secundum magni¬
760 1236 1261 1266 tudinem in multitudine stellarum &
756 1269 1247 1306 velocitate motus. & omnia ista fa¬
758 1309 1255 1356 ciunt eam priorem nobilitate & sub¬
756 1348 1261 1386 stantia. Quoniam vero ordinatio
753 1387 1259 1435 istorum mouentium a primo mo¬
748 1431 1257 1466 tore oportet vt sit secundum ordi¬
750 1469 1255 1506 nem stellarum orbium in loco, mani¬
755 1500 1259 1550 festum est etiam. prioritas enim in loco
752 1538 1258 1592 eorum, & in magnitudine facit eos
755 1577 1263 1626 priores in nobilitate. sed videmus
757 1619 1261 1660 quoque eos in velocitate motus econ¬
760 1655 1260 1706 uerso, scilicet quod illi, qui sunt propinquio
752 1692 1263 1738 res terrae, sunt velociores. & hoc for¬
753 1735 1263 1785 te prouenit propter nobilitatem mo¬
746 1772 1264 1822 toris, & forte propter paruitatem con¬
752 1813 1259 1863 poris. Sol autem videtur propter
