1475 2066
204 133 717 192 scilicet formis propriis. erit igitur for¬
213 177 719 218 ma quasi finis addita super formam
218 219 716 264 propriam, erga quam mouetur vnum
218 258 724 307 quis orbis aliorum orbium. Dicamus
216 300 723 339 ergo, quod nulla forma est quasi finis &
215 341 723 378 communis & vniversalis, nisi illa ex eis, quae habet
217 373 725 423 actionem communem. & haec est disposi¬
214 416 720 450 tio formae mouentis primum celum
213 453 721 490 motu diurno. Dispositio enim in iu¬
212 496 721 532 uamento corporum coelestium adinui¬
220 527 715 571 cem in creando entia, quae sunt hic
220 567 723 610 & conseruando ea, est sicut dispositio
221 607 710 658 regentium bonorum, qui inuant se ad
218 648 715 698 inuicem in regendo bonam ciuitatem
224 684 723 731 quoniam omnes actiones eorum sunt erga
220 732 728 762 actiones primi principis. ponunt enim
218 761 725 802 actiones suas seruientes & consequen
212 798 712 850 tes actionem primi principis. Quemad
221 837 723 882 admodum igitur primus princeps in
216 885 722 920 ciuitatibus necesse est vt habeat actio
227 917 728 967 nem propriam, quae est nobilissima
218 956 723 1005 actionum. ( si non, esset ociosus) quam
216 996 718 1034 actionem intendunt per suam actionem
214 1034 715 1074 omnes, qui sunt sub primo principe
212 1073 715 1114 quemadmodum igitur necesse est in istit
208 1111 707 1164 principatibus vt primus principat
212 1149 716 1202 sit, sicut est necesse in actionibus prin
216 1188 718 1242 cipum vt prima actio sit: & sic accidit
211 1228 713 1266 in artificiis, quae iuuant se adinuicen
217 1277 717 1319 erga vnum artificiale, & sunt illa, quo
212 1308 715 1354 rum quaedam sunt principantia aliis, &
216 1355 719 1386 omnia reducuntur ad vnum artificium
212 1384 726 1439 v. g. quoniam plura artificia seruiunt arti
221 1421 715 1466 ficiis equitandi: sic igitur est intelligen¬
215 1469 721 1507 dum de istis corporibus cum suis for¬
214 1508 717 1539 mis, a quibus mouentur, & de istis for
213 1541 718 1579 mis adinuicem. multum enim assima
215 1577 712 1618 lantur artificiis, quae seruiunt sibi adinui
217 1625 725 1670 cem, & quae intelligunt adinuicem sunt
221 1657 725 1706 principia eorum, ex quibus accipiunt
215 1696 717 1749 int ellectum proprium. v. g. quia artif
217 1733 723 1785 cium frenificandi accipit sua principia
212 1772 723 1826 ab artifice artis aequitandi, & similiter alia
212 1813 731 1857 artificia seruientia huic artificio.
756 141 1256 186 Differentia autem inter ista & artificia¬
747 181 1259 219 lia est, quia formae artificij mouentes
748 220 1260 259 artifices sunt in materijs, istae ant non.
776 255 1250 298 Mos autem qui iam est inter Moder
753 301 1257 339 nos in dicendo, quod a tali motore pro¬
757 334 1258 374 uenit talis motor, aut consequitur, aut
752 376 1260 418 praecedit, aut talia verba, non vere intel¬
754 413 1257 463 liguntur de istis principiis abstractis,
755 458 1257 506 omnia enim ista sunt dispones agen¬
749 489 1253 530 tium superficietenus, non vere. ab
753 532 1261 579 agente enim nihil prouenit, vt praedixi
754 564 1264 615 mus, nisi extrahere illud, quod est in
750 605 1260 655 potentia ad actum. sed illic non est poten
759 651 1259 697 tia, vnde neque agens. tantum enim est il¬
757 682 1263 722 lic intellectus & intellsecum, & perfectum
759 720 1262 762 & perfici ens. quemadmodum artificia
750 768 1257 811 perficiuntur ab inuicem in hoc, quod acci¬
756 805 1269 847 piunt principia abinuicem, & omnia
751 836 1259 882 reducuntur ad accipiendum omnia sua
756 878 1264 926 principia ab artificio vniversali continenti
749 912 1263 955 ea. Et ideo videmus, quod scientia ma
756 957 1265 1004 gis propria primi De. scilicet est illud, quod
748 996 1262 1042 continetur sub prima Philosophia: &
756 1035 1267 1082 scientia propria proprijs, quae sunt,
755 1070 1265 1114 sub eo, est similis scientiis particula¬
757 1111 1263 1160 ribus, quae sunt sub prima Philoso¬
754 1156 1258 1202 phia, sicut d. Nicolaus Peripateticus
757 1188 1259 1241 in sua prima Philosophia. Et ideo
754 1228 1259 1279 videmus, quod per acquisitionem istius
746 1269 1264 1307 scientiae ab homine inuenitur homo in
753 1303 1250 1347 sua perfectione essendi. Hoc, autem
756 1344 1259 1403 quod Plato dixit in suis verbis ob¬
750 1381 1262 1426 scuris, quod G reator creauit Angelos
748 1420 1262 1466 manu, deinde praecepit eis creare alia
754 1465 1259 1499 mortalia, & remansit ipse in quiete
755 1501 1261 1551 sine labore, non est intelligendum ad li
750 1541 1264 1578 teram. Et forte existimare hoc in
756 1575 1256 1624 Deo fuit causa sabbati positi in lege
748 1621 1263 1659 filiorum Israel. Et hoc, quod diximus
752 1654 1258 1698 de mouentibus omnium orbium, est etiam
752 1692 1258 1746 in mouentibus, quae iuuant se adinul
746 1733 1268 1786 cem ad mouendum quamubet stellam
745 1770 1257 1811 stellarum erraticaru, scilicet quod om¬
750 1811 1263 1858 nes illic reducuntur ad illum primum
