1475 2066
220 149 727 198 autem a quaerentibus sciscitari
225 196 735 240 si quid praeter ea, quae nunc di¬
231 236 735 282 cta sunt, his videatur, qui circa haec
232 279 725 330 versantur, diligere quidem vtrosque
235 324 727 362 adhaerere vero certioribus. Eu
235 365 738 411 doxus igitur Solis, & Lunae vtrius
238 407 730 454 que lationem in tribus posuit sphia
228 446 740 499 ris esse, quarum Primam quidem
228 492 740 543 eam esse, quae non errantium stella
232 533 726 579 rum. Secundam vero secundum¬
235 576 741 618 id, quod per medium eodiacum.
240 620 733 658 Tertiam porro secundum eum, qui in la¬
231 667 731 710 titudine aeodiaci obliquatur, in
237 700 739 746 maiori autem latitudine obliqua¬
238 743 738 787 ri eum, secundum quem Luna
236 785 614 826 fertur, quam secundum quem Sol
282 853 735 922 Quot autem sunt dicamus, secin
234 904 725 954 dum quod dixerunt quidam Ma
237 953 733 1002 thematicorum, vt aliquo modo ima
232 1000 737 1060 ginemur aliquam multitudinem
230 1048 739 1115 terminmatam. Quod autem relinqui
230 1097 735 1159 tur, quaerendum est a nobis persri
235 1144 733 1207 tantibus de hoc, aut ab eis, qui in¬
236 1194 739 1258 quisiuerunt, si aliquid apparuerit
236 1242 731 1302 ab eo, quod dictum est modo: qua¬
230 1292 736 1352 uis sit perscrutandum de duabus
233 1340 741 1395 sectis, & concedendum sermonem
233 1389 741 1450 illius, qui magis perfecte perscru¬
233 1443 731 1500 tatus est. Ludoxus vero ponit mo¬
228 1485 729 1546 tum vtriusque, Solis, & Lunae i tri¬
231 1533 740 1594 bus sphaeris, quarum Prima est stella
232 1585 738 1642 rum non erraticarum. Secunda, quo
228 1629 736 1700 est in medio signorum. Fertia aut,
235 1676 730 1743 quae declinat ilatitudine signorum,
229 1725 733 1793 & illa, in qua magis Luna moue¬
231 1782 736 1840 tur, magis declinat in latitudine si
228 1824 739 1891 gnorum, quam in quae existit Sol
807 149 1280 202 Quia Philosophus accipit pro con¬
758 187 1262 235 stanti numerum motuum, Astrolo¬
762 237 1267 281 gi autem diuersi sunt in hoc, fecit reme
767 269 1265 320 morationem de hoc, quod fuit ma¬
760 309 1258 347 gis famosum in suo tempore. & ta
766 348 1271 387 na principia in maiori parte tantum sunt
767 384 1269 426 famosa, cum fere omnia sint fundata, scilicet
769 423 1259 466 in sensu quantitatum motuum stellarum
770 463 1264 514 quod non potest perfici in vita hu¬
768 509 1277 552 mana. ideo necesse est in consydera
772 542 1259 595 tionibus credere consyderationibus
768 582 1270 631 praedictis, & tunc verificatur quanti
761 621 1261 658 tas motuum. Et propter difficultatem ista
765 660 1264 698 rum rerum impossibile est vti propositio
766 697 1262 739 nibus necessarijs: sed famosis in hoc
767 736 1258 792 loco magis vtimur quam necessarijs
759 777 1275 818 sed quando in eis non fuerit diuersitas. si
766 815 1265 858 autem in eis fuerit diuersitas, nihil erit.
763 860 1269 905 super quod sustentetur. Sed quocunque
769 897 1271 938 modo sit, melius est scire sermones
769 933 1257 978 hominum in hoc, quam nihil. Et ideo di¬
766 973 1266 1010 xit: Dicamus secundum quod dixerunt
770 1014 1271 1055 quidam Mathematieorum, &c. i. D.d.
773 1052 1261 1102 Quod autem relinquitur, quaerendum est
770 1092 1272 1131 a nobis perscrutantibus de hoc. i. quoniam
766 1128 1262 1171 autem sunt motus additi super istos
770 1168 1274 1211 quos computo, persrutandum est in
764 1204 1274 1251 alia scientia. Et, cum dixit hoc, fecit
766 1245 1273 1297 rememorationem de hoc, quod dixe¬
768 1293 1274 1330 runt Mathematici in suo tempore,
771 1324 1270 1362 & posuit de eis duos homines famo
767 1362 1270 1402 sos in hac scientia. Et dixit, quod Ludo
769 1412 1269 1443 xus ponebat Soli & Lunae tres or¬
770 1440 1270 1483 bes. Vnum quo mouetur ab oriente
769 1479 1276 1523 ad occidentem in vnadie. Secundum
764 1516 1279 1563 ad motum longitudinis. Tertium
765 1556 1263 1595 ad motum latitudinis. Et hoc est ma¬
771 1597 1267 1648 nifestum de eis, quoniam motus longitur
766 1634 1265 1674 dinis & latitudinis sunt duo nume
773 1684 1271 1723 rati. Mathematici autem huius tempo¬
771 1714 1273 1754 ris ponunt eundem motum, & est mo
770 1757 1273 1802 tus stellae in suo orbe decliui: propter quod
767 1793 1273 1835 accidit ei in respectu xodiaci motus
768 1833 1280 1874 inllongitudine & motus latitudine.
