1475 2066
213 157 729 207 Quod autem sint duo motus a duo
213 197 718 247 bus corporibus, non indigetur. quod
224 233 724 274 enim potest natura facere vno instru
226 270 714 322 mento, non facit duobus. & secun¬
230 310 720 354 dum hoc Sol non habebit nisi duos
227 356 718 398 motus tantum,: & nisi sit necesse ponere
227 387 726 436 tertium motum, propter hoc, quod
226 428 699 467 apparet de velocitate & tarditate,
226 468 714 518 Ecentricum enim aut epicvclum dif
233 503 725 547 cere est extra naturam: epicyclus au
232 543 719 592 tem impossibile est vt sit omnino
225 581 721 632 Corpus enim, quod circulariter mo¬
227 620 713 658 uetur, non mouetur nisi in circui¬
222 665 724 699 tu centri totius, cum ipsum faciat ecen¬
220 695 716 739 trum. &, si esset motus circularis ex
227 739 723 778 tra hunc centrum, contingeret alium
224 782 718 818 centrum extra hunc centrum esse:
228 816 723 856 quapropter & alia terra extra istan
220 853 725 901 est. & hoc impossibile est, vt dictum
220 890 712 930 est in Naturalibus. Et similiter for¬
219 929 712 977 te est de ecentrico, quem ponit Pto
220 965 713 1010 lemaeus. Si enim essent plura centra
228 1007 721 1058 essent plura corpora grauia extra
229 1049 719 1083 locum terrae: & tunc medium non
224 1085 714 1122 esset vnum, & haberet latitudinem
220 1125 719 1163 & esset diuisum. & omnia ista sunt
222 1164 724 1202 impossibilia. Amplius, si essent ecen
227 1199 717 1243 trici, necesse esset inuenire in corpo
220 1243 718 1282 ribus coelestibus corpora superfiua
229 1277 717 1327 sine aliqua vtilitate, nisi ad implen¬
226 1317 723 1368 dum locum vacuum, sicut in corpo
220 1356 716 1396 ribus animalium. Sed nihil de eis
224 1396 714 1441 quae apparent in motibus stellarum
224 1433 723 1486 cogit necessario dicere epicvclum
228 1473 708 1515 esse, aut ecentricum. Et forte excu
227 1513 713 1560 sant vtrunque motus senliab, quos po¬
219 1557 715 1587 nit Arist. & sicut Ptolemaeus d. in suc
216 1589 721 1633 libro. qui dicitur liber Narrationis,
226 1625 707 1678 in quo d. quod Arist. & Antiqui pone
226 1664 716 1706 bant loco istorum motuum motu
222 1701 722 1753 gyrationis, & d. quod secundum hoc
221 1742 715 1791 apud eos oportet crescere motus se:
216 1781 722 1834 cundum numerum. Qui autem post
750 157 1270 209 venerunt, inuenerunt viam simpli¬
751 205 1254 242 ciorem ista, & potuerunt ponere ea,
748 244 1249 282 quae apparent in paucioribus corpo
746 272 1248 314 ribus, & innuit epicyelum & ecentri
748 309 1256 363 cum. & d. quod ista via est nobilior, quia
757 348 1256 401 concessum est, quod natura nihil facit
751 389 1253 438 superfiue, & quod, cum poterit moue¬
752 436 1255 475 re aliquid instrumentis paucis, non
752 468 1241 506 mouebit pluribus. Ptolemaeus au¬
754 505 1243 557 tem ignorauit quid coegit Antiquo
748 545 1252 593 ponere motus gvrationis, & est quo
747 581 1247 626 niam epicyelus & ecentricus sunt in¬
750 621 1229 674 possibiles, necesse est igitur rursus
755 661 1211 711 scrutari de ista Astrologia vera
746 698 1256 738 est super fundamenta naturalia: &
747 735 1253 779 est apud me fundata super motum
748 774 1242 818 eiusdem orbis, & polos diuersos duos
747 812 1251 858 aut plures, secundum quod conuenit ap¬
752 852 1247 901 parentibus. Possibile est enim acci¬
753 893 1251 931 dere stellis ex talibus motibus velo¬
748 930 1256 983 citatem & tarditatem, & progressum
744 971 1239 1021 & retrograndationem, & alios motus
752 1009 1252 1056 quibus non potuit Ptolem. ponere
752 1047 1251 1100 Astrologiam. & apparet ex hoc pro¬
756 1085 1242 1129 pinquitas & remotio, vt accidit in
752 1125 1240 1162 Luna. In iuuentute autem mea spe
751 1172 1240 1210 raui, vt haec persrutatio complere
751 1201 1251 1242 tur per me: in senectute autem iam
755 1239 1248 1282 despero. sed forte iste sermo inducet
751 1279 1253 1329 aliquem ad persrutandum de hoc.
749 1318 1245 1370 Astrologia enim huius temporis ni¬
750 1355 1235 1394 hil est in esse, sed est conueniens con¬
750 1397 1244 1442 putationi, non esse. Lunae autem in
751 1435 1254 1474 uenerunt Antiqui post Aristo. vnum
754 1468 1233 1514 motum, scilicet motum draconis
747 1510 1241 1556 Ptolemaeus autem inuenit ei in re
748 1549 1250 1601 spectu Solis quartum motum, & in
753 1596 1247 1626 respectu centri, secundum quem re
752 1628 1252 1666 uoluitur luna aequaliter, motum quin¬
754 1665 1257 1714 tum, quem vocat motum respecti¬
753 1709 1261 1755 uum diametri epieycli, cui non po¬
756 1741 1254 1779 tuit secundum suum fundamentum
754 1781 1056 1834 ponere Astrologiam.
