1475 2066
195 147 713 195 in hoc, quod poli orbium decliuium reuol
204 188 710 233 uuntur in motu diurno in circuitu
204 235 699 275 polorum totius. & iste motus, vt Ma
204 265 713 315 thematici Hispaniae dicunt, existit
206 305 702 347 in orbe stellato, & vocant ipsum mo
209 344 705 387 tum processus, & reuersionis. D.d.
212 388 692 430 Sphaerae igitur, in quibus mouentur, qua
213 425 705 477 dam sunt octo, & quadam vigintiquin¬
210 469 709 506 que. & intendit per vigintiquinque:
215 501 711 548 iphaeras, pro quas mouentur stellae erra¬
203 540 710 593 ticae motu proprio. Iste enim homo po
207 588 713 630 nebat vnicuique stellarum erratica¬
208 620 707 658 rum quinque orbes: & stellae erratica
204 659 700 708 sunt quinque: erunt igitur orbes vigin
211 693 705 748 tiquinque. & intendit per octo orbes quae
208 735 705 786 tuor, quos addidit in Sole, & Luna
213 772 706 818 & sunt illae, quae mouent orbes eorum
210 820 710 863 primos ovratiue. scilicet orbes, quos pone
205 852 711 890 bant Soni, & Lunae, & quatuor, qui
204 900 705 941 reuoluunt orbem Saturni gyratiue,
204 933 708 970 D.d. & ex istis non oportet moueri
202 969 705 1011 in eis motu geratiuo, quae mouentur
209 1005 711 1050 in eis faciliores earum. i. & ex istis or
211 1048 695 1097 bibus, qui est facilis motus, & est vl
204 1084 704 1130 timus motus orbis, in quo sunt stel¬
206 1125 702 1174 lae, non habet orbem, in quo reuoluat
204 1165 696 1213 gyratiue: & ideo reuoluentes dimi
200 1202 712 1242 nuuntur a caeteris in vno tantum: Et dixit
201 1243 710 1290 hoc, vt reputo, quia Sol & Luna non
208 1280 712 1335 habent, vt apparet, retrogradationem,
195 1317 712 1372 & progressionem, sed tantum velocitatem
202 1365 705 1410 & tarditatem. D.d. Quae igitur mouen
206 1396 701 1450 tur motu gyratiuo, &c. i. intendit
207 1437 711 1475 sex primos orbes, qui sunt Solis, &
207 1476 705 1514 Lunae, scilicet defereutes non reuoluentes
208 1517 708 1556 & intendit per sexdecim reuoluentes,
204 1552 713 1604 quatuor stellas erraticas. Erit igitur, si¬
199 1596 713 1641 cut dicit numerus orbium quinqua
204 1633 708 1680 gintaquinque. & eorum triginta &
204 1677 699 1722 vnus sunt deferentes, & vigintiqua¬
197 1709 707 1747 tuor reuoluentes D.d. si autem nul¬
196 1749 706 1786 lus aliquis addat, &c. i. si autem diminu
207 1788 707 1834 untur quatuor reuoluentes Solis, &
196 1829 707 1883 Lunae secundum Ludoxum, & quatuor de
744 148 1245 194 ferentes erraticarum, secundum Ludorum
741 197 1239 240 erit numerus orbium quandrag intase
738 228 1240 274 ptem. Et secundum quod apparet ex suo sermo¬
736 263 1234 306 ne debet esse numerus orbium secundum
739 304 1240 346 CLudoxum quandragintasex. addebat
742 349 1241 387 enim in reuoluentibus quatuor, quos
734 388 1242 428 ponebat Soli, & Lunae: & addebat in
741 429 1239 470 deferentibus erraticarum quinque¬
780 461 1247 518 Quare substantias quoque &
746 501 1240 549 principia, tum immobilia, tum sen¬
740 548 1244 586 sibilia, tot rationabiliter arbitram
742 588 1237 637 dum est esse, quod enim necessarium
743 629 1245 683 est, relinquatur potentioribus di¬
737 668 1245 714 cendum. Quod si nullam lationem,
740 708 1241 762 possibile est esse, quae non ordinetur ad la
743 764 1241 806 tionem stellae, omnem item na¬
742 804 1241 850 turam, omnemque substantiam impas
739 840 1244 882 sibilem & per se arbitrari oportet
740 880 1236 924 optimum fortitam finem esse,
734 925 1234 975 nulla, profecto praeter has alia na
739 972 1239 1011 tura erit, sed hunc necesse est nu
734 1004 1236 1051 merum substantiarum esse. si etes
739 1049 1241 1099 nim aliae sunt, vtique mouebunt.
747 1087 1241 1130 cum lationis finis sint. Sed esse
743 1133 1243 1178 alias lationes praeter dictas im¬
736 1173 1230 1226 possibile est. hoc autem ex his
749 1217 1243 1266 qua feruntur, rationabile est acci¬
743 1255 1251 1306 pere. si enim omne, quod fert, eius
744 1308 1238 1346 gratia, quod fertur, suapte natu
737 1340 1243 1390 ra est: omninnisque latio alicuius, quid
733 1381 1243 1434 fertur est: nulla latio sui gerera erit
742 1429 1249 1474 profecto, nec alterius lationis, ve
741 1469 1263 1506 rum stellarum causa. Si nanque la ae
734 1508 1263 1557 tio lationis causa erit, illam quo i
742 1548 1248 1595 que oportebit aliarum gratia es
739 1589 1249 1634 se, quare cum non sit processus
739 1633 1249 1675 in infinitum, finis omnis latio¬
735 1683 1243 1722 nis erit diuinorum corporum ali¬
733 1725 1190 1763 quod, quae in coelo feruntur.
756 1765 1248 1834 Necesse est igitur reputare, quod
736 1816 1244 1882 pricipia imobilia et Sesibilia sunt
