1475 2066
198 149 686 202 substantiae sint ab istis substantiis
219 196 715 234 vt sint corpora mouentia coelestia
213 234 713 282 alia ab istis corporibus: quoniam vnaquae
216 269 712 323 que illarum substantiarum est perfectio
212 311 716 354 & finis motus. D.d. Sed impossibile¬
217 349 709 398 est vt sint alij motus a praedictis. i. sec
216 389 713 441 impossibile est vt alij motus sint ab eis,
214 424 719 475 qui comprehensi sunt, aut possunt
215 464 715 518 comprehendi. impossibile est igitur vt sint
208 502 714 547 substantiae mouentes, nisi illae, quae
212 547 710 587 sunt secundum numerum motuum. D.d. &
217 582 719 626 necesse est vt hoc sit a motis id est neces¬
216 619 717 669 se est vt non sint alij motus a praedi
208 660 720 707 ctis, qui a non sunt alia mota a praedi
208 700 702 746 ctis. D. incoepit declarare hoc, & di
206 741 706 789 xit: quam, si omnis motus est propter rem mo
208 782 712 818 tam, &c. i. & necesse est vt numerus
213 820 714 858 motuum sit secundum numerum retum mo
214 860 713 906 uentium & motarum. quam, si omnis mo
206 892 707 942 tus est propter esse in aliquo moto, & perr
210 936 710 971 aliquem motorem: & nullus motus est
216 969 710 1018 popter se, neques propter alium motum, sed omni
211 1011 712 1061 motus est propter stellas: necesse est
207 1053 700 1091 vt idem sit numerus motuum, & mo
212 1091 705 1130 torum, & mouentium. & dixit hoc
204 1125 711 1170 quia forte aliquis potest dicere, forte
204 1165 698 1203 sunt alij motus praeter istos dictos
212 1204 707 1242 D. incoepit declarare hoc, & dixit
204 1245 713 1290 quam, si motus erit propter aliud, &c.
212 1281 698 1333 i. quam, si motus fuerit propter alium mo
205 1319 705 1363 tum, continget vt ille etiam sit pro¬
205 1364 712 1407 pter alium, & sic in infinitum. sed im
207 1396 709 1446 possibile est vt habens finem & con¬
210 1436 716 1487 plementum sit infinitum: infinitum
204 1475 707 1514 enim non habet finem: necesse est
204 1517 698 1569 igitur, vt omnis motus sit propter corp
208 1557 713 1594 diuinum corporum, quae mouentur,
208 1591 709 1633 in coelo scilicet stellarum. & hic complet¬
202 1632 562 1682 sermo Alex. expositiuus.
240 1700 708 1760 Quod autem coelum sit vnum,
200 1744 707 1786 manifestum est. si enim plurcs
202 1788 705 1835 sint coeli, vt omines, principium
199 1833 696 1873 vniuscuiusque erit specie vnum
744 162 1249 202 numero multa. at quaecumque mul
744 205 1253 242 ta numero, materiam habent.
744 240 1245 281 Vna etenim & eadem multorum
744 281 1241 322 ratio est: veluti hominis. Soer. vero
740 324 1243 374 vnus. ipsum vero quid erat esse
750 365 1240 417 primum non habet materiam, cum
742 406 1243 450 actus sit. vnum ergo, tum ratione,
744 455 1249 491 tum numero primum mouens
742 490 1248 545 immobile ens est. & id igitur, quod
745 533 1253 579 semper continuoque mouetur. vnum
749 573 1137 618 ergo tantum coelum est.
791 613 1241 677 Quoniam autem coelum est vniu,
743 661 1243 722 manifestum est. quod, si plures cae¬
742 711 1244 771 li fuerint, erut sicut homines. si au
742 762 1236 819 tem principium hominis vnius es,
744 805 1246 866 vnum, & fuerit vnum in nume¬
742 857 1241 914 ro, & plura, & aliud numero mu
738 905 1246 954 tum, habet materiam. Vnus enim
747 954 1243 1010 sermo, qui est idem, est etiam plu¬
742 1000 1240 1050 res, vt sermo hominis. Socratis au¬
739 1050 1249 1107 tem vnus, quod autem est per pri¬
743 1099 1245 1146 mam essentiam non habet mate¬
742 1148 1255 1209 riam, quia est perfectio. primus igi
743 1194 1250 1250 tur motor, qui non mouetur, est v¬
742 1251 1248 1307 nus ratione, & numero. oportet igi
742 1290 1244 1338 tur vt motum semper continuo mo
741 1338 1241 1402 tu sit vnum tantum. ergo coelum¬
744 1389 1021 1435 est vnum tantum.
756 1442 1242 1490 Qnam autem vnum est coelum, ma¬
742 1479 1252 1524 nifestum est. & innuit, quod mundus
740 1517 1250 1563 est vnus, non plures, quoniam, sicut
743 1556 1253 1602 d. si coeli essent plures, essent sicut in
746 1596 1243 1634 diuidua hominum. scilicet vnum defini¬
742 1637 1256 1678 tione, & plures numero: sicut homo,
742 1677 1255 1720 qui est vnus de itione, & plures se
743 1724 1253 1754 cundum numerum. Et hoc inten¬
747 1753 1257 1794 debat cum d. si autem principium
741 1793 1253 1842 hominis vnius, &c. i. si autem plu¬.
742 1836 1261 1890 res coeli essent, contingeret vt prin¬
