1475 2066
187 145 695 210 quod est igitur amicitia E Et im¬
192 194 690 257 possibile est vt lis sit, quae non cor¬
196 245 695 298 rumpatur omnino, cum talis sit non
196 292 683 346 tura mali, & cum habeat natu
198 337 362 387 ram mali.
249 387 697 434 Et etiam mendacium, &c. i. & qui¬
202 430 696 476 dam ponunt omnibus duo princi¬
204 463 702 512 pia, malum. scilicet & bonum, quae sunt,
199 503 707 547 materia & forma. & si ita sit, tunc
204 541 690 591 malum existit in omnibus, praeter
204 581 693 621 quam in vno scilicet forma, necesse est au¬
206 621 698 658 tem vt omnia composita sint mala,
198 661 691 707 quia alterum elementorum eorum
206 696 703 738 quod est materia, est malum. & hoc
204 736 702 779 intendebat cum dicit: malum enim
205 775 699 828 per se est alterum elementorum. De¬
198 813 694 857 nide d. Alij autem non dixerunt bo
205 853 693 901 num & malum esse principia. i. Ali¬
200 893 694 930 vero non dixerunt bonum & ma
204 923 695 978 lum esse principia, cum bonum vi
206 967 681 1019 deatur esse principium in omnibus
200 1013 706 1050 & pluribus dispositionibus. D.d. Et
204 1047 699 1095 quidam eorum dicunt, quod hoc prin¬
202 1084 701 1129 cipium est bonum. i. & quidam An
205 1125 701 1171 tiquorum opinantur, quod primum prin¬
194 1158 706 1207 cipium est bonum, sed non dixerunt
205 1196 699 1250 quomodo est principium, vtrum secundum
197 1237 701 1275 finem, aut secundum formam, aut secundum mo¬
206 1278 700 1322 uens: neque determinauerunt hoc, sed
205 1312 703 1353 dixerunt hoc vniuersaliter, non mo¬
205 1351 699 1390 do determinato. D.d. Et Empedo¬
201 1392 696 1438 cles etiam dicit: modo impossibili
196 1429 684 1466 facit enim bonum amicitiam, & ma
198 1469 695 1506 lum litem. & haec sunt principia, &c.
196 1504 699 1556 i. & quod dicit Empedocles de priu
197 1543 697 1587 cipiis, est etiam impossibile. facit. eni
194 1580 706 1633 principium, quod est bonum, esse
196 1620 705 1670 amicitiam, & principium, quod est
198 1662 701 1698 malum, litem. Sed inquantum ami
196 1701 700 1747 citia congregat res, est principium qua
198 1737 704 1785 si mouens, & inquantum est pars rei
200 1779 702 1822 admixtae, est principium quasi elemen
196 1813 709 1866 tum. quapropter contingit ei pone
725 156 1233 194 re causam mouentem extrinsecam
727 189 1227 226 esse quasi elementum rei. mote, scilicet vt
725 226 1221 267 motum sit admixtum cum moto¬
730 261 1226 307 re. Deinde d. Quoniam, si accidit ali
726 304 1227 344 cui vni, &c. i. sed, si accidat alicui vni
724 339 1234 390 vt habeat principium quasi materiam
731 379 1232 418 & elementum, & principium quasi
724 417 1227 467 mouens, tamen non est possibile vt
729 456 1215 495 essentia motoris sit essentia mate
735 495 1233 547 riae. secundum igitur quem modum facit
733 533 1229 578 his duobus modis amicitiam esse prin¬
730 579 1233 625 cipium, vtrum secundum mouentem aut
735 612 1229 651 secundum materiams impossibile enim est
732 649 1222 690 vt idem sit causa eiusdem vtroque
732 691 1233 730 modo. D.d. & impossibile est etiam
735 728 1221 770 vt lis, &c. i. & impossibile, quod con¬
732 766 1216 810 tingit Empedocli in suo sermone
726 805 1226 859 est quod lis secundum quod est principium
732 845 1218 882 non corrumpetur, quamuis sit ma¬
728 882 1225 922 la, & male naturae, & violenita. violem,
724 921 1145 970 tum autem non est mansiuum.
773 981 1236 1032 Anaxagoras autem bonum po¬
735 1020 1233 1074 nit principium, vt mouens, mens
734 1068 1233 1119 enim mouet. verum alicuius gra
728 1100 1232 1150 tia mouet, quare alterum, nisi sit,
730 1149 1238 1186 vt nos dicimus., ars enim medendi
738 1188 1233 1234 quodam modo sanitas est. Incon
730 1229 1227 1274 ueniens etiam est quod non fecerit ali¬
737 1269 1232 1323 quid bono, mentique contrarium
757 1316 1221 1379 Anaxagoras autem bonu prin¬
725 1364 1229 1427 cipium dicit esse quasi mouens. in¬
730 1421 1231 1471 tellectus eni mouet, sed mouet pro¬
728 1456 1241 1523 pter aliquid. dixit igitur aliu ser¬
734 1509 1242 1554 monem, non sicut dicitur. medicina
733 1556 1243 1602 enim est aliqua materia sanitatis.
734 1601 1240 1659 & impossibile est etiam non pone
736 1649 1235 1699 re contrarium boni, & intellectus,
765 1699 1237 1738 Anaxagoras autem dicit, quod bonum est
736 1736 1239 1783 principium mouens, cum iam posuit,
733 1777 1238 1819 quod intellectus est mouens omnia: sed
738 1821 1235 1866 non dicit, qua de causa mouet. om¬
