1475 2066
183 148 705 204 Deinde dedit signum super hoc, &
195 189 710 245 d. si igitur nihil fuerit tale, ete. i. si igitur
196 228 710 275 non fuerit vltimus finis, tunc ninil
199 269 697 309 habebit causam finalem. lam enim de
196 311 713 348 scripsimus quod causa finalis in re qua
200 347 713 398 libet est causa postrema. si igitur omnes
194 383 711 427 causae non habuerint talem. scilicet vltimam
201 422 697 467 non erit haec causa finalis omnino
193 463 708 507 scilicet quod si finis habuerit finem, & sic in
206 501 715 546 infinitum, non erit haec causa alicui
206 541 713 579 rei. Descriptio. enim istius causae est vt
208 580 704 631 non sit propter aliam causam. si ergo
211 617 705 659 fuerit infinita, destruetur eius deseri
208 654 702 702 ptio, & auferetur suum esse. sed iam po
206 700 716 738 suimus eam esse. & hoc tunc esset in
206 733 701 770 conueniens. D.d. Et facientes cau
206 772 713 810 sas infinitas, &c. i. & facientes causas
200 813 703 850 finales esse infinitas, destruunt finem¬
201 853 713 898 sicut diximus. & qui destruunt finem,
208 889 702 930 destruunt omne bonum, & nihil per
212 930 702 976 cipiunt. nihil enim dicitur esse bonum, ni
205 971 711 1010 si per causas finales. D.d. quamuis ni
209 1004 717 1056 hil incipit agere, &c. i. & mirum est
208 1043 710 1095 de negantibus istam causam, cum
209 1077 708 1134 concedant, quod nullus facit actionem
204 1119 709 1163 aliquam, nisi intendendo finem &
213 1160 709 1202 vltimum. & sic debet esse in natu¬
209 1197 696 1235 ra in hoc, sicut in artificio, & in omnib
208 1236 713 1282 actionibus voluntarijs. Et dicit hoc,
208 1284 714 1327 quia multi Antiqui nega bant hanc
200 1312 710 1355 causam esse: & iam locutus fuit con
204 1350 669 1394 tra eos in Secundo Physicorum
257 1404 713 1449 Nec esset intellectus in huiu¬
207 1452 707 1490 scemodi alicuius enim causa agit,
214 1493 709 1538 quicunque intellectum habet, hoc
206 1539 714 1586 nanque terminus est: finis vero ip
205 1579 407 1626 se terminus.
253 1617 709 1674 Et cum hoc etiam, secundum
209 1661 712 1722 quod dicitur, non est intellectus in
208 1710 704 1760 entibus. habens enim intellectum
202 1763 707 1826 non agit quod agit, nisi propter
210 1811 714 1867 aliquam rem, quae est vitimum
740 141 1246 203 actionis. vltimum enim est finis
739 196 1053 252 ad quem intenditur.
783 244 1257 283 Et facientes causas finales esse in
742 285 1247 334 finitas negant intellectum operati¬
740 321 1254 375 uum. intellectus enim non agit om
736 365 1252 412 ne quod agit, nisi propter aliud: &
742 399 1254 455 illud est, propter quod opus est fini¬
736 443 1255 482 tum. vltimum enim est finis, quem
738 477 1251 522 intendunt actiones, & si non, tunc
741 516 1001 562 actio esset ociosa¬
789 557 1254 614 At vero nec ipsum quid erat
743 596 1257 642 esse reduci ad aliam definitionem,
743 643 1253 682 ratione abundantem contingit.
745 683 1249 729 Semper etenim prior magis est,
736 723 1252 767 posterior vero non est. cuius au
746 760 1252 819 tem primum non est, nec quod
743 803 937 859 sequitur est.
785 845 1246 906 Et etiam dispositio in eo, de quo
745 887 1247 950 quaeritur per quid, impos sibile est
752 940 1246 985 vt sermo de eo sit extra terminos.
748 984 1253 1047 prius enim semper est magis di¬
742 1035 1255 1095 gnum in esse, posterius autem non
742 1080 1253 1139 sic. & illud, cuius primum non est,
743 1125 1251 1187 quod consequitur illud, primum
742 1173 870 1227 non est.
780 1237 1246 1282 Cum declarauit finitatem trium
739 1280 1251 1316 canrum, incoepit facere hoc in causa¬
744 1309 1241 1354 formali, & d. Et etiam dispon, &c. i. & etia
737 1355 1251 1402 sermo de dispone eius, de quo quae¬
742 1388 1244 1446 ritur per quid est, & est forma rei, impossibile
748 1430 1247 1474 vt sit diuersus a natura definitionum,
745 1469 1247 1506 cilicet quod, si apparuerit quod natura defini¬
742 1510 1246 1546 tionum est finita necessario, erit vt
738 1543 1237 1595 ita sit de formis. D.d. Prius enim semper
744 1581 1245 1624 &c. i. in definitione enim est pars prior,
744 1621 1243 1675 & posterior: & prior est magis di¬
742 1661 1245 1709 gna in esse. & si prior non fuerit, spo
740 1708 1236 1756 sterior non erit. si igitur pars prior
748 1738 1235 1789 verbi gratia geneus habuerit defini
744 1780 1242 1818 tionem, & pars priorillius definitio
743 1813 1251 1858 nis habuerit definitionem, & sic in
