1475 2066
203 165 723 219 infinitum, non erit illic prius, qua¬
212 212 714 251 propter neque postremum. poste¬
214 245 710 298 rius enim non est posterius nisi pric
212 293 724 330 ris. & sic auferuntur definitiones, &
219 325 715 370 & destruuntur cognitiones, si for¬
218 361 720 402 mae, quae attribuuntur definitionibus sint
214 399 722 442 infinitae. Et hoc intendebat, scum d.
212 440 719 490 & illud, cuius primum non est, &c.
220 476 714 522 i. & illud, cuius esse consequitur esse
217 525 715 569 primi, & est postremum, non erit,
212 557 712 602 quando primum non fuerit, & ecom
215 594 713 634 uerso. & cum postremum non fue¬
211 632 525 683 rit, primum non erit.
260 674 714 723 ltem ipsum scire perimunt,
212 718 707 763 qui ita dicunt. non enim possibi
209 756 711 802 le est scire, antequam ad indiuidua
210 798 711 854 deueniatur. Et ipsum cognosce
209 845 713 882 re non est. quae enim ita infinita
217 886 716 922 sunt, quo modo intelligere con¬
218 924 715 962 tingite Nec enim simile de linea
219 965 714 1016 est, quae secundum diuisiones quidem
215 1013 707 1050 non stat. intelligere vero non po¬
219 1053 716 1103 test, nisi sistat, quare non nume¬
216 1085 711 1139 rabit diuisiones, qui infinitam petransit,
257 1148 712 1202 Et etiam qui hoc dicit destruit
217 1203 712 1266 scientiam. scientia enim non erit f
215 1248 718 1306 ne peruentu ad illa, quae non patiu
216 1297 711 1346 tur diuisionem. Et sciens secundi,
208 1340 708 1403 hoc non erit. res enim infinitae, quae
209 1391 709 1452 sunt huiusmodi dispositionis, im¬
213 1437 708 1499 possibile est vt comprehendantur
212 1484 702 1546 ab intellectu. TFineae enim disposi¬
208 1533 713 1589 tio non est talis, scilicet, quod & si¬
204 1580 704 1642 non adaptatur stare super diuisio¬
209 1628 708 1690 nes suas, impossibile est vt copreho
209 1677 704 1738 dantur per intellectum, nisi per sui
208 1724 708 1789 statu, sed qui acceperit in sua imagi
204 1771 701 1819 natione lineam infinitam, non de¬
210 1816 612 1874 terminmabit diuisiones eius.
788 173 1268 222 Hoc est complementum primae,
750 213 1268 259 declarationis, in qua posuit postre¬
753 246 1260 291 mam formam. & postremam diffe¬
741 287 1256 330 rentiam, & declarauit quod necesse est
744 324 1262 376 vt prima forma sit in re definita, &
750 361 1257 411 quod impossibile est quod forma, procedat
752 401 1245 442 de inferiori ad superius in infinitum
749 439 1248 490 hic autem ponit primum superius
750 478 1241 522 esse, & declarat posterius esse. Et ind
746 525 1242 567 d. scientia enim non erit sine peruentu
748 556 1247 607 &c. i. quod cum posuimus postremum
741 591 1247 648 non esse, & primum esse, destruetur,
744 635 1240 674 scientia definitionum, quae sit secundum dis¬
743 670 1239 715 solutionem: sicut destruitur scien¬
749 717 1239 754 tia definitionum, quae fuerit per com¬
747 757 1243 796 positionem, cum posuimus postre¬
748 788 1249 840 mum esse, & primum non esse quam
748 828 1236 866 do enim in vna re fuerit prima for¬
749 866 1247 906 ma diuisibilis in differentias infini
748 903 1251 947 tas, non perueniemus per diuisionem,
741 940 1253 995 ad cognoscendum naturam illius spe
740 977 1257 1026 ciei. scientia enim alicuius non fit, nisi
740 1017 1226 1070 quando peruenitur ad speciem postremam.
748 1059 1257 1098 D.d. secundum inopinabile, & d. Et
748 1095 1253 1139 sciens secundum hoc non erit, in & si scientia.
746 1133 1255 1185 non fuerit, continget valde inopina
747 1170 1253 1210 bile scilicet quod sciens non erit. & causa in hoc
748 1213 1259 1250 est, quod res cognitae sunt ea, quae deter.
742 1249 1247 1291 minantur ab intellectu: infinita au
741 1292 1233 1330 tem non determinantur ab intelle¬
745 1326 1235 1380 ctu: ergo non sunt cognita. D.d. Li
744 1372 1248 1409 neae enim, &c. i. & non debet contra¬
745 1404 1241 1442 dicere aliquis nobis per diuisionem li
742 1448 1245 1492 neae, qui a non possumus peruenire
736 1484 1245 1522 in sua diuisione ad partem vltimam,
740 1518 1244 1562 assimilando diuisionem generis in
743 1558 1242 1605 species diuisioni fineae in medieta¬
738 1596 1240 1640 tes, & meditatum in medietates, &
742 1637 1238 1673 sic in infinitum. Impossibile est enim
734 1677 1238 1727 nos intelligere lineam infinitam, ni
733 1708 1235 1763 si quando accepimus eam finitam, & ite¬
743 1750 1243 1793 rando eam infinities. & hoc non fal
740 1793 1238 1843 cit intelligere infinitum. & ideo qui
736 1828 1241 1883 imaginatus fuerit fineam infinitam, non
