1475 2066
236 155 737 218 AB i SrorE E†S
262 229 703 274 E*AprivSIconvi
278 309 678 346 228. ryn rtvspe eru vs
321 379 659 419 Cum Auer. Commen
296 452 689 491 SVMMAE 22222
275 501 745 539 in Prima, de Mathematicarum rerum es
242 533 472 577 sentia pertractatur.
275 565 702 602 in Secunda, disputatur contra Ideas
281 597 748 634 In Tertia, probatur Numeros non esse
253 629 501 674 substantias separatas.
320 685 682 723 SVMMAEDM2MAE.
246 724 744 770 De quibus agendum sit in subsequentibu¬
365 769 635 818 libris. Cap. 2
448 820 744 871 E sensibilium itaque
451 866 752 914 substantia, quae nam
449 903 742 959 sit, dictum est: in tram¬
444 949 743 1001 ditione quidem natu
443 993 745 1042 ralium, de materia
251 1030 749 1088 posterius vero de actu. Cum au
254 1077 744 1123 tem haec consyderatio sit, vtrum
250 1118 744 1167 praeter sensibiles substantias ali
252 1157 753 1204 qua sit immobilis & aeterna neo
253 1197 747 1257 ne, & si sit, quaenam sit, quae ab
244 1241 751 1283 aliis dicuntur: primo speculandum est:
250 1281 747 1334 vt tum siquid non recte dicant,
237 1318 757 1370 non simus eisdem consciim: tum si¬
248 1373 744 1419 quod nobis & illis commune de
247 1406 746 1449 cretum sit, hoc separatim non com
253 1445 753 1505 tra nos grauiter feramus. suffi¬
248 1499 752 1539 ciens enim erit, siquis quaedam
252 1533 760 1574 melius dicat, quaedam non dete
244 1573 750 1618 rius. Duae autem de his opiniones
250 1613 757 1658 sunt. Quidam etenim ipsa Ma¬
249 1655 755 1706 thematica substantias esse aiutem,
250 1700 759 1744 vt numeros, lineas, & quae his,
252 1741 752 1800 eiusdem generis sunt. Et rursus
244 1781 752 1834 ldeas. Cum autem quidam ideas,
251 1825 760 1874 numerosque mathematicos duo
768 157 1305 208 genera faciant, quidam vnam am
769 204 1266 248 borum naturam, quidam autem
766 247 1276 290 alij mathematicas tantum substantias
765 287 1273 331 esse dicant: primum quidem de
764 328 1273 370 mathematicis consyderandum
772 369 1268 421 est, nullam aliam eis addendo na
771 420 1267 455 turam. veluti vtrum ideae sint
768 452 1274 498 necne, & vtrum principia, substan
768 494 1264 546 tiaeque entium, an non: verum tantum
768 536 1278 587 vt de mathematicis, vtrum sint
777 575 1273 618 an non sint: & si sint, quonam mo
780 617 1272 659 do sint. Deinde postea seorsum
772 660 1272 714 de ipsis ideis simpliciter, & ali¬
780 709 1275 755 quantulum legis gerera. diuulgata
772 744 1280 786 nanque plurima sunt etiam in exterio
772 783 1286 827 ribus rationibus. Praeterea ad il
778 830 1285 878 lam consyderationem oportet
776 876 1273 915 maiorem sermonis partem atten
783 909 1263 954 dere, cum de his con syderemus
780 949 1283 996 vtrum substantiae, principiaque
783 992 1292 1044 entium numeri ac ideae sint. post
782 1036 1282 1082 enim ideas haec tertia consyde¬
783 1076 1283 1123 ratio restat. Necesse autem si ma¬
782 1116 1285 1162 thematica sunt, aut in sensibili¬
780 1159 1280 1202 bus ea esse, quemadmodum ali¬
786 1208 1282 1246 qui dicunt, aut a sensibilibus se¬
780 1249 1288 1297 parata (& hoc etiam modo qui¬
789 1285 1285 1330 dam aiunt) aut si neutro modo
782 1328 1284 1385 sunt, aut alio modo sunt. Quare
780 1367 1284 1421 dubitatio nobis non de ipso esse
785 1413 1133 1458 erit, verum de modo.
781 1460 1291 1506 Mathematica substantias non esse magis
823 1498 1259 1547 quam corpora, nec eis priora nisira
856 1538 1225 1587 tione, nec ab eis separata esse
910 1578 1162 1626 posse. Cap. 2
834 1612 1295 1666 Tquidem quod in sensibi
819 1647 1295 1710 blibus ea esse impossibile est,
799 1701 1299 1750 A. Aquodque simul fictitia ratio
790 1741 1296 1795 est, dictum sane in dubitationi¬
782 1781 1305 1826 bus est, quod simul duo solida esse
781 1825 1298 1866 impossibile est. Item quod eiusdem
