1475 2066
213 157 721 210 rent, numerus quoque a numero
224 197 729 243 differret, qui aequalis est, plenitu
228 242 722 282 dine vnitatum. ltem vtrum prima
227 284 731 339 maiores, an minores, & postea
228 332 719 371 crescant, an econuerso us haec eni
231 370 721 410 omnia absurda sunt. At vero nec se
225 405 729 451 cundum qualitatem differre contin¬
226 447 722 499 git. nullam enim inesse passionem possi
232 491 721 536 bile est. etenim numeris quoquid
227 535 723 578 posterius aiunt inesse qualitatem,
231 573 716 626 quam quantitatem. Item nec ab vno
229 613 721 658 hoc ipsae patientur, nec a dualita
230 653 714 699 te. hoc enim non est quale, illa vere
228 702 718 742 quantum, quale. nam vt entia mul
224 737 718 778 ta sint, haec natura causa est. Si
226 781 711 830 igitur aliter quo quo modo se habet
224 821 719 866 dicendum hoc maxime in prin
226 868 719 907 cipio est: & de differentia vnita
224 908 718 953 tis determinandum, maxime qui¬
220 946 712 995 dem & propter quid necesse est
226 988 716 1040 existere, quod si non, quam dicunts
225 1028 712 1075 Et quidem, si ideae numeri sunt
228 1073 725 1114 dilucidum est, quod neutro modorum
227 1112 725 1167 contingit, nec combinabiles cum
222 1151 716 1194 ctas vnitates esse, nec inuicem
218 1194 490 1242 incombinabiles.
220 1261 708 1300 Destruuntur opiniones: Et ea, quae nume
263 1293 719 1341 ros mathematicos rerum principia po¬
263 1340 727 1370 nit: Et ea, quae cundem esse numerum
269 1368 723 1410 & mathematicum, & idealem dicit:
267 1405 713 1459 Et ea, quae Pythagoricorum est, dicen
265 1452 725 1490 tium numeros quidem separatos non es
256 1484 713 1531 se, sed ex ipsis consta re corpora. Neddi
264 1521 685 1570 turque earum erroris causa. Cap.
335 1573 718 1626 Tnec vt alii quidem de
336 1614 715 1659 numeris dicunt, recte di
333 1656 720 1706 citur. sunt autem hi, quicunque
221 1696 716 1746 ideas quidem esse non putant,
226 1738 724 1786 nec simpliciter, nec vt numeros
220 1780 724 1835 quosdam existentes: mathema¬
220 1820 725 1866 tica vero esse, & numeros entium
756 157 1268 215 primos, ac eorum principium esse:
758 201 1246 255 ipsum vnum. Absurdum nanque est,
761 252 1257 290 vnum quidem esse quid primum
752 284 1252 334 vnorum, vt illi aiunt, dualitatem
755 329 1261 378 vero non esse dualitatum, neque tri¬
748 366 1259 411 nitatem trinitatum. eiusdem enim
752 409 1256 451 rationis omnia sunt. Si igitur ita se
755 451 1251 497 habeant quae circa numerum sunt,
753 492 1243 530 & solum mathematicum quis esse po
753 534 1245 579 nat, ipsum vnum non est princi¬
754 572 1248 628 pium, necesse enim esset, vt tale¬
753 613 1235 658 vnum differret ab aliis vnitatibus,
748 652 1245 706 quod si hoc, dualitatem quoque pri¬
752 693 1246 738 mam a dualitatibus. similiter autem
746 740 1249 779 caeteros quoque consequentes nu¬
753 786 1249 827 meros. si autem ipsum vnum est prin¬
750 821 1245 874 cipium, necesse magis et quae cir
749 870 1247 907 ca nuneros sunt se habere (vt Pla¬
755 901 1249 946 to aiebatac esse dualitatem pri
748 945 1248 986 mam & trinitatem, nec esse nume
751 986 1245 1031 ros ad seinuicem combinabiles. si
749 1029 1253 1083 quis vero rursus haec ponat, di¬
753 1070 1251 1115 ctum est quod multa impossibilia ac
750 1111 1240 1163 cidunt. At necesse est aut hoc, aut
749 1153 1253 1194 illo modo se habetur, quare si neu
746 1194 1241 1248 tro modo, non est possibile fnn¬
750 1236 1240 1283 merum esse separatum. Constat
749 1281 1241 1330 autem ex his, quod tertius modus pes¬
750 1324 1239 1362 sime dicitur, eundem videlicet es¬
748 1365 1248 1410 se mathematicum & formarum nu¬
752 1412 1241 1450 merum. Necesse est enim in vnam
753 1447 1253 1491 opinionem duos errores conue
754 1489 1242 1531 nire, nec enim mathematicum
748 1532 1249 1585 numerum contingit hoc modo es
752 1573 1238 1623 se, sed proprias suppositiones
751 1612 1244 1666 supponentem necesse est proli¬
748 1655 1245 1706 xum esse. Et insuper quaecunque
752 1709 1245 1738 accidunt eis, qui vt formas nu¬
752 1747 1249 1779 merum dicunt, haec etiam neces
751 1780 1251 1827 se est dicere. Modus vero Pytha
749 1824 1247 1874 goricorum partim pauciores ha¬
