1475 2066
212 147 708 203 Narrantur opiniones multae Antiquori
261 185 623 242 de principiis. Cap. 2
353 236 728 283 Vidam vero alterum con
344 279 729 322 trariorum materiam faciunt.
338 324 722 376 x quidam vn scilicet equa¬
227 365 727 402 li inaequale, quasi hoc natura mul¬
228 405 733 442 titudinis sit. quidam vni multi
224 453 722 489 tudinem. generantur enim nume
228 492 714 530 ri a quibusdam ex dualitate inae
222 526 719 582 qualis, magno ac paruo, a quo
226 568 723 618 dam ex multitudine, ambobus tamen
226 613 724 658 ab substantia vnius. etenim qui
220 653 717 692 inaequale & vnum dicit elementa
230 693 721 731 inaequale vero ex magno & pat
231 733 719 787 uo dualitatem, tanquam vnum sint
224 780 725 818 inaequale & magnum & paruum
220 816 713 866 dicit, nec determinat quod ratione
218 857 725 897 numero vero minime. At vero
222 909 718 947 principia etiam quae elementa vo
225 938 723 987 cant, non bene assignant. Cum
226 980 724 1035 autem quidam magnum & paruum
220 1024 718 1074 pariter cum vno haec tria numen
220 1069 721 1114 rorum elementa dicunt, duo qui¬
220 1109 727 1154 dem materiam, vnum vero for¬
229 1148 719 1194 mam. Quidam vero multum & pat
225 1197 715 1245 cum, quia magnum & paruum
220 1230 718 1274 magnitudini magis secundum naturam
228 1273 723 1322 peculiaria sunt. Alii autem quod
230 1315 720 1358 magis vniuersale in his, excedens
228 1356 724 1402 & excessum. At nullum istorum
231 1397 723 1450 aliquid differt (vt ita dicam)quo¬
227 1441 719 1491 ad quaedam, quae accidunt, nisi
227 1479 714 1523 ad logicas tantum difficultates
220 1531 713 1573 a quibus cauent, propterea quo
228 1564 714 1619 alii quoquid logicas afferunt demon
228 1607 719 1650 strationes. eiusdem tamen rationis
233 1647 716 1690 est excedens & excessum at non
220 1693 716 1742 magnum & paruum principia est
228 1733 714 1778 se, ac numerum dualitate prio¬
229 1772 721 1818 rem ex elementis ponere. ambo
220 1816 721 1859 nanque magis vniuersalia sunt. at
760 154 1297 195 illud quidem dicunt, hoc vero N
758 194 1267 235 minime. Quidam vero alterum
756 233 1264 282 & aliud ad vnum opponunt. alii¬
759 274 1257 314 autem multitudinem & vnum
756 324 1254 371 Narratae opiniones confutantur. Cap. 2
769 357 1258 410 Vligitur entia (vt volunt) ex
828 406 1262 444 contrarijs sunt: vni vero aut
826 440 1255 490 nihil contrarium, aut si est,
749 485 1261 538 multitudo est: & inaequale aequa
756 524 1259 570 li, & alterum eidem, etiam aliud ei
760 573 1262 610 dem: maxime quidem qui vnum
750 609 1253 659 opponunt multitudini, aliqua
760 652 1250 704 opinione nituntur, nec hi tamen suffi¬
754 692 1246 738 cienter. vnum etenim erit paucum¬
754 738 1256 778 quandoquidem multitudo pauci
752 777 1255 827 tati, multum vero pauco oppo
750 816 1256 858 nitur. Vnum vero, quod mensuram si¬
756 855 1252 906 gnificet, manifestum est. ac in cum
754 897 1250 949 ctis est aliquid aliud suppositum,
756 941 1246 980 veluti in harmonia primus sen
757 980 1253 1027 sibilis tonus, in magnitudine di
756 1021 1244 1069 gitus, aut pes, aut aliquid simi¬
754 1062 1246 1115 le. & in rhytlimis gradus aut syl
746 1110 1246 1154 laba. similiter in grauitate pon¬
748 1149 1246 1194 dus aliquod determinatum est. ac
756 1189 1249 1241 eodem modo de omnibus. in qua
750 1232 1247 1274 litatibus quale quid, in quanti¬
755 1272 1243 1329 tatibus quantum quid. mensu¬
748 1311 1245 1363 ra enim indiuisibile, quaedam
750 1357 1248 1408 secundum formam, quaedam se
751 1396 1243 1442 cundum sensum, tanquam vnum, non sit
751 1439 1247 1482 aliqua per se substantia. & hoc ratio¬
751 1481 1245 1522 nabiliter. vnum namque sigenenat, quod mesu
750 1524 1242 1570 ra cuiusdam multitudinis est. ac
747 1564 1237 1609 numerus multitudo mensurata,
746 1607 1243 1650 & multitudo mesurarum. Quare
748 1652 1232 1690 rationabiliter vnum non est numerus
749 1690 1239 1741 neque enim mesura mesurae. Ve
746 1732 1242 1784 rum tam mensura quam vnum, princi¬
744 1773 1240 1824 pium est. Oportet autem vt mensu
746 1813 1245 1859 ra semper idem cum omnibus sit.
