1475 2066
203 114 717 167 poni. materiam nanque habebunt.
217 159 717 202 omne nanque, quod ex elementis
215 198 708 254 est: compositum est. Si itaque neces¬
218 245 710 294 se sit, ex quo quid est (siue sempe
218 285 723 330 sit, siue factum sit) ex eo fieri, omne,
214 325 714 370 vero fiat ex eo, quod potentia est
213 368 707 418 id, quod sit (nec enim ex impos¬
217 413 717 459 sibili factum fuisset, nec esset) quod
214 453 715 498 vero possibile est, contingit vt &
212 501 715 547 quis agat, & non, numerum quoquid
216 533 719 584 && si quam maxime semper sit) aut
211 578 705 620 quodcunque aliud materiam ha¬
212 617 710 658 bens, contingat profecto non esse
218 660 710 711 haud secus, & quod vnum diem
216 701 709 747 habet, & quod annos quodcunque. si
214 749 714 794 vero sic, & tempus cum tantum
206 781 713 826 sit, vt cuius non est terminus, non
211 825 704 874 erunt ergo aeterna: siquidem quod
208 869 701 922 contingit non esse, non est aeternum
207 909 709 954 quemadmodum in aliis tracta¬
213 957 710 994 tum est. Quod si verum vniuer
208 998 708 1034 faliter est: quod nunc dicitur, nul
209 1037 713 1082 lam substantiam aeternam esse, si non
213 1076 712 1117 sit actu, elementa vero materia
210 1124 707 1162 substantiae sint, nullius profecto
210 1158 709 1216 aeternae substantiae elementa erunt,
216 1200 693 1242 ex quibus inexistentibus fit.
229 1245 710 1294 Sunt autem quidam, qui duali
203 1285 716 1338 tatem quidem indeterminatam
210 1332 704 1370 vna cum vno faciunt elementum
206 1368 710 1410 inaequale vero haud ab re sper¬
204 1407 715 1459 nunt, propter impossibilia, quae
206 1452 704 1506 accidunt. a quibus tot solum de difi
213 1494 705 1538 ficultatibus ademptae sunt, quot
209 1532 707 1586 cunque necesse est illis accidere, quo
204 1577 708 1618 inaequal e & ad aliquid faciunt
211 1629 701 1675 elementum. quodcumque vero prae¬
212 1661 713 1706 ter hanc opinionem sunt, has illis
205 1700 709 1755 quoque necesse est accidere, siue
204 1750 708 1786 idealem numerum, siue mathe¬
203 1793 587 1834 maticum ex eis faciant.
752 116 1290 171 ulus. de causis hntiquos in has causas 2
765 157 1220 213 tapsos fuisse: praecipue vero ob Parme
780 197 1215 252 nidem dicentem ipsum ens vnum esse:
839 237 1144 282 quod ab Aristotele redas
877 277 1104 327 guitur. Cap. A5
878 329 1243 379 Vltae igitur causae sunt
874 368 1251 421 quare in has causas lapsi
867 412 1243 459 funt. maxime vero ea,
745 452 1253 498 quae ob antiquitatem dubitatio est.
746 493 1251 539 videbatur namque eis omnia entia fo¬
748 541 1246 587 re vnum scilicet ipsum ens. nisi quis sol
740 580 1248 618 uat, & consentane eParmenidis
745 628 1247 658 rationi incedat. nunquam enim
738 661 1242 707 hoc vllo modo esse non ens. verum
742 700 1244 755 necesse esse ostendere, quod non ens sit.
742 741 1240 786 hoc nanque modo ex ente & ali¬
747 783 1245 826 quo alio entia fore, si multa sunt.
738 824 1240 866 Profecto in primis quidem, si ens
745 869 1245 909 multipliciter dicatur: quoddam
742 909 1237 953 enim, quia substantiam significat,
743 950 1243 1002 quoddam, quia quale, quoddam,
743 1001 1241 1038 quia quantum, & reliqua quoqued
744 1036 1251 1083 praedicamenta: quale igitur vnum
738 1073 1242 1115 omnia entia erunt, si non erit non
744 1117 1231 1167 ens vtrum substantiae, an passiones
746 1157 1236 1210 & alia quou quid similiter, an cunctas
744 1201 1239 1250 & erit vnum hoc, & tale, & tantum,
747 1244 1240 1294 & alia quaecumque vnum quid si¬
745 1285 1229 1341 gnificant *At inconueniens est
742 1324 1241 1370 immo vero impossibile vnam ali¬
744 1368 1239 1411 quam naturam factam causam,
744 1410 1244 1449 & huius entis, & eiusdem entia
738 1453 1236 1503 sit quoddam hoc, quoddam tale¬
748 1493 1243 1538 quoddam tantum: quoddam vero vbi¬
743 1531 1241 1592 Deinde ex quali non ente, ac ente
740 1577 1238 1626 entia Multipliciter enim, & quod
742 1617 1237 1660 non ens, sicuti etiam ens. etenim
737 1668 1232 1706 quod non hominem significat
744 1701 1235 1747 non esse hoc: quod non rectum au¬
745 1741 1237 1786 tem, non esse tale: quod non tri¬
738 1789 1234 1842 cubitum vero, non esse tantum
