1475 2066
222 172 737 226 siones eorum. Pythagorici vero
239 212 735 258 secundum tale nullius culpabiles exi¬
240 254 734 297 stunt. At secundum quod natura
234 301 734 339 lia corpora ex numeris faciunt
239 348 735 386 ex non habentibus grauitatem
238 387 732 426 vel leuitatem grauitatem & leui¬
232 424 734 466 tatem habentia videntur de alio
236 468 744 506 coelo corporibusque aliis, non autem,
238 509 733 552 de sensibilibus dicere. Qui vere
238 549 736 594 faciunt separatum, eo quod dignita
239 597 743 642 tes non sunt in sensibilibus, quid¬
233 629 742 682 que vera sunt quae dicuntur, &
238 685 735 720 animae adblandiuntur, & esse ex¬
241 717 739 762 stimant, & separata esse, simili¬
232 765 735 802 ter quoque & magnitudines ma¬
237 801 733 842 thematicas. At dilucidum est,
235 853 736 896 quod oratio quoque contraria dicet
237 884 740 931 contraria, & quod iam dubitatum
236 931 740 971 est, soluitur ab illis hoc pacto sci
239 968 741 1014 scitantibus, quam ob causam, si
235 1008 731 1050 nullatenus ea sensibilibus insit,
232 1057 735 1098 passiones eorum in ipsis sensibili¬
232 1092 740 1146 bus sint. Sunt autem quidam, qui ex
228 1136 737 1186 hoc, quod termini, extremaque sunt,
234 1173 738 1226 punctum lineae. haec superficiei
234 1221 739 1258 ista solidi, putant debere tales na¬
238 1260 739 1306 turas ex necessitate esse. Oportet
233 1303 738 1355 igitur & hanc rationem consy¬
235 1344 740 1386 derare, nonne nimium debilis sit.
228 1389 741 1426 Nec enim substantiae sunt extre
230 1428 739 1470 ma, immo omnia haec termini.
236 1469 741 1514 Cum & ambulationis, & omni
230 1518 723 1554 no motus aliquis terminus sit
232 1555 731 1603 is ne igitur est quod quid, & sub
230 1596 729 1647 stantia quaedam. at absurdum
224 1640 735 1681 est. At vero etsi sunt, sensibilia sa
225 1680 737 1730 ne omnia erunt. in his nanque es¬
227 1724 733 1771 se ratio dixit. cur igitur separata
224 1771 730 1810 erunt. Item inquiret quispiam,
225 1812 728 1850 qui non admodum facilis sit ad cre
228 1854 737 1899 dendum, de omni quidem numero,
771 167 1287 226 & mathematicis hoc ipsum, quid
768 216 1275 258 nihil conferant inuicem priora
765 254 1265 306 posterioribus, nam & numero
768 307 1264 338 non existente, nihil minus ma¬
774 348 1267 393 gnitudines erunt illis, qui mathe
764 380 1264 426 matica solum esse aiunt: & his non
770 424 1273 474 existentibus, anima, & corpora
764 464 1267 506 sensibilia. Ex his vero, quae ap¬
772 509 1261 562 parent, non videtur natura in¬
773 556 1273 595 connexa, quemandmodum vitiosa¬
775 590 1274 634 Tragoedia. Qui vero ponunt
765 637 1269 688 ideas, hoc quidem eos fugit, ex
772 677 1274 722 materia namque, & numero faciunt
772 717 1271 771 magnitudines. ex dualitate qui¬
766 758 1266 811 demlongitudines, ex trinitate ve
772 798 1267 842 ro fortassis plana, ex quaternita
764 845 1270 890 te solida, aut ex aliis numeris. ni¬
764 885 1277 930 hil enim interest. Sed vtrum haec
770 925 1262 970 erunt ideaec aut quis modus ea
773 969 1263 1019 rum est: quidue conferunt entibus
764 1013 1268 1061 Nihil profecto, quemadmodum ne¬
766 1053 1270 1098 que mathematica, nec istae con¬
772 1092 1266 1138 ferunt. At vero nec vllum theore.
764 1133 1266 1178 ma de eis est, nisi quis velit ma¬
775 1173 1269 1225 thematica motum efficere, ac. pro¬
764 1221 1267 1266 prias quasdam opiniones facere,
764 1262 1269 1314 non est autem difficile eos, qui quas¬
773 1301 1262 1353 cunque suppositiones sumunt. pro¬
773 1347 1269 1386 lixum quippiam facere. atque conne¬
764 1388 1258 1434 ctere, hi quidem hoc modo ma
772 1436 1274 1474 thematica ideis annectentes, pec
764 1470 1277 1514 cant. Primi autem duos numeros
763 1512 1267 1555 facientes, tum idealem, tum mathe¬
766 1556 1264 1594 maticum, nullo modo dixerunt,
771 1597 1268 1650 nec dicere habeant, quomodo,
772 1636 1273 1682 vel ex quo mathematicus erit:
764 1680 1272 1722 faciunt enim eum medium inter idea
765 1725 1273 1773 lem, & Sensibilem. Si enim ex magno
764 1764 1277 1802 & paruo, idem erit illi, qui idearum
764 1813 1266 1863 est. Iverum ex alio quodam magno
764 1847 1270 1891 & paruo magnitudines sanem fa¬
