1475 2066
194 148 709 211 cit. si autem aliud quoddam dicet, plu¬
206 193 713 247 ra elementa dicet. Et si principium
208 240 713 289 vtriusque vnum quid est, commune quid
209 277 712 322 in his id vnum erit. at quaerendum
208 319 709 370 est quomodo haec multa vnum sint:
211 361 709 414 Et simul secundum cum aliter quam ex vno,
204 412 706 445 & indeterminata dualitate nu¬
212 452 714 491 merum fieri impossibile est. Haec
207 492 705 530 itaque omnia irrationabilia sunt,
204 527 708 571 ac ipsa sibi ipsis, & bene ratione
216 572 702 622 vtentibus compugnant. vide
206 612 714 667 turque in eis esse longus Simonidis
209 653 713 712 sermo. sit nanque longus sermo,
215 697 710 743 quemmadmodum is: qui seruorum
215 747 716 788 est, cum nihil sanum dicant. Ipsa
214 780 713 834 quoque elementa magnum, & par
215 821 715 866 uum videntur conqueri, quod trahum
216 864 708 906 tur. non possunt. enim vllo modo ge
210 903 712 958 nerare numerum, nisi eum, qui ab
218 948 712 994 vno duplicatur. Inconueniens
215 989 710 1034 etiam est, immo impossibile ge
214 1032 713 1082 nerationem quoque eorum facere,
213 1072 716 1114 cum perpetui sint. vtrum autem Py¬
212 1116 710 1166 thagorici faciant, an non faciant
208 1158 711 1204 generationem, nihil dubitandum
208 1197 702 1250 est. manifeste nanque dicunt, quo
210 1236 718 1290 vno constituto, siue ex planis, si¬
212 1278 712 1332 ue ex colore, siue ex semine, siue
210 1325 707 1375 ex quibus egent dicere, confestn
208 1365 707 1417 infinito propinquissimum trahe¬
213 1405 708 1459 batur, terminabaturque a termino.
214 1449 708 1491 Verum quoniam de mundi factura, ac
216 1493 706 1541 naturaliter haec dicere volunt, de
217 1540 707 1591 cens erat aliquid eos de natura
212 1573 715 1618 inuestigare, a praesenti vero via
218 1615 703 1678 discedere. Quaerimus nanque prin
216 1656 712 1698 cipia, quae in immobilibus sunt,
212 1708 715 1753 quare talium numerorum genera
209 1741 713 1795 tionem consyderare oportet. Im¬
212 1789 713 1835 paris itaque generationem non di¬
213 1821 711 1866 eunt, quasi videlicet paris gene
744 148 1259 194 ratio sit. Parem vero primo ex in
746 204 1250 249 aequalibus, magno & paruo aequa
740 237 1239 288 tis, quidem constituunt, necesse
742 274 1249 331 itaque est prius esse ipsis inaequali
740 318 1247 363 tatem, quam ipsum aequari. si autem,
740 361 1245 402 semper aequata fuissent, non fuit
733 404 1243 454 sent inaequalia prius. ipso enim sem
742 452 1248 501 per nihil est prius, quare patet quod
740 494 1246 530 non contemplandi gratia faciunt
742 533 1198 577 generationem numerorum.
734 589 1242 627 Dubitatio, quo pacto bonum in ipsis prin¬
781 624 1205 668 cipiis insit: de qua re diuersae Anti¬
819 661 1161 715 quorum redarguuntur opi¬
861 701 1121 750 niones. Cap. 8.
854 745 1233 785 Abet autem dubitationem
856 781 1245 835 & a bene dubitante repre
856 821 1236 866 habesionem, quonam modo ad
744 868 1239 913 bonum, atque pulchrum elementa,
744 909 1247 961 principiaque se habent. dubitatio
742 957 1239 1000 nem quidem hanc vtrum aliquid isto
738 988 1243 1043 rum tale sit, quale volumus ipsum
746 1030 1234 1075 ideale bonum, & optimum dicere,
739 1072 1246 1115 an non, sed posterius genita sint.
748 1116 1240 1154 A quibusdam enim recentioribus
747 1156 1238 1203 Theologis concessum esse Vide¬
743 1197 1250 1243 tur, qui non aiunt, nisi quod entium
744 1245 1240 1291 natura praecedente, bonum quoque
747 1288 1237 1323 ac pulchrum apparet. hoc vero fa
741 1325 1245 1368 ciunt veram veriti difficultatem, quae
737 1368 1242 1410 accidit dicentibus, quemadmodum
743 1405 1239 1462 quidam ipsum vnum, principium
741 1445 1245 1490 Difficultas autem est, non quoniam prin¬
743 1490 1235 1531 cipio bonum tanquam insitum attri¬
744 1533 1232 1583 buerunt, verum propterea quod
743 1572 1237 1626 ipsum posuerunt principium, &
742 1621 1236 1666 principium, vt elementum. numen
743 1655 1239 1698 rum quoque ex vno. Poetae vero An
744 1701 1235 1754 tiqui similiter. quo modo regnam
744 1740 1235 1787 re: eo & principia esse aiunt, non
740 1780 1233 1835 enim primos, veluti noctem, &
744 1823 1235 1867 coelum, aut chaos, aut etiam oceanum,
