1475 2066
187 132 715 179 milat, quia ex indeterminatis, ac
202 180 705 234 imperfectis semper perfectiora: &
197 221 713 274 ideo estm in primis ita se habere aiutem,
204 260 702 319 vt nec ens aliquid sit ipsum vnum
210 305 708 346 Verum etiam hic perfecta princi¬
204 344 710 394 pia sunt, ex quibus haec sunt. ho
202 389 709 443 mo enim hominem generat, nec
191 429 515 483 semenprimum est.
200 485 709 535 Contra ponentes locum simul cum magni
219 522 686 562 tudinibus fieri. Item contra dicentes
232 563 664 606 ex numeris, vt ex elementis entia fi¬
249 601 647 643 ri, ipsum autem aliud ex alio es¬
277 638 629 689 se, quot modis dicatur non di¬
316 677 590 722 uidentibus. Cap. 2.
308 710 699 754 Psurdum item est locum si¬
309 757 706 803 mul cum solidis mathema
312 805 704 851 ticis facere. locus nanque
194 838 696 883 singularium proprius, quare loco
196 880 695 922 separabilia sunt. mathematica
192 920 699 969 vero non sunt alicubi. At insup
193 961 683 1002 dicere quidem, quod alicubi erunt
194 1001 702 1043 quid vero locus sit, non absur¬
195 1045 701 1093 dum est. Oportebat vero eos, qui
196 1093 697 1130 entia dicebant esse ex elementis,
194 1126 692 1177 primaque entium numeros, diui¬
197 1173 705 1210 dere qualiter aliud ex alio sit: &
191 1211 707 1250 ita dicere quonam modo nume
196 1254 694 1290 rus ex principiis sit. Vtrum mi¬
196 1293 704 1339 stioneA At non est omne miscibi
199 1333 701 1378 le, & quod sit alterum, non erit se¬
194 1373 694 1420 parabile vnum ipsum, nec altera
189 1412 701 1468 natura, neque volunt. At compo¬
192 1453 699 1507 sitione dicent, vt syllabam e ged si
196 1493 694 1539 tum necesse est esse. & qui intelli¬
200 1541 705 1593 git, seorsum intelliget vnum, &
189 1579 692 1619 multitudinem. hoc igitur nume
194 1621 708 1659 rus erit, vnitas & multitudo, aut
194 1660 703 1710 vnum & inaequale. Et cum id, quod
198 1708 709 1758 est ex aliquibus esse, est quidem, vt
197 1749 704 1794 ex his, quae insunt, est vero, vt non,
201 1786 729 1826 vtronam modo numerus est* Sic. enim
739 133 1262 195 vt ex his, quae insunt, non sunt nisi
743 179 1247 235 ea, quorum generatio est. Sed tan¬
741 220 1249 264 quam a semine erit: At non possi¬
735 259 1246 307 bile ab indiuisibili aliquid abi¬
732 303 1244 355 re. Verum fortassis tanquam vt ex
737 348 1237 394 contrario non permanente At quae
738 397 1241 426 cunque ita sunt, ex alio quoque quo
741 425 1243 475 dam permanente sunt. Cum autem
733 468 1243 521 vnum, quidam quidem vt contrarium
728 518 1242 562 multitudini, quidamvero inaequa
732 553 1241 594 li ponat, vno vt aequali vtens, tam
736 603 1241 641 quam ex contrarijs erit numerus
731 637 1225 682 profecto. est igitur quippiam aliud
734 678 1229 716 ex quo permanente, & altero est
734 724 1232 767 aut factus est. Praeterea, cur caete
730 764 1241 810 ra quidem, quaecunque ex contra¬
736 797 1235 843 rijs sunt, aut ea, quibus contra¬
727 845 1239 882 ria sunt, corrumpuntur, nume¬
729 877 1233 931 rus vero, & si ex omni sit, mini¬
733 921 1235 962 mesde hoc enim nihil dicitur, quam
735 960 1233 1009 uis contrarium tam quod inest, qua
732 1010 1233 1050 quod non inest, corrumpat, vt con¬
731 1045 1227 1090 tentio misturam. attamen non opos
729 1089 1229 1130 tebat. non enim est illi contraria
727 1127 1213 1178 Numerum non esse causam aliquam ip¬
795 1165 1132 1215 sarum rerum. Cap. 8
814 1205 1220 1250 Vlhil autem determinatum est
849 1245 1227 1302 qualiter numeri substan
845 1288 1225 1330 tiarum, & existentiae cau
726 1333 1228 1370 sae sunt: vtrum vt termini, veluti
728 1373 1231 1418 puncta magnitudinum, & vt Eu¬
731 1421 1238 1465 rytus ordinabat, haec numerus
730 1453 1236 1499 huius: puta, hic quidem hominis, hic
733 1494 1230 1546 vero equi: quemadmodum illi, qui
726 1534 1222 1587 numeros ad siguras, triangulum
732 1581 1232 1635 & quandratum reducunt, ita plan¬
724 1621 1234 1668 tarum formas supputationum cal¬
730 1661 1231 1709 culis assimilans. An, quoniam ratio,
730 1701 1232 1754 & consonantia numerorum, similiter etiam
725 1741 1233 1786 homo, & aliorum vnunquoque At
719 1783 1225 1832 passiones, qualiter sunt numeri
