1475 2066
206 157 1257 236 A VEEE&ES
358 249 1144 315 Co M DVEENS2S
266 334 1226 383 E D2HSME2ME2ENVM
343 396 1157 436 MErApris ic A AMiSEox 22s
387 484 1088 539 tacob Mantino Hebraeo Medico interprete.
444 563 1045 602 E NAC HAVSDMiMV.
511 638 732 684 lxit Auerrois.
519 677 732 723 Intentio nostra
518 716 732 757 in hoc libro est
510 756 738 808 colligere dicta
514 796 731 835 scientialia vniversalia
515 833 732 875 ex dictis Arist.
516 871 724 922 posita in scien
235 908 723 954 tia Metaphysice, iuxta nostram consue
227 950 738 988 tudinem in librispraecedentibus. Et
232 988 727 1035 primo incipiamus narrare intentio¬
229 1022 730 1075 nem huius scientiae, & eius vtilitatem, par
232 1068 732 1106 tesque ipsius, atque gradum, & propor
227 1103 722 1139 tionem: tandem exordiemur de rebus
229 1141 734 1195 quarum praecognitio iuuat in ini¬
232 1179 728 1219 tio huius artis. Et dicamus quod iam
230 1218 728 1258 alibi fuit dictum, quod artium, & scientiae
235 1252 736 1305 rum genera sunt tria: ve scilicet artes spe
236 1291 736 1332 culatiuae, & sunt illae, quarum finis
228 1329 741 1378 est scire tantum: vel artes practicae, & sunt
236 1372 731 1412 quarum scientia habetur propter opus:
232 1404 731 1443 aut sunt artes auxiliantes his, & diri
227 1444 731 1495 gentes ad istas, & sunt scilicet artes logica
231 1482 737 1524 ies. in libro etiam Posteriorum fuit
232 1518 723 1570 dictum, quod artes speculatiuae sunt duae
230 1556 729 1608 vniuersalis scilicet & particularis. vniuer
226 1596 730 1635 salis quidem contemplatur de ente ab
230 1635 730 1675 solute, & de concomitantibus ipsum
231 1671 725 1714 essentialibus, cuius species sunt tres
235 1710 737 1754 scilicet ars Topieorum, ars Elencho¬
230 1750 729 1787 rum, & haec ars. Partialis vero est
226 1787 730 1844 quae speculatur de ente quoquo mo
759 644 1263 692 do: vbi adhuc fuit dictum quod ipsius
760 678 1269 726 particularis genera sunt tantum duo scilicet
768 716 1266 770 Naturalis scientia, quae scilicet tractat de¬
760 755 1257 795 ente transmutabili. & scientia Ma¬
754 797 1266 843 thematica, quae de quantitate denu¬
759 828 1271 883 data a materia contemplatur. quod
768 871 1264 920 totum in libro Posteriorum fuit sup¬
759 914 1262 959 positum modo suppositi & est no¬
755 955 1258 996 tum. Hic autem convenit inuestiga¬
762 988 1269 1035 re de hoc. & dicamus quod diuisio ha¬
763 1021 1271 1067 rum artium speculatiuarum in hastres
761 1059 1261 1115 partes tantum fuit quid accidens de ne¬
760 1099 1260 1151 cessitate, cum ipsa entia diuidantur
763 1140 1259 1192 in haec tria genera. Nam si entia per
758 1179 1264 1229 quirantur, reperientur aliqua eorum
758 1213 1258 1265 esse in materia. & huius generis en¬
766 1253 1262 1302 tium speculatio, eorundemque acci¬
764 1295 1251 1331 dentium consequentium posita est i
765 1328 1255 1369 se in vna scientia. & hoc est manife¬
766 1363 1266 1418 stum apud illum, qui in scientia Naturali¬
766 1404 1266 1443 studuit. Sunt & aliqua alia entia, in
764 1450 1263 1491 quorum definitione non apparet
762 1479 1261 1525 materia, licet habeant esse in mate¬
758 1517 1258 1568 ria. & hoc est manifestum speculari in
759 1555 1260 1595 Mathematicis: & de omnibus horum ge
755 1597 1263 1636 neribus atque consequentibus ea fit
760 1634 1269 1673 speculatio de per se. Et, quia in scientia
762 1671 1259 1723 Naturali ostenduntur alia princi¬
762 1708 1271 1757 pia, quae non sunt in materia, neque in ali¬
765 1748 1266 1791 qua re, sed habent esse absolutum:
758 1788 1269 1842 ideo fuit necessarium horum specuila¬
