1475 2066
224 164 741 211 quid sit intentio huius scientiae, &
236 205 736 256 eius subiectum. Partes vero ipsius
244 246 728 290 inueniuntur disseminatae in dicti
237 284 727 333 attributis ipsi Aris. tribus tamen con¬
242 325 726 362 tinentur partibus. Prima pars spe
238 365 732 411 culatur de rebus sensibilibus inquam
242 397 731 451 tum sunt entia, & de omnibus gene
243 436 741 485 ribus earum, quae sunt decem praedica
244 476 728 522 menta, & de omnibus consequenti
240 508 731 554 bus eas: & refert eas ad prima illorum
242 549 732 594 quantum potest fieri in hac parte,
237 589 735 637 Secunda autem contemplatur de prin¬
234 629 726 666 cipiis substantiae, quae sunt res sepa¬
240 668 729 706 ratae, & notificat quale habeant esse
242 703 738 752 quae etiam refert ad suum primum
240 746 730 793 principium, quod est ipse Deus gle
241 788 738 826 riosus, & notificabit attributa & ope
234 818 740 858 rationes, quae appropriantur ei, & de
238 855 739 906 clarabit etiam proportionem alio¬
241 899 731 941 rum entium ad ipsum, & quod ipse est vlt
236 930 731 981 ma perfectio & prima forma atqui
240 970 739 1020 primum agens, & de reliquis rebus,
240 1013 739 1050 quae appropriantur vnicuique separa
237 1044 733 1093 torum, & de communibus pluribus
245 1088 743 1123 vno ipsorum. Tertia vero speculatur
239 1125 726 1171 de subiectis scientiarum particula¬
240 1164 731 1203 rium, & remouet eorum errores, in
240 1195 739 1236 quos inciderunt Antiqui: & hoc, scilicet
239 1236 738 1292 in scientia Logicali, & in duabus scien
237 1274 742 1319 tiis particularious, i. in Naturali, &
224 1318 733 1360 in Mathema. Quod ita fuit, propte
238 1349 735 1398 rea quia non est scientiae particula¬
238 1385 729 1436 ris verificare sua principia, neque rei
240 1429 741 1471 mouere errorem cadentem in ipsis vt
234 1462 731 1506 in libro Posteriorum fuit ostensum
243 1503 731 1539 Sed hoc est artis vniuersalis scilicet vel hu¬
241 1541 735 1578 ius artis, vel Topicae. veruntm ars To¬
234 1580 736 1627 pica remouet illas opiniones per di
235 1621 740 1658 cta famosa (seu apparentia: ) quare
232 1660 735 1698 non erimus tuti quin accidat in eis
235 1693 737 1745 falsum. ista vero per dicta vera: etsi
237 1733 732 1779 accidat etiam ipsa esse apparentia (seu fal¬
233 1772 741 1810 mosa. & ideo artes particulares sunt
233 1806 729 1850 de necessitate huius scientiae verae
761 164 1267 210 Patet ergo ex hoc, quod partes necesfa¬
761 213 1269 258 riae huius scientiae sunt illae duae primae
767 253 1256 297 tantum: sed tertia est melioris notae gra¬
766 285 1263 335 tia, cum esse plurium subiectorum
757 321 1263 362 scientiarum partialium, & modus ipsius
769 361 1259 403 esse eorum sit ex rebus per se notis,
769 398 1259 442 sed cecidit in eis error apud Anti¬
769 438 1268 497 quos, & de perfectione scientiae est
767 477 1259 525 soluere illos errores per viam, qua so¬
767 513 1264 554 lutio dubiorum cadentium in re sit ex
765 552 1259 600 perfectione scientiae eius vna cum ac¬
764 588 1267 642 quisitione scientiae per se. Nobis ati
768 628 1264 666 tem visum est diuidere hunc librum
767 669 1265 718 in quinque tractatus. In primo tra¬
767 706 1265 746 ctatu faciemus prologos, in quorum
768 738 1270 778 via nos sumus, & declarabimus in eo,
766 778 1267 819 nonia, quae fiunt in hac arte. In secun
769 824 1263 861 do tractatu memorabimur res, quae
767 856 1269 905 se habent re spectu primae partis hu
766 892 1265 931 ius artis, veluti species. In tertio nar
767 940 1269 971 rabimus consequentia communia
769 969 1260 1016 ipsi. In quarto tractatur de eo, quod
769 1004 1259 1050 continet secunda pars huius scientiae
768 1045 1263 1096 Quintus tractatus continet id, quod
763 1081 1254 1122 in tertia parte huius scientiae repe
760 1120 1251 1163 ritur Et dicamus quod vtilitas huius scien
764 1162 1262 1202 tiae est de genere vtilitatis scientiarum
764 1197 1270 1237 speculatiuarum. & hoc iam in libro de
766 1233 1273 1283 Aia fuit declaratum, vbi fuit dictum
775 1277 1259 1323 quod earum intentum est perfectio anima
765 1311 1259 1354 rationalis, donec perueniat homo
766 1348 1271 1397 ad vltimam perfectionem suam. Verun¬
769 1389 1271 1426 tamen licet vtilitas huius scientiae sit de
764 1425 1262 1476 genere vtilitatis scientiarum specula¬
765 1462 1269 1503 tiuarum, nihilominus adhuc est in no¬
767 1502 1268 1551 biliori gradu in hoc. nam eius pro¬
764 1541 1264 1586 portio ad illas est proportio finis &
774 1581 1266 1626 perfectionis, cum per eius scientiam ha¬
766 1612 1268 1658 beatur scientia entium per finem suarum causa¬
767 1653 1265 1704 rum, quod est intentum humanae cognitio¬
767 1692 1268 1744 nis. Scientiae quoque particulares acquirum
761 1733 1264 1779 tur perfecte per hanc scientiam, cum ipsa ve¬
765 1773 1271 1810 rificet sua principia & remoueat er
760 1813 1266 1851 rorem cadentem in eis, vt diximus,
