1475 2066
229 149 746 195 tit differentiam absolutam. &, cum intelle¬
242 191 735 234 ctus iterat ipsum vnum absolutum
246 229 740 277 generat quantitatem discretam abso¬
247 260 741 312 sute, & est ipse numerus. & quicquid
241 316 746 354 connumeratur, patitur numerum,
243 341 739 388 mediante numero absoluto, cum
246 387 742 433 non concipiatur de ipsa vnitate &
243 420 743 459 vno nisi haec, qui a non comprehen
244 459 739 507 ditur in prima cogitatione de ipsa
248 498 737 547 vnitate praeter haec, quae ab aliis re
248 534 738 578 bus capiuntur, & de se sunt separa¬
244 574 740 610 tae. & ideo dicitur in definitione vnita¬
240 609 731 649 tis numeralis quod ipsa est, qua dici
246 648 746 701 tur de vnaquaque, re quod est vna. Et de¬
242 687 742 737 his rebus aliquae continentur per lo¬
229 725 749 770 cum suum circundantem eas, & est
248 762 740 802 famosior vnio: aliquae aliae vnium
245 800 745 842 tur per sua extrema tantum, & sunt
243 837 743 890 contigua ipsa: aliae vero conceptu
246 879 747 914 tantum, & hoc modo continuum
244 924 734 967 patitur numerum. Vnum igitur nume
243 958 750 1005 ro in his rebus significat res, quae sunt,
249 988 743 1034 extra essentiam suam, & vniversaliter acciden
244 1029 743 1081 tia consequentia eas in imaginatio
244 1069 741 1116 ne inquantum sunt indiuisibiles, & per
250 1109 745 1146 hunc modum generatur in conceptu
246 1144 747 1188 ipsum vnum, quod est principium nu
249 1181 749 1227 meri. Nam, cum intellectus denudat
246 1221 734 1258 ab his particularibus istam rem in¬
246 1260 738 1299 diuisibilem in duo particularia, ve
248 1296 749 1347 plura, illud erit illud vnum, quod est
250 1341 742 1385 principium numeri. &, quando iterat ip
244 1380 742 1425 sum ipse cogitans, generatur nume
245 1413 741 1463 rus. Et per hunc modum ingreditur
240 1450 739 1490 numerus ex omnibus dece praedica
246 1497 741 1530 mentis genus quantitatis, & vnum
248 1525 745 1570 erit eius principium. est enim Nume¬
245 1565 736 1616 rus aggregatio vnitatum sic se ha¬
244 1605 742 1643 bentium, & mensuratio, quoniam nume
246 1652 737 1695 rus mensuratur per vnum, propter
246 1680 747 1730 quod etiam ipsa mensura consequitur
243 1725 739 1770 res, in quibus inuenitur primo & na¬
242 1756 738 1803 turaliter. scilicet eius indiuisibile, vt est
244 1804 737 1850 primum in genere qualitatis, & ger
775 148 1281 206 nere quantitatum, sed vulgus non
777 191 1274 243 cognoscit de ipso vno, plus qui istud,
776 229 1276 279 In hac tamen arte fit vnum synonymum
776 277 1274 317 ad ipsum ens. & ex hoc etiam est ipsum
774 308 1278 358 vnum numero, per quid quando quied signifi¬
779 345 1275 396 catur indiuiduum, quod non potest
776 381 1268 433 diuidi inquantum est indiuiduum,
774 421 1274 466 vt cum dicimus vnum hominem, &
774 460 1274 506 vnum equum. Et fere propinquum
774 498 1273 546 huic rei dicitur aliquid contempera¬
780 540 1273 578 tum ex plaribus rebus esse vnum, vt
778 573 1276 623 oxymel compositum ex aceto &
779 620 1263 652 melle. Neque hoc est simile vnita
778 656 1274 690 ti, per quam dicitur continuum esse
778 689 1268 738 vnum, quia continuum non diuidi¬
773 732 1273 762 tur in pertes terminatas numero na¬
780 762 1276 812 turaliter, quemadmodum oxymel. sepa
779 801 1275 853 ratio quoque magnitudinum conti¬
777 837 1275 888 nuarum est quid egrediens ex ipsis¬
778 876 1272 927 met, quod tamen non ita ceuenit in separa¬
779 913 1275 954 tione contemperati ex eo, a quo fuit
773 956 1273 1003 contemperatum. Neque iste modus etia
775 991 1271 1031 intrat in rebus compositis ex pluri¬
772 1031 1271 1078 bus vna re. nam partes compositi re¬
776 1061 1274 1117 periuntur actu in ipso composito, sed
774 1105 1279 1147 non est sic de partibus orymellis. &
780 1150 1268 1187 est manifestum quod quando hic per vnum
780 1182 1269 1235 intelligimus vnum indiuiduum,
778 1228 1280 1272 quod significatur per ipsum separatio
776 1259 1268 1306 indiuidui in essentia sua & quidita
776 1301 1275 1340 te, non separatio alicuius rei extra
772 1336 1272 1378 essentiam suam. vt si dicimus quod insta
779 1380 1273 1424 aqua demonstrata est vna numero,
778 1414 1273 1458 quia separatio in hoc exemplo est
772 1453 1268 1498 per accidens in aqua. & ideo rema¬
772 1487 1276 1538 net eadem aqua tam separata quam
776 1526 1275 1576 non separata, eo modo, quo acci¬
781 1558 1279 1614 dentia solent accidere vnum post
774 1604 1283 1650 aliud alicui subiecto praeter hoc,
772 1646 1088 1690 quod transmutetur in se:
814 1677 1270 1732 Et hinc fuit imaginatus Auic. quod
772 1718 1270 1770 vnum numero significat accidens in
776 1756 1281 1807 substantia, et reliquis rebus separatis:
769 1796 1273 1851 & quod ipsum non potest significare
