1475 2066
242 149 746 194 vnum dicitur analogice de ipso pri
248 192 742 242 mo indiuisibili in quolibet genere
250 228 750 268 Conuenientius autem est ipsum ef
250 268 747 314 se primum, ex eo quod est causa, ad vnum
249 306 743 347 in substantia: & inquantum mesu
254 344 743 386 rat, vnum in quantitate numerali &
252 381 754 426 vnum numero. & siue fuerit indiui¬
247 422 754 458 sibile secundum formam & diuisibile secun¬
246 457 750 499 dum quantitatem, vt homo vnus &
258 498 756 539 equus: siue fuerit indiuisibile quan
248 532 753 576 titate & forma. & hoc est duplex.
252 576 756 621 quia vel habet positionem, & est pum
255 612 761 650 ctum: vel non habet positionem, & est
249 648 750 699 ipsum vnum vniuersale, quod est
248 691 755 737 principium numeri, prolatum naturali
251 731 760 772 ter in omnibus numeratis. nam quodlibet
252 771 752 810 aliud praeter ipsum profertur per sim¬
256 801 749 848 litudinem, sicut sunt ipsae mensurae
259 842 750 882 & lapides ponderum librarum, & cae¬
254 884 755 925 tera alia. Scire autem debes quod istud no
258 917 748 960 men vnum quatuor complectitur ge
253 953 759 995 neribus scilicet vnum continuitate, & vnum
253 997 755 1035 quod est totum & perfectum, & pri
256 1037 746 1082 mum simplex in vnoquoque genere
252 1069 748 1119 & vnum vniuersale dictum secundum prius
253 1108 747 1146 & posterius, vel analogice de omn
255 1144 753 1186 eo, quod numeratur hic de hac re
291 1184 755 1226 Dem dicitur tot modis, quot dicitu
282 1219 748 1273 vnum. Nam aliquod est idem nu¬
256 1261 748 1298 mero, vt in habentibus duo nomi¬
256 1299 744 1338 na. sicut cum dicimus lacob est ist
253 1336 753 1383 rael, & tandem quando vna res per
258 1372 752 1426 duo signa significatur Aliquod aliud
260 1412 737 1463 dicitur idem proportione, & subie
259 1453 749 1490 cto, & accidente, quorum omnium
261 1489 757 1531 exempla iam praeterierunt. & totum
257 1526 748 1578 hoc est ex diuisione rei, quae dicitur
252 1565 758 1609 per se: quod quidem intenditur in
252 1604 748 1650 hac arte & in aliis. Aliud vero est pr
258 1639 750 1683 accidens, de quo fiet mentio, vbi de¬
261 1682 748 1731 terminabit de eo, quod est idemi
253 1717 753 1759 modum conseruationis, vel deter¬
252 1756 746 1806 minationis. Est & aliud idem spe
254 1797 758 1842 cie, vt cum dicimus tu es nos in hu¬
784 156 1306 195 manitate. Datur & idem genere, vt
783 191 1288 234 cum dicimus, quod iste equus est iste
781 231 1292 274 asinus in animalitate. Idem etiam
781 273 1289 315 est per accidens, vt cum dicimus aedi
776 309 1288 355 ficatorem esse medicum, quando ac¬
789 345 1286 386 cidit ipsum esse medicum. Idem au
784 387 1294 434 tem specie, quando est in substantia
786 421 1284 471 dicitur, sicut & in qualitate dicitur
779 461 1280 498 simile, & in quantitate dicitur aequale¬
798 497 1274 539 Imile vero dicitur multis modis:
790 517 1282 579 Q Vno modo de superficiebus, quae
782 572 1283 626 rum quilibet anguli sunt aequales,
782 611 1280 660 & earum costae sunt proportiona¬
783 650 1289 701 tae. Dicitur & de corporibus homo¬
786 689 1282 740 geneis habentibus siguras similes:
781 727 1285 771 & sunt quorum superficies sunt aequa
782 765 1278 815 les numero, & similes in siguris. Di¬
782 802 1285 844 citur quoque de rebus, quarum for¬
788 837 1291 882 mae secundum possibilitatem earum
780 884 1286 926 sunt idem: vt duo rubea aequalia in
787 916 1285 954 rubedine. Dicitur etiam de illis re¬
781 957 1282 994 bus, quarum vna duarum est mino
788 993 1291 1034 ris passibilitatis, qua alia: vt duo rubea
788 1030 1285 1075 quorum vnum sit minoris rubedi¬
787 1076 1289 1106 nis. Nonnunquam etiam dicitur,
786 1108 1287 1147 de rebus, quae communicant in mul
780 1143 1290 1195 tis affectibus: vt cum dicimus stagnum
785 1181 1221 1226 esse simile argento, & plumbo.
849 1221 1284 1271 Er opposita significantur illa¬
838 1268 1286 1302 quatuor species enumeratae in
784 1298 1278 1338 libro praedicamentorum, quas iam
780 1337 1279 1386 sciuisti per suas descriptiones ibi
785 1381 1287 1419 quae scilicet sunt affirmatiuum & ne
786 1412 1276 1459 gatiuum, & contraria, & relatiua, &
782 1448 1286 1491 habitus & priuatio. Veruntamen no
786 1488 1279 1530 men contrarij quandoque dicitur
788 1525 1289 1578 communius, qua fiat ibi. Nam iam fuit
781 1565 1283 1613 dictum ibi quod contraria in illo lo
781 1608 1281 1653 co sunt vere sub eodem genere. Di¬
782 1644 1285 1682 cuntur tamen contraria per modum
789 1682 1283 1722 similitudinis ea, quae non coniun¬
791 1722 1289 1768 guntur in eodem subiecto simul, li¬
784 1754 1284 1808 cet differant genere. Quandoquo
789 1794 1283 1835 etiam dicuntur contraria largo mo
