1475 2066
212 157 735 210 est etiam illud perfectum de se nobi
227 197 717 242 le. & hoc modo dicimus res separa
221 237 725 275 tas etiam perfectas, & omnia causa¬
226 276 725 315 ta esse imperfecta. Et cui maxime
228 314 727 354 conuenit hoc nomen perfecti secun¬
224 352 719 394 dum hunc modum est ipsum prit
220 396 721 441 mum principium, quoniam ipsum
222 430 719 467 est causa vniuersi, & non causatum
224 468 718 506 ab aliquo, nam, cum ipsum habea
226 502 723 548 suam perfectionem de se, illa vero
226 546 724 593 acquisierunt eorum perfectionem
227 582 715 633 ab ipso, ipsum ergo est magis in vl
225 622 719 666 tima perfectione. Et dicitur perfectio
230 659 725 698 largo modo de aliquo habente pro¬
230 696 728 746 portionem ad vnamquanque rem, cui
228 732 536 783 attribuitur perfectio,
285 772 725 824 Er totum significant id, quod
251 812 723 859 continet omnes partes, extra quod
232 849 729 890 nihil inuenitur. & vniuersaliter est
232 885 733 938 synonymum ad id, quod significat
221 924 718 962 nomen perfecti in primo mo. lo sua
227 964 716 1013 rum significationum. & per hoc di
233 1000 717 1043 cimus corpus diuidi in omnes dimen
233 1040 721 1082 siones. Et nomen totius dicitur,
228 1077 727 1114 vniuersaliter duobus modis. vel de
229 1116 729 1154 continuo, & est id, quod non habet
226 1153 718 1203 partes in actu: vel de discreto. Et hoc
231 1190 714 1239 etiam dupliciter, vno modo de eo,
228 1232 722 1280 cuius partes habent positionem ad
230 1265 720 1308 seinuicem, sicut sunt membra orga
230 1305 714 1355 nica. Secundo de eo, cuius partes non
224 1345 717 1385 habent ad scinuicem positionem, si
224 1379 713 1428 cut numerus & literae. Nisi quod ipsi at
237 1417 716 1469 propriant primum modum, qui di
229 1460 723 1499 citur continuatio nomine totius, &
227 1497 720 1546 secundum nomen aggregati, quod
235 1532 496 1571 dicitur de discreto.
285 1573 723 1610 Artes dicuntur dupliciter. Vno
286 1610 719 1660 modo ex parte quantitatis tan¬
224 1646 724 1689 tum, ex quibus aliquae mensurant,
227 1683 723 1722 rem, aliquae vero non quaedam etiam
226 1722 703 1762 sunt in re in actu, quaedam vero non
230 1758 721 1806 nonnullae etiam sunt similes, aliquae
235 1803 719 1834 vero dissimiles. Secundo modo si¬
758 157 1262 213 gnificat nomen partis id, in quod di¬
756 198 1259 242 uiditur res ratione qualitatis & for¬
760 244 1264 284 mae. & hoc modo dicimus corpora
757 276 1261 314 constare ex materia & forma, & de¬
753 314 1257 354 finitionem ex genere & differentia.
797 349 1247 395 Mperfectum autem dicitur ratio
764 390 1253 434 a ne qualitatis multis modis. Scili¬
761 426 1253 479 cet de illo, quomod non est perfectum
756 464 1249 506 vt cum dicimus Musicum imperfe¬
755 502 1250 553 ctum. Et dicitur de eo, cuius perfe¬
759 541 1267 578 ctio in se non est nobilis, licet fuerit
758 578 1256 631 perfectus in suo genere. & hoc mo¬
756 617 1249 659 do dicimus caetera entia esse imper¬
750 653 1259 699 fecta respectu primi principii. Sed
756 694 1259 745 imperfectum ratione quantitatis non
754 733 1255 770 dicitur quo modocunque acciderit:
759 770 1246 810 immo talis res debet esse de his, quae
749 807 1257 861 habent partes alsigatas inuicem, &
756 852 1258 890 quod non sit ex similaribus partibus, &
756 886 1247 931 quod cum hoc etiam habeat naturali¬
758 930 1248 963 ter id, quo caret, & quod non aufe¬
749 957 1248 1004 ratur substantia illius rei per defectum
752 998 1254 1048 eius, nam per id, quo ablato aufertem
754 1036 1254 1074 substantia rei, non debet dici aliquid,
750 1076 1252 1126 imperfectum. & secundum hunc modum
757 1117 1252 1165 dicitur metaphorice imperfectum de re
748 1150 1257 1201 bus artificialibus. Superfluum vero
752 1190 1252 1242 (seu additum) dicitur opposito mo
756 1232 1049 1274 do ipsius imperfecti.
808 1268 1244 1315 stius & Posterius dicitur quins
752 1277 1238 1352 Dque modis. Primo priustempo
752 1340 1244 1390 re. Secundo prius ordine a principio
748 1380 1236 1419 determinato. & hoc siue in oratione
748 1418 1243 1458 siue in loco. Tertio prius dignitate
749 1458 1243 1507 Quarto prius natura. Quinto mo¬
755 1492 1245 1544 do prius causa. & iam notificaui in li¬
752 1532 1249 1584 bro praedicamentorum id, quod sigenat
752 1569 1246 1614 quaelibet harum partium, & non est
750 1613 1240 1656 repetendum illud. Et quandoquoed dicitur prius
750 1645 1249 1694 Sexto modo, scilicet prius notitia: quidia non
748 1682 1244 1730 quodcunque est prius cognitione, est
748 1721 1042 1770 prius secundum esse.
764 1764 1274 1810 VVAc sunt duo nomnia synonyma quid
780 1798 1275 1851 quae dicuntur de quatuor causis, quae do
