1475 2066
222 148 738 207 animal sanguineum necessario respi¬
236 195 746 234 rat. Qunque etiam dicitur necessarium,
243 233 741 274 de violentia, quod quidem est con¬
242 272 743 315 trarium electioni. & ideo poetae Grae
243 308 750 355 ci referunt ipsum esse obnoxium,
242 349 741 386 & contristans. Et aliquand dicitur ne¬
242 385 742 434 cessarium de eo, quod impossibile
238 428 738 466 est aliter se habere. & secundum hunc mo¬
245 463 741 506 dum dicimus corpora coelestia ne¬
248 500 520 545 cessario esse aeterna.
240 545 745 591 VAtura dicitur de quolibet genere
248 557 746 626 Dquatuor transmutationum. scilicet
236 617 740 664 generationis & corruptionis, & mo
245 657 745 698 tus translationis, & augmenti, & al
241 694 743 730 terationis. Dicitur adhuc de formis
230 729 739 770 quae sunt principia horum motuum,
235 771 747 819 qua quidem verius nomen naturae as¬
237 812 747 850 sumunt, & praecipue quae ex his est sim
236 845 749 890 plicior: nam organica potius debet
237 884 750 930 appellari anima, sicut est principium
239 924 736 962 incrementi. Et secundum hunc modum au¬
243 960 737 996 dies Medicos dicentes iam naturam
236 996 745 1048 fecisse aliquid intelligunt virtutem
236 1037 738 1086 regitiuam corporum, quae est nutri
237 1078 742 1127 tiua, quae quidem licet sit organica,
245 1113 743 1163 est tamen apud eos simplicior, quod aliae vir
237 1157 745 1194 tures, & ideo non possunt transferre
242 1196 747 1226 nomen naturae ad virtutem cordis,
238 1229 724 1275 & iuxta hunc modum dicimus oper
243 1266 743 1312 naturale opponi rationali. Et quando quod
237 1302 735 1342 transfertur nomen naturae ad ele¬
244 1341 738 1391 menta, ex quibus constat aliquid. &
238 1381 732 1418 sic dicimus naturam corporum si¬
243 1425 745 1459 milarium partium esse ex aqua, &
240 1457 730 1498 igne, & caeteris simplicibus. Trans
236 1500 739 1547 fertur quoque natura ad omnia genera ma
238 1532 743 1583 teriae. Ipsa tandem dicitur de omnibus generi
240 1573 743 1613 bus formarum, & materierum, &
236 1608 736 1651 transmutationum consequentium
244 1648 744 1690 ea. Postquam ergo peruenimus ad id,
238 1692 738 1736 quod primo intendebamus scilicet declara
243 1726 740 1773 tionem significationum nominum, de
243 1762 744 1810 cet modo procedere ad vnunquodque
243 1798 636 1850 quaesitorum huius scientiae.
773 145 1298 203 A VEMMES
813 226 1248 266 Eprro MEs 2MErp.
844 290 1202 322 MEHEA2M2SHCAE
886 349 1170 386 AEESHor EE2S
854 428 1192 458 2MACHAEVS22
947 493 1283 546 Am ostendimus quod ens
943 534 1277 584 dicitur multipliciter: sed quod i
944 572 1268 619 tenditur de eo hic, est id
944 612 1280 664 quod significat decem
773 653 1273 704 praedic amenta, quae se habent velu¬
772 689 1257 730 ti species generis subiecti huius artis,
777 730 1273 770 Manifestum autem est quod ens non signi
769 770 1271 818 ficat ipsa secundum puram aequinocationem
774 804 1281 850 quia, si ita esset, non esset genus sub
771 844 1275 882 iectum huius artis, quae est haec: ne¬
774 892 1276 923 que darentur hic praedicata essentia¬
775 924 1267 963 lia, in quae diuidatur diuisione prima
774 959 1273 1012 vt cum dicimus ens aliquid est in actu¬
775 1000 1275 1050 aliquod vero in potentia, & reliqua
771 1036 1272 1086 praedicata essentialia, quae habet. Et, propo¬
775 1082 1273 1122 sitio, cuius subiectum est nomen aeque¬
774 1116 1275 1155 uocum, non habet subicctum essenriale,
774 1150 1275 1194 & hoc totum est manifestum apud
772 1190 1281 1241 illum, qui in arte Logicali exercita
769 1229 1266 1267 tus est. Neque etiam nomen entis si¬
771 1264 1275 1319 gnificat ipsa significatione vniuo¬
772 1300 1264 1355 ca quia, si ita esset, tunc decem prae¬
764 1340 1272 1393 dicamenta essent vnum geneus, aut
775 1380 1275 1430 sub vno genere, cum tamen sensus
768 1429 1276 1466 testetur ipsa esse diuersa & plura, li¬
773 1457 1272 1499 cet nonnulli Antiquorum fuerint
775 1494 1272 1538 opinati ens esse vnum: sed fuerunt
772 1534 1276 1583 ad hoc ducti, propterea quia dimise
774 1573 1279 1610 runt eorum contemplationem sen
773 1608 1267 1658 sui, & audiuerunt dicta sophistica
771 1648 1273 1690 i. fallentia, contra quos iam obiecit
777 1686 1275 1722 Aristoteles in Primo libro Physico
774 1726 1276 1768 rum: & nos reuertemur ad ipsos quandom
777 1763 1271 1802 de subiectis artium particularium fa¬
773 1797 1275 1850 ciemus tractatum. Si ergo ita est to
