1475 2066
210 157 718 202 tum hoc, vt diximus, & nomen en
218 196 720 247 tis non significat decem praedicamo
214 237 725 285 ta pura aequiuocatione, neque vniuo
220 272 725 314 ce: non restat igitur quod significet ea,
225 316 729 364 nisi aliquo modorum analogiae, &
223 351 719 401 sunt scilicet significationes nomi
223 385 721 438 num significantium plures res, quae
224 428 719 474 tamen referuntur ad vnam rem secundum prius
225 460 733 506 & posterius, vt ex ipsis apparet: vt cum
228 505 733 546 dicimus aliqua, quae Medicinae attri
220 540 729 586 buuntur, esse medicinalia, & bello
220 580 729 627 bellica. Et cum huius scientiae (vt prae¬
224 616 733 668 diximus) sit referre genera entium
224 656 727 699 inuicem, ex eo quod aliqua earum est
229 693 727 734 causa alterius, donec referantur omnes ad
221 733 725 779 suas causas vltimas, contemplari igi
223 770 722 818 tur debemus hoc in omnibus prae¬
220 809 727 857 dicamentis, & videre quo modo ad
228 847 720 887 seinuicem referantur secundum esse
225 885 730 931 & quod ipsorum praecedat aliud, &
220 931 725 974 si detur aliquod praedicamentum
223 964 721 1018 quo reliqua extent praedicamenta quae
230 1000 723 1042 le sit illud, & quo etiam substentetur il
221 1036 722 1082 lud tale praedicamentum. Mox pre
228 1083 735 1123 cedemus ad reddendas causas conse
232 1117 729 1165 quentium vniuersalium ipsorum,
231 1157 727 1195 ex eo quod sunt entia, vt est potentia &
222 1192 731 1234 actus & huiusmodi, & hoc totum vt
226 1236 728 1279 possumus dare in ista prima parte
228 1266 731 1306 huius scientiae. Et id, quod restabit
230 1307 727 1348 nobis de vltimis causis harum rerum
232 1347 726 1387 differemus sermonem, donec decla
233 1386 731 1427 retur hoc in secunda parte huius scien
233 1419 726 1469 tiae. Et declarationes, quae fiunt de
225 1460 733 1511 his rebus, sunt vt plurimum Logica
229 1500 734 1538 les, quia res, quae declarantur in arte
230 1535 721 1587 logicali, exercentur, vt diximus ali¬
224 1574 731 1623 bi dupliciter, vel scilicet ex eo quod sunt
233 1613 730 1662 instrumenta, & methodi, & regula
224 1648 731 1690 dirigentes intellectum, & custodien
225 1687 731 1734 tes ipsum ab errore, & hoc est pro¬
230 1729 726 1772 prium officium illorum: vel ex eo
232 1764 718 1810 quod accipiuntur illae res, quae ibi fue¬
229 1810 731 1850 runt declaratae tanquam pars artis
756 157 1261 199 demonstratiuae, & vtuntur illis in
758 197 1269 234 alia arte tanquam praesupposito, &
754 233 1264 282 radice supposita: eo modo, quo so¬
752 275 1267 314 lent artes demonstratiuae communi
764 316 1266 354 cari in hoc, quod aliquae earum vtuntur,
756 348 1267 400 eo, quod in alia scitur per demonstra
756 390 1261 438 tionem. sicut exempli gratia assumit
757 425 1257 466 Astronomus Mathematicus a Geo¬
755 462 1270 514 metra quod semidiameter sit aequalis,
758 501 991 555 costae sexagonae
767 540 1265 601 DOstquam ergo declarauimus in
763 579 1252 626 tentionem huius partis huius
754 617 1256 667 modi speculationis, & modum pro
752 656 1254 698 positionum, quae fiunt in ea, incipiam,
760 693 1259 738 loqui de ea. Dicamus quod iam in libro
761 732 1260 781 praedicamentorum fuit dictum quod prae¬
757 773 1260 810 dicamentorum vniuersalium sunt duo
764 809 1267 863 genera. Vnum est, quod notificat de
758 847 1261 890 indiuiduo substantiae quiditatem,
765 884 1255 930 & essentiam eius, & quod vniuersale
764 929 1271 970 quod est communius in hoc, est praedi
756 963 1264 1003 camentum, quod dicitur substantia.
766 1002 1262 1043 Aliud vero est, quod non notificat de
762 1040 1270 1082 indiuiduo substantiae quiditatem &
765 1077 1261 1122 essentiam eius: sed, si notificat ali¬
761 1117 1258 1159 quid, illud non est substantia, & vni-
768 1157 1261 1194 uersaliter quidem est in subiecto,
757 1193 1264 1241 & ideo in eius definitione dicitur quod est
764 1228 1267 1274 illud, quod dicitur in subiecto. de sub¬
757 1269 1269 1306 stantia vero dicitur, quod ipsa est, quae
762 1308 1260 1346 dicitur de subiecto. Et id, quod est
761 1345 1263 1386 communius in hoc inter vniuersalia, sunt
764 1383 1260 1434 nouem genera accidentium, quae ibi
760 1420 1261 1458 numerantu scilicet quantitas, qualitas, rela
760 1460 1259 1512 tio, vbi, quando, situs, habere, agere, pati
767 1499 1263 1538 His igitur sic stantibus videtur. vni
761 1524 1265 1575 uersaliter quod praedicamentum sub¬
757 1572 1263 1619 stantiae sit per se stans, & quod non indi¬
763 1613 1258 1661 get, ad eius esse aliquo praedicamento
756 1648 1268 1699 accidentis, & quod praedicamenta accntis
764 1685 1264 1739 indigent ad eorum esse ipsa substantia,
762 1725 1272 1762 & sunt causata ab ipsa. Consentaneum
760 1767 1271 1816 ergo est indagare quo modo res se
757 1802 1255 1858 habeat in quolibet praedicamento
