1475 2066
213 157 731 208 de eius principiis: & tandem vtrum den
230 197 732 245 turprincipia existentia in substantia
225 236 729 287 sen sibili, quae praecedant ipsam. &, si
233 275 731 314 dantur, quaenam sint, quia in hoc ma¬
226 316 731 361 gna existit difficultas, & disceptatio
226 354 731 399 inter Antiquos. Hoc quoque quaesitum
222 397 733 434 praecedit quaesitum illud, in quo quae
230 425 725 466 ritur vtrum detur substantia separa
230 462 723 512 ta, quae sit principium huius substan
230 501 737 550 tiae sensibilis vel ne. &, si datur, quod
224 548 733 589 nam esse habeat. Dicamus ergo, vt
224 575 723 618 iam praediximus, quod nomen substan
232 616 731 662 tiae ad plura se extendit. quod autem
231 652 722 690 est manifestius, & al omnibus con
229 693 733 741 cessum, est ipsum indiuiduum, quod
233 728 729 770 non est in subiecto, neque dicitur de subie
232 769 729 817 cto vt sunt singularia hominis, & anima¬
230 804 732 850 lium, & plantarum, & syderum, atque
224 844 734 882 lapidum. & ideo conuenit nos inue
224 878 723 922 stigare de principiis huius substan
233 920 727 969 tiae sensibilis. Opiuio autem Antiquo¬
226 964 725 994 rum, vt iam diximus, de eo quo con
227 993 735 1034 stat haec substantia, sensibilis, & de
224 1031 728 1082 eius partibus quaenam sint, est varia
226 1069 728 1121 Nam quidam existimant ipsam est
232 1108 718 1160 se compositam ex partibus indiui¬
224 1149 708 1186 sibilibus, siue finitis, siue infinitis,
232 1184 727 1226 Aliqui alii opinantur quod constat con
228 1221 729 1269 poreitate. &, cum ipsa corporeitas
228 1261 725 1312 sit diuisibilis in dimensiones, ideo pu
228 1305 726 1338 tarunt dimensiones verius nomina
224 1336 720 1377 ri substantiam. & quia cum dimen
224 1375 731 1425 siones imaginantur resoluentur in
228 1413 729 1463 ipsasmet superficies, & hae in lineas,
228 1449 724 1491 quae etiam in puncta, ideo fuerun¬
232 1493 731 1540 opinati quod puncta essent substantia.
237 1524 719 1574 Alij vero crediderunt quod eius vniversalia, quai
232 1565 731 1610 de ipsa praedicantur, sunt eius principia.
228 1605 726 1647 & quod sunt res per selstantes. Oes denique
235 1644 727 1679 asserebant causam materialem. non nul¬
228 1677 712 1715 li tamen eorum dixerunt ipsam esse ato
234 1714 732 1755 mos. alij vero dicebant ipsam esse
234 1755 720 1798 ignem, aut aerem, aut aliquid aliud, quod
239 1796 728 1834 visum fuerat alicut Antiquorum. De
756 153 1284 205 structio autem omnium harum opinio¬
757 197 1264 234 num corruptarum iam fuit declarata
766 234 1265 283 in scientia Naturali, vbi fuit propa¬
761 272 1269 314 latum quod omnia entia sensibilia constant
758 315 1262 360 ex materia & forma, ibidemque fuit
759 349 1265 398 ostensum quot sunt genera mate¬
761 387 1259 427 riae & formae. Ibi tamen tractabatur de ip¬
766 422 1264 466 sis tanquam de substantia transmu
763 461 1267 507 tabili, & tandem ex eo quod sunt principia.
764 509 1265 539 trausmutationum. & propterea illae¬
760 540 1265 586 opiniones corruptae ibi adductae secundum
761 574 1267 617 hunc modum ibi impugnantur, quandom
756 612 1247 651 sit sermo de partibus indiuisibilibus
760 652 1270 690 & aliae opiniones, quas Aristoteles
765 688 1260 728 conatur destruere in ea scientia. Sed
763 727 1269 777 in hoc loco speculatur de ipsis, ex eo
761 764 1264 808 quod sunt principia substantiae, inqua
765 804 1271 850 tum est substantia. & similiter si quid
761 839 1264 882 habent de opinionibus corruptis se
763 878 1261 914 cundum hunc modum refellitur hic,
758 917 1256 964 vt qui putat quod vniuersalia substan¬
761 956 1263 994 tiae sunt sua principia, aut qui credi¬
761 991 1265 1030 dit substantiam substentari dimen¬
759 1030 1269 1078 sionibus: licet de huiusmodi opinio¬
760 1068 1268 1113 ne possimus tractare duobus modis:
760 1105 1264 1146 scilicet in hac scientia, & in Physica, vt fe¬
758 1143 1236 1181 cit Aristoteles in Tertio de Coelo¬
760 1189 1258 1219 Auicemna vero errauit in hoc valde
755 1220 1251 1259 cum putet Physicum non posse osten
758 1260 1270 1298 dere corpora constare ex materia &
756 1301 1256 1338 forma, & quod Metaphysicus debet co
765 1337 1259 1371 nari declarare illud. Sed totius huius
760 1370 1261 1422 rei falsitas est per se manifesta apud
763 1408 1265 1458 illum, qui vtranque: scientiam didicit,
759 1446 1154 1491 scilicet Natur alem, & istam
811 1487 1253 1537 vvm ergo ita sit, & fuerit decla¬
808 1524 1258 1569 ratum qualis sit consyderatio
760 1561 1259 1602 huius scientiae de hoc quaesito, nostrum
760 1599 1252 1642 igitur est contemplari de hoc a notio
760 1645 1271 1688 ri apud nos, quod scilicet est definitio. nam vnum
754 1677 1268 1714 ex his, ad quae se extendit nomen sub
754 1714 1265 1755 stantiae, est ipsa definitio. Hinc est
761 1753 1267 1802 quod audies quandoques aliquos dicere quod defi¬
754 1796 1266 1834 nitio notificat substantiam rei. pro ce
