1475 2066
199 140 710 187 Phemistius vero reddit rationem
211 189 717 234 pro Platone, quod dantur formae agentes
208 217 714 259 ad esse animalium ortum habentium
212 260 719 299 ex putredine. Et putari potest quod huiusmodi
202 297 710 346 principium concedatur apud Aristo
204 335 714 385 & quod non vt necessarium intromittete
211 375 712 427 ipsas in causam generationis huiusmodi
214 412 709 463 generis tantum animalium, sed etiam ani
207 460 710 490 malium prolificantium, vt potest in
211 492 711 530 telligi ex libro de Animalibus. Veru
210 529 709 570 tamen principium propinquum isto¬
205 572 714 615 rum apud Arist. est virtus animata:
213 605 706 655 & remotum sunt formae corporum coe¬
208 641 715 682 lestium. totum autem hoc secundum viam Aristo
215 682 720 722 indiget speculatione. Quod autem
214 711 710 762 Aristo. credat has formas separatas
213 757 715 794 habere operationem vniuersalem in omni
204 794 710 843 generato absque medio, vt putat Auice,
210 832 717 874 videtur esse remotum. In quibusdam
208 874 715 914 tamen entibus naturalibus potest existit
208 916 704 958 mari quod necessitas cogit ponere for¬
215 951 709 999 mas separatas in generatione indi¬
216 989 707 1026 uidui, vt in animali persuaderi potest
214 1024 715 1074 & praesertim in non gignitiuo. In qui¬
216 1061 715 1109 busdam tamen non vtue hoc, neques videntur
209 1098 707 1149 indigere ipso, inquantum sunt gene¬
214 1135 715 1174 rabilia. Veruntamen, si consyderentur
214 1174 714 1224 formae generatae, inquantum accidit
208 1212 706 1261 eis quod sint intelligibiles, & tandem ha
217 1250 714 1290 bentes ordinem, apparebit necessarium
199 1284 711 1330 intromittere hanc formam cunctis re
217 1325 715 1362 bus, vt prius diximus. Sed huiusmo
214 1363 713 1410 di principium alio modo se habet, qua
220 1405 718 1450 ponitur a ponentibus ideas. Dicebant
210 1444 719 1489 enim quod intelligibile ipsius equi &
214 1484 715 1514 eius quiditas, vt est in mam, est idem
212 1512 712 1555 extra animam. & sic sequitur de necessi¬
219 1551 708 1594 tate quod detur equus hinnibilis sine ma
220 1592 714 1639 teria, & ignis comburens. & si intelli
218 1629 703 1677 gunt hoc, omnino errant. Et si velint id
219 1665 701 1712 quod Arist. intendit de esse rerum se
215 1703 709 1749 paratarum, vt existimauit eorum fau¬
217 1749 701 1790 tor, errauerunt tandem: quia tran¬
208 1779 712 1817 stulerunt dicta scientifica in dicta pot
750 140 1260 187 tica, quae non sunt vera, & fiunt ad do
748 185 1252 232 cendum populum. hoc autem in futu¬
750 228 1263 272 ro ostendemus. Ex dictis ergo patet
750 257 1247 304 quod & si dantur vniversalia per se stantia ex
745 300 1257 339 tra animam, non sufficiunt ad scientiam
752 333 1263 385 & generationem. nam generatio per se
746 372 1256 418 est rei particularis & in diuiduae, sed
754 414 1263 450 de rebus communibus, quae videntur gene
745 453 1257 500 rari per accidens, quasi dicas ex eo quod
743 484 1249 536 sunt indiuiduum, vt quod causa gene
745 525 1257 571 rationis earum sit ipsa natura. & cau¬
745 563 1259 602 sa, ob quam inuenitur natura faciens
751 603 1249 642 huiusmodi operationem, est ipse motus cor
746 637 1248 688 porum coelestium. & causa, ob quam
751 685 1250 723 motus corporum coelestium praestat
745 715 1248 754 huic naturae talem virtutem, sunt ipsae
740 752 1251 794 formae separatae intelligibiles. Arist.
744 798 1253 834 autem opponit Platoni, quia posuit id,
750 835 1257 880 quod est principium & agens rei gene
742 869 1253 919 ratae per accidens, principium & agens
747 904 1255 955 reim generatae per se. quasi dicat quod sic de
745 944 1255 994 bemus intelligere differentiam inter istas
747 981 1243 1029 duas vias: non quod Arist. neget hic, quod
740 1021 1251 1059 formae separatae sint aliquo modo
746 1056 1249 1104 principia agentis, sed iuxta illum mo
744 1101 1244 1143 dum, quem diximus. & sic non est opus
746 1133 1252 1178 intromittere in rebus naturalibus for¬
741 1180 1247 1223 mas separatas ad aliquam generatio¬
745 1213 1243 1251 nem praeter intellectum humanum. &
745 1246 1243 1286 haec est veritas iuxta viam Arist. & ideo
742 1286 1249 1333 incoepit declarare quod formae vniversales non
745 1325 1235 1375 sunt generabiles, neque corruptibi
741 1361 1247 1402 les, nisi per accidens. Nos autem iam
747 1400 1246 1450 declarauimus hoc in expositione no
742 1436 1244 1474 stra super libris eius huius scientiae.
754 1484 1228 1530 DyOst hoc ergo convenit nos inue
799 1511 1241 1561 stigare de ipsis vniversalibus, vtrum hoc
751 1541 1232 1594 uit possibile in eis aut non, videlice
742 1590 1230 1627 vtrum possint per se stare extra animam
743 1626 1238 1678 ita quod verius appellentur nomine substan
742 1662 1236 1706 tiae, qua sua subiecta sensibilia. Et di¬
742 1701 1243 1752 camus quod, si ponantur haec vniversalia esse
738 1748 1241 1790 extra animam eo modo, quo sunt in
739 1781 1245 1818 anima, poterit hoc consyderari vno
