1475 2066
212 173 727 223 vlla definitio. Videtur tamen de necessita¬
221 216 730 264 te quod numenus est in materia, & quod vni
222 261 723 292 tas eius est a forma, pluralitas vero
220 292 725 337 propter materiam. hoc autem postea decla¬
226 338 729 378 rabimus. & summatim apparet de¬
230 367 731 411 ipsis indiuiduis sensibilibus quod sunt
224 414 726 455 composita, quia habent duas res inter
220 445 729 490 se maxime differentes, videlicet es¬
227 482 731 533 se sensibile, & esse intelligibile. Impos¬
228 518 731 562 sibile enim est ipsa habere haec duo ex
226 557 729 609 eadem parte: immo forma est causa,
233 588 721 646 vt ipsa res sit intelligibilis, & mate
229 637 615 675 ria est causa quod sit sensibilis.
248 669 732 722 Tpostquam fuit declaratum quot
241 683 732 760 E, sunt modi fomarum sensibilium,
241 757 731 787 rimarum, consentaneum est nunc tra
235 788 717 826 ctare de differentiis substantiae ma
234 823 718 867 terialis, & de eius speciebus. Et dica
224 868 722 913 mus quod, cum genera transmutationum
230 901 722 941 sint quatuor, videlicet transmuta¬
226 947 724 979 tio in substantia, in quantitate, & in
232 980 728 1030 qualitate, & vbi: & non sit necessarium
226 1018 729 1058 id, quod habet transmutationem secundum
224 1055 726 1091 vbi habere transmutationem in sub¬
224 1092 716 1142 stantia, aut in quantitate, aut in qua
227 1133 726 1182 litate: manifestum ergo est quod subiectum
220 1166 722 1217 transmutationis in substantia quando que
228 1213 719 1250 erit praeter subiectum aliarum transmu
226 1249 729 1294 tationum, & praecipue transmutationis
220 1285 720 1335 localis. Patet ergo quod, cum dicitur ma¬
224 1323 724 1371 teria de corporibus coelestibus, &
229 1358 729 1402 corporibus generabilibus & corru¬
226 1405 724 1449 ptibilibus, dicitur quodam aequiuocatio
220 1437 726 1488 nis modo. Duo ergo sunt genera
225 1480 721 1528 materierum, vnum. scilicet quod est sub¬
226 1517 725 1554 iectum transmutationis substantiae,
224 1555 729 1594 & proprie nominatur materia. Aliud
228 1593 722 1634 vero est subiectum aliarum trans¬
225 1632 732 1680 mutationum, & nonatur proprie, vt
220 1676 722 1717 plurimum, subiectum. Oportet au
222 1716 719 1746 tem corpora coelestia habere mate
217 1744 731 1799 rias simplices non compositas ex ma
218 1785 732 1827 teria & forma, cum non habeant ni
224 1822 734 1866 si transmutationem secundum vbi tantum: Sed
760 179 1256 218 transmutatio in substantia bene eo
758 215 1244 268 git rem esse compositam ex mate
760 253 1257 298 ria & forma. Transmutatio vero in
763 292 1253 330 quantum transmutatio, vt fuit di¬
761 328 1257 371 ctum in dictis vniuersalibus scientiae,
757 369 1253 410 Naturalis, est de necessitate in re di¬
757 410 1255 450 uisibili. Diuisio autem rei fit ex eo
756 452 1264 490 quod est materialis, non ex eo quod habet
763 485 1250 530 tormam: diuisio nanque inest formae
761 519 1259 571 per accidens. Herum autem, quae transmu¬
756 558 1258 602 tantur in substantiis, quaedam habent,
754 596 1256 647 vnam materiam communem, quem
758 638 1253 682 ad modum conicant corpora simplicia
758 674 1261 714 in materia prima: & horum omnia ha
759 709 1253 762 bent hoc proprium, quod vnumquodque
760 749 1258 792 ipsorum potest transmutari ad suum
759 787 1253 835 contrarium, eo modo, quo aliud com
761 825 1257 867 trarium habet potentiam, vt trans¬
763 861 1257 906 mutetur in hoc: vt aer, exempli gratia,
764 908 1261 948 qui habet potentiam, vt transmute
757 948 1254 986 tur in aquam, eo modo, quo in aqua
753 975 1259 1018 est potentia, vt transmutetur in aere.
758 1013 1256 1066 Sunt & quaedam aliae res transmuta
757 1053 1255 1101 biles, quarum materiae sunt diuer¬
757 1092 1259 1141 sae: vt flegmatis materia est vnctuo¬
760 1133 1259 1170 sitas, & cholerae rubeae materia sunt
752 1173 1258 1210 res amarae. Proprium autem huius
760 1209 1259 1259 generis est quod de nullo horum duorum
756 1245 1263 1296 dicitur quod sit in potentia suum opposi
756 1292 1263 1333 tum, quemadmodum dicitur de alio. vt
756 1325 1260 1370 pinguedo est in potentia flegma, sed
759 1358 1263 1413 flegma non est pinguedo in poten¬
758 1402 1264 1443 tia, ita quod transmutetur in materiam
760 1445 1265 1489 pinguedinis. similiter etiam viuens
755 1476 1265 1528 est mortuum in potentia, sed mor¬
765 1524 1258 1563 tuum non est viuum in potentia, ita
756 1552 1263 1604 quod transmutetur ad materiam vitae. &
756 1589 1258 1641 ideo non sit quodlibet ex quocumque
759 1628 1259 1681 contigerit, sed ex contrario, proprio
760 1671 1238 1708 existenti in materia conuenienti,
763 1706 1263 1759 Hinc sit quod res non distinguuntur ab¬
758 1744 1259 1786 inuicem per formastameunm, sed etiam per mate
752 1782 1264 1832 rias: neque his duobus tantum, sed
750 1819 1218 1873 per causas efficientes & finales.
