1475 2066
208 165 721 219 esset separata, punctum esset separatum
218 210 719 250 hoc autem declarabimus post hoc. Si
217 253 725 300 ergo dantur aliquae res, quae non habeant
229 284 717 339 materias sensibiles, neque intelligibi
224 327 720 370 les, non erunt equidem compositae,
219 362 720 402 neque habebunt definitionem, neque
221 396 702 448 esse in potentia, immo ipsae sunt act
216 440 716 483 purus. & causa vnitatis earum nihi¬
222 474 716 522 aliud est qua sua essentia, & tandem qui
224 510 707 563 ditas in eis est ipsum esse. Hinc ap
220 549 724 596 paret error ponentium ideas, cum
222 586 725 637 dicant ipsas & sensibilia esse vnum
222 629 564 669 quiditate & definitione.
240 660 718 711 Ed quae partium definiti sint pric
218 680 716 753 res definitione, & quiditate, & quae
220 741 720 788 posteriores ipso, i. cuius partium defi¬
208 781 724 821 niti definitiones ingrediantur defini
224 821 717 863 tionem definiti, dico quod sunt partes,
230 854 713 901 qua setenent ex parte formae. scilicet forma
228 893 718 942 vniuersalis, quae est genus, & proprium
220 929 714 972 quod est differentia. Nam necessa¬
219 973 715 1010 rium est definitum substentari defi
224 1005 721 1047 nitionibus harum rerum. vt definitio
215 1045 722 1096 hominis, exempli gratia, est animal ratio¬
224 1081 717 1122 nale, & sic definitio animalis rationalis,
222 1121 716 1169 quae sunt partes hominis, praecedunt ipsmus,
218 1157 711 1202 videlicet si rationalitas habeat defi
220 1197 723 1242 nitionem. & similiter sigura, quae est pars
221 1235 719 1282 circuli praecedit ipsum. Sed partes
215 1273 725 1323 rei, quae se tenent ex parte quantita
224 1310 717 1355 tis existentis in indiuiduo ratione
216 1352 719 1400 materiae, sunt quidem posteriores in
225 1388 711 1429 definitione ipso definito: vt defini
216 1422 706 1466 tio portionis circuli, quae est poste
222 1468 719 1506 rior definitione circuli. Similiter etia
224 1501 722 1552 definitio anguli acuti est posterior
218 1548 721 1591 definitione anguli recti, & definitio
225 1576 719 1618 nes manus, & pedis hominis sunt po
219 1612 713 1658 steriores definitione hominis. Hinc ap¬
218 1653 712 1704 paret error dicentium corpora sen
212 1689 712 1730 sibilia ex istere ex partibus indiuisi
214 1728 704 1766 bilibus, siue fuerint finitae, siue non
213 1772 721 1809 & vte quod definitionum materierum acci¬
210 1800 724 1859 dentalium proportio ad rem materia
749 165 1257 222 lem sit proportio definitionum par¬
755 213 1255 250 tium, quae se tenet ex parte quantitatis,
750 252 1257 299 exempli causa aes, & lignum, & lapis
752 285 1259 335 quandoque sunt materiae trianguli, & cir¬
747 324 1261 370 culi, & tandem eorum partes, & tamen
748 359 1258 402 horum definitiones non praecedunt
754 397 1259 452 triangulum. materierum vero sub¬
749 437 1259 482 stantialium definitiones, necessario prae¬
753 473 1257 527 cedunt definitum. Diximus ergo quo
748 511 1248 561 pacto definitum sit vnum, & defini¬
752 558 1254 596 tio habeat plures partes, & quarum
756 588 1253 632 definitionum partes definitorum prae
755 632 1253 666 cedant definitum, & quae non. Manife¬
754 664 1258 714 stum autem est quod qui dicunt vniuersa¬
754 701 1249 754 lia haec esse extra intellectum non pos
755 741 1255 778 sunt soluere hanc difficultatem. nam
752 778 1249 827 apud eos oportet quod homo sit compo¬
751 820 1253 858 situs ex pluribus rebus, immo con¬
757 853 1261 905 trarijs inter se. Similiter etiam non pos¬
749 898 1251 943 sunt ipsi distinguere, & dicere, qua¬
753 929 1255 982 re quaedam partes definitionum praece¬
753 973 1255 1008 dant definita, & quae dam aliae sint po¬
746 1012 1250 1050 steriores. Illud quoque, quod summo
756 1052 1256 1092 pere perquisierunt Antiqui, scilicet causam
752 1082 1261 1134 colligationis animae & corporis, &
750 1118 1258 1162 tande materiae & formae ostendetur,
750 1156 1253 1208 ex hoc, videlicet, quia nulla maior
750 1204 1261 1243 ratio est, qua conuenientia, quae est in
748 1238 1257 1274 ter potentiam & actum. Causa autem,
753 1273 1261 1314 efficiens, ob quam potentia efficiatur
752 1308 1257 1355 actus, est mouens. & ideo quicquid
748 1345 1261 1388 non habet elementum, non habet
748 1382 1257 1434 compositionem istam, neque vllum
750 1420 961 1466 habet mouens,
832 1459 1247 1511 Estat modo inuestigare quasitum
831 1497 1247 1543 quod polliciti fuimus perquirere,
751 1542 1245 1586 videlicet contemplari quodnam genu
748 1572 1246 1626 sit communius in ipsa substantia, de quo
753 1611 1257 1662 consuetum fuit dicere esse corpus, si¬
753 1658 1257 1699 ue corporeum. Et dicamus quod qui¬
753 1687 1257 1731 dam dixerunt quod id, quod primo inest
755 1733 1265 1770 materiae primae non informatae, sunt
757 1767 1249 1820 tres dimesiones, & quod ipsae sunt prin
746 1806 1256 1859 cipium rei, qua informatur materia pri
