1475 2066
231 172 742 223 Naturalis vero corpus compositum
241 209 731 263 ex materia & forma, ex eo quod acci¬
240 252 731 299 dunt sibi dimensiones. & de ipsis di¬
245 287 741 339 mensionibus tractat, inquantum sunt
235 327 735 379 in tali corpore, iuxta id, de quo solent
236 371 741 415 speculari istae duae scientiae in eo, quo
237 404 735 443 communicant, vt in libro Posterio¬
237 442 733 482 rum fuit declaratum. Et hic explen¬
236 485 743 522 tur quaesita huius libri, & continet
237 524 745 567 ex libris attributis Arist. id, quod in
232 564 740 594 Septimo, & Octauo ipsius habetur.
236 628 746 682 AVERROIS
273 692 702 739 EPITOMES IN LIB.
310 755 669 786 METAPHYSICAE
354 812 636 850 ARISTOTELIS
311 883 666 922 TRACTAVS III.
404 937 738 991 T postquam locuti su¬
416 977 730 1027 mus particulatim de spe¬
413 1012 753 1058 ciebus entis sensibilis, &
406 1042 751 1101 de principiis earum, qui
248 1093 751 1130 bus sunt sensibiles, & notificauimus
242 1128 747 1170 qualis sit earum habitudo inter sein
249 1171 753 1210 uicem quo ad esse, consentancum est
246 1205 749 1254 nunc sermonem habere de rebus, quae
240 1244 744 1282 se habent, veluti consequentia earum.
252 1279 755 1322 Et licet non lateat nos quod consydera
248 1322 741 1369 tio de vno, & de suis speciebus (quam
246 1357 749 1406 uis ponatur in hac parte a nobis) per
251 1396 751 1442 tinet tamen ad primam partem, cum ip
251 1432 755 1475 sum vnum accipiatur in hac arte, vt
251 1477 749 1514 transcendens ad ens: qui a tamen vni
248 1516 747 1555 opponitur multitudo, & ipsam mu
245 1545 739 1593 titudinem insequuntur aliqua con¬
252 1584 755 1634 sequentia, ideo habet ingressum in
250 1621 755 1672 hac parte quoquo modo. & ideo po
252 1661 750 1698 suimus hic consyderationem de ipso
249 1701 755 1746 cum inuestigatione de eius consequen
246 1735 753 1770 tibus. & iam fecit hoc Arist. in lib. 10.
246 1772 758 1821 videlicet quod singulatim inquisiuit de
240 1809 676 1858 ipso, & de suis consequentibus,
786 173 1267 227 Ncipiamus ergo tractare de poten
778 192 1264 262 tia & actu: & notificabimus quid
762 249 1266 302 est vera potentia. Et dicamus quod no
766 288 1261 331 men potentiae multifariam dicitur,
765 330 1265 377 vt in praecedentibus distinximus. Id
766 365 1269 415 autem, de quo nomen potentiae di¬
767 404 1268 454 citur aequiuoce, dignum est animad
764 442 1270 481 uerti: vt cum dicimus talem lineam
773 478 1273 522 esse in potentia ad talem lineam. Illa
774 518 1271 566 vero, quae non sunt mere aequiuoca,
768 557 1273 597 sed sunt analoga ad vnum principium,
777 593 1269 634 debent hic quoquis consyderari. Is enim
768 632 1273 675 modus, quo plures res sunt subiecta
771 670 1268 718 huius scientiae, vt iam diximus in prae
773 708 1269 757 teritis, & vna ex rebus, de quibus si¬
764 744 1270 787 gnificat ipsa potentia iuxta hunc mo
773 785 1275 826 dum, est duplex scilicet ipsae potentiae acti
777 821 1273 872 uae, quae quidem agunt in aliud, in¬
770 860 1277 911 quantum sunt potentiae agentes in
768 895 1278 947 aliud, & sic accidat huiuscemodi po¬
777 940 1281 989 tentias agere in seipsas, illud est per
778 973 1272 1018 accidens, vt accidit medico sanare se
775 1012 1275 1052 ipsum. sed in natura & potentiis na¬
782 1050 1272 1100 turalibus res opposito modo se ha¬
776 1085 1282 1139 bet scilicet quod ipsorum operatio est in se.
780 1125 1285 1178 Secundo modo sunt potentiae passi¬
780 1165 1276 1217 uae, & sunt illae, quae pati solent ab
777 1212 1285 1242 alio inquantum est aliud: non quod res
785 1240 1283 1290 patiatur a seipsa sicut natura, sed quod
773 1278 1275 1330 nullam potentiam passibilem a sed
778 1317 1279 1354 ipsa, sed ab alio inquantum est aliud,
783 1357 1289 1403 & extra substantiam suam: cum pas¬
779 1392 1288 1435 sum non possit pati a seipso, sed ab
783 1431 1287 1481 alio, inquantum est aliud & extra ip¬
780 1475 1284 1519 sum. Cum autem dicimus passum non
782 1506 1276 1554 habere potentiam quod patiatur a seip
782 1549 1287 1599 so, significatur inter genera priuatio¬
778 1582 1290 1626 nis scilicet naturalis priuatio, quae est abla
782 1623 1294 1672 tio rei ab eo, quod solet inueniri in
786 1661 1288 1707 alio, non illa priuatio necessaria, quae est
782 1695 1294 1738 ablatio reim ab eo, in quo solet inueni
780 1735 1289 1778 ri. & nos iam diuisimus quot modis dicitur
782 1772 1212 1821 priuatio in his, quae dicta sunt.
818 1813 1297 1859 Potest autem aliquis quaerere, cur
