<?xml version="1.0" encoding="UTF-8" standalone="yes"?>
<PcGts xmlns="http://schema.primaresearch.org/PAGE/gts/pagecontent/2013-07-15" xmlns:xsi="http://www.w3.org/2001/XMLSchema-instance" xsi:schemaLocation="http://schema.primaresearch.org/PAGE/gts/pagecontent/2013-07-15 http://schema.primaresearch.org/PAGE/gts/pagecontent/2013-07-15/pagecontent.xsd">
    <Metadata>
        <Creator>prov=University of Rostock/Institute of Mathematics/CITlab|PLANET AI GmbH/Gundram Leifert/gundram.leifert@planet-ai.de:name=cod-AAssXX-m2(htr_id=27673)::::v=2.6.7
prov=University of Rostock/Institute of Mathematics/CITlab|PLANET AI GmbH/Tobias Gruening/tobias.gruening@planet-ai.de:name=de.uros.citlab.module.baseline2polygon.B2PSeamMultiOriented:v=2.6.7
prov=University of Rostock/Institute of Mathematics/CITlab|PLANET AI GmbH/Tobias Gruening/tobias.gruening@planet-ai.de:name=/net_tf/LA73_249_0mod360.pb:de.uros.citlab.segmentation.CITlab_LA_ML:v=2.6.6
Transkribus</Creator>
        <Created>2020-10-30T08:03:53.008-04:00</Created>
        <LastChange>2020-11-20T19:09:39.572+01:00</LastChange>
        <TranskribusMetadata docId="528931" pageId="22411182" pageNr="755" tsid="49380884" status="IN_PROGRESS" userId="25065" imgUrl="https://files.transkribus.eu/Get?id=AZBQELDBRNMYAYJFECRXQLBX&amp;fileType=view" xmlUrl="https://files.transkribus.eu/Get?id=UAXQGFLHVAHFMVPRXMGEAION" imageId="17470563"/>
    </Metadata>
    <Page imageFilename="Averroes_Metaphysica_JuntSecunda_08-0755.jpg" imageWidth="1475" imageHeight="2066">
        <ReadingOrder>
            <OrderedGroup id="ro_1605972843639" caption="Regions reading order">
                <RegionRefIndexed index="0" regionRef="TextRegion_1605144648578_3319"/>
                <RegionRefIndexed index="1" regionRef="TextRegion_1605144732158_3348"/>
            </OrderedGroup>
        </ReadingOrder>
        <TextRegion orientation="0.0" id="TextRegion_1605144648578_3319" custom="readingOrder {index:0;}">
            <Coords points="241,129 750,129 750,1861 241,1861"/>
            <TextLine id="line_1605144648680_3322" custom="readingOrder {index:0;}">
                <Coords points="236,204 310,221 744,210 744,181 727,173 236,179"/>
                <Baseline points="241,204 262,204 288,203 315,203 341,202 368,202 394,202 421,202 447,202 474,201 500,201 527,202 553,202 580,202 606,202 633,202 659,202 686,203 712,203 739,203"/>
                <TextEquiv>
                    <Unicode>scetur potentia, qualiscumque fuerit illa</Unicode>
                </TextEquiv>
            </TextLine>
            <TextLine id="r3l3" custom="readingOrder {index:1;}">
                <Coords points="246,245 738,251 738,222 692,208 612,226 488,222 460,206 419,223 402,212 246,221"/>
                <Baseline points="251,241 276,241 301,241 327,241 352,241 377,241 403,241 428,241 453,241 479,241 504,241 530,241 555,241 580,241 606,241 631,241 656,241 682,241 707,242 733,242"/>
                <TextEquiv>
                    <Unicode>videlicet siue sit potentia trausmu</Unicode>
                </TextEquiv>
            </TextLine>
            <TextLine id="r3l4" custom="readingOrder {index:2;}">
                <Coords points="244,290 717,290 753,284 753,250 637,262 592,250 545,268 465,247 244,261"/>
                <Baseline points="249,279 275,278 301,278 327,278 354,278 380,278 406,278 432,279 459,279 485,279 511,279 537,279 564,280 590,280 616,280 642,280 669,279 695,279 721,279 748,278"/>
                <TextEquiv>
                    <Unicode>tationis in substantia, vel in aliis trans</Unicode>
                </TextEquiv>
            </TextLine>
            <TextLine id="r3l5" custom="readingOrder {index:3;}">
                <Coords points="249,330 566,316 592,330 755,330 741,284 249,293"/>
                <Baseline points="254,317 280,317 306,317 332,317 358,317 384,317 410,317 436,317 462,317 488,317 515,317 541,317 567,318 593,318 619,318 645,318 671,318 697,318 723,318 750,318"/>
                <TextEquiv>
                    <Unicode>mutationibus. Et huius rei causa est,</Unicode>
                </TextEquiv>
            </TextLine>
            <TextLine id="r3l6" custom="readingOrder {index:4;}">
                <Coords points="247,364 755,362 755,333 700,325 247,333"/>
                <Baseline points="252,354 278,354 304,354 330,354 356,354 383,354 409,355 435,355 461,355 487,355 514,356 540,356 566,356 592,356 618,356 645,356 671,356 697,355 723,355 750,355"/>
                <TextEquiv>
                    <Unicode>quia actus in huiusmodi rebus reperitur,</Unicode>
                </TextEquiv>
            </TextLine>
            <TextLine id="r3l7" custom="readingOrder {index:5;}">
                <Coords points="241,402 743,402 743,374 631,365 599,382 494,362 443,377 241,365"/>
                <Baseline points="246,391 271,391 297,392 323,392 349,392 375,392 401,393 427,393 453,393 479,394 504,394 530,395 556,395 582,395 608,396 634,396 660,396 686,396 712,395 738,395"/>
                <TextEquiv>
                    <Unicode>secundum quandam disponnem, &amp; nomen</Unicode>
                </TextEquiv>
            </TextLine>
            <TextLine id="r3l8" custom="readingOrder {index:6;}">
                <Coords points="249,441 739,442 739,405 383,414 327,401 284,414 249,403"/>
                <Baseline points="254,429 279,430 304,430 329,430 355,431 380,431 405,431 430,431 456,432 481,432 506,432 531,432 557,433 582,433 607,433 632,433 658,433 683,432 708,432 734,432"/>
                <TextEquiv>
                    <Unicode>simpliciter. id nanque, quod in aliquo in</Unicode>
                </TextEquiv>
            </TextLine>
            <TextLine id="r3l9" custom="readingOrder {index:7;}">
                <Coords points="252,474 337,487 372,473 755,475 755,445 692,437 624,454 604,439 573,456 489,437 440,452 330,437 252,446"/>
                <Baseline points="257,468 282,468 308,468 334,468 360,468 386,469 412,469 438,470 464,470 490,470 516,471 542,471 568,471 594,471 620,471 646,471 672,471 698,470 724,470 750,469"/>
                <TextEquiv>
                    <Unicode>uenitur genere absoluto, est causa, vt</Unicode>
                </TextEquiv>
            </TextLine>
            <TextLine id="r3l10" custom="readingOrder {index:8;}">
                <Coords points="251,514 364,525 489,514 503,528 524,513 624,514 664,538 688,514 745,514 745,486 682,477 413,476 345,490 251,477"/>
                <Baseline points="256,505 281,505 306,506 332,506 357,506 383,507 408,507 434,508 459,508 485,509 510,509 536,509 561,509 587,510 612,510 638,509 663,509 689,509 714,508 740,507"/>
                <TextEquiv>
                    <Unicode>in eo reperiatur aliquid secundum dispotonem</Unicode>
                </TextEquiv>
            </TextLine>
            <TextLine id="r3l11" custom="readingOrder {index:9;}">
                <Coords points="241,552 741,555 735,524 663,542 592,517 241,524"/>
                <Baseline points="246,543 271,543 297,544 323,544 349,544 374,545 400,545 426,546 452,546 478,547 503,547 529,547 555,548 581,548 607,548 632,548 658,548 684,548 710,548 736,547"/>
                <TextEquiv>
                    <Unicode>aliquam, vt saepissime dixim, nan</Unicode>
                </TextEquiv>
            </TextLine>
            <TextLine id="r3l12" custom="readingOrder {index:10;}">
                <Coords points="250,589 279,602 579,589 639,606 725,594 737,557 250,564"/>
                <Baseline points="255,582 280,582 305,583 330,583 355,584 380,584 405,584 430,584 455,584 480,585 506,585 531,585 556,585 581,585 606,585 631,585 656,585 681,585 706,585 732,585"/>
                <TextEquiv>
                    <Unicode>ignis: exempli causa, dicitur simpliciter cali</Unicode>
                </TextEquiv>
            </TextLine>
            <TextLine id="r3l13" custom="readingOrder {index:11;}">
                <Coords points="253,633 753,628 753,598 733,593 639,605 581,590 472,611 448,591 394,606 253,589"/>
                <Baseline points="258,621 283,621 309,622 335,622 361,623 386,623 412,623 438,623 464,623 490,623 515,623 541,623 567,623 593,623 619,623 644,624 670,624 696,624 722,624 748,624"/>
                <TextEquiv>
                    <Unicode>dus, &amp; est causa, vt caliditas inuenia</Unicode>
                </TextEquiv>
            </TextLine>
            <TextLine id="r3l14" custom="readingOrder {index:12;}">
                <Coords points="245,668 749,670 749,628 727,642 649,629 617,644 427,629 245,637"/>
                <Baseline points="250,659 276,659 302,659 328,659 354,660 380,660 406,660 432,661 458,661 484,661 510,661 536,662 562,662 588,662 614,662 640,662 666,662 692,662 718,661 744,661"/>
                <TextEquiv>
                    <Unicode>tur in quolibet ente. Huiuscemodi</Unicode>
                </TextEquiv>
            </TextLine>
            <TextLine id="r3l15" custom="readingOrder {index:13;}">
                <Coords points="253,706 309,720 459,702 505,716 751,706 751,677 729,667 253,676"/>
                <Baseline points="258,697 283,698 309,698 335,698 360,698 386,699 412,699 437,699 463,699 489,700 514,700 540,700 566,700 591,700 617,700 643,700 668,700 694,700 720,700 746,699"/>
                <TextEquiv>
                    <Unicode>autem propositio frequentissime affer¬</Unicode>
                </TextEquiv>
            </TextLine>
            <TextLine id="r3l16" custom="readingOrder {index:14;}">
                <Coords points="248,745 543,739 697,757 744,747 744,709 248,716"/>
                <Baseline points="253,736 278,736 304,737 329,737 355,737 380,737 406,737 432,738 457,738 483,738 508,738 534,738 559,738 585,737 611,737 636,737 662,737 687,737 713,737 739,737"/>
                <TextEquiv>
                    <Unicode>tur in hac scientia, &amp; est vnum magnum</Unicode>
                </TextEquiv>
            </TextLine>
            <TextLine id="r3l17" custom="readingOrder {index:15;}">
                <Coords points="256,789 743,786 743,749 728,744 688,759 656,744 633,757 256,748"/>
                <Baseline points="261,775 286,775 311,775 336,775 361,776 386,776 411,776 436,776 461,776 486,776 512,776 537,776 562,776 587,776 612,776 637,776 662,776 687,776 712,776 738,775"/>
                <TextEquiv>
                    <Unicode>principium ex principiis per se notis</Unicode>
                </TextEquiv>
            </TextLine>
            <TextLine id="r3l18" custom="readingOrder {index:16;}">
                <Coords points="257,826 348,818 415,832 451,819 524,834 751,818 751,789 701,781 662,798 257,781"/>
                <Baseline points="262,814 287,814 312,814 338,814 363,814 389,815 414,815 440,815 465,815 491,815 516,815 542,815 567,816 593,816 618,816 644,816 669,815 695,815 720,815 746,815"/>
                <TextEquiv>
                    <Unicode>De forma quidem par est ita etiam</Unicode>
                </TextEquiv>
            </TextLine>
            <TextLine id="r3l19" custom="readingOrder {index:17;}">
                <Coords points="254,859 744,859 744,830 698,821 608,837 453,825 433,844 360,819 254,829"/>
                <Baseline points="259,852 284,852 309,853 334,853 360,853 385,853 410,854 435,854 461,854 486,854 511,854 536,854 562,854 587,854 612,854 637,854 663,854 688,854 713,854 739,854"/>
                <TextEquiv>
                    <Unicode>nos tractare, &amp; exercere, vt habea</Unicode>
                </TextEquiv>
            </TextLine>
            <TextLine id="r3l20" custom="readingOrder {index:18;}">
                <Coords points="256,898 744,897 744,869 675,860 628,873 491,859 445,875 389,860 332,872 256,862"/>
                <Baseline points="261,890 286,890 311,890 336,891 361,891 386,891 411,891 437,891 462,892 487,892 512,892 537,892 562,892 588,892 613,892 638,892 663,892 688,892 713,892 739,892"/>
                <TextEquiv>
                    <Unicode>de ea veritas. &amp; ideo in ea elabora¬</Unicode>
                </TextEquiv>
            </TextLine>
            <TextLine id="r3l21" custom="readingOrder {index:19;}">
                <Coords points="258,938 740,945 740,909 718,897 653,910 582,897 258,909"/>
                <Baseline points="263,929 289,929 315,929 341,929 367,929 394,929 420,930 446,930 472,930 499,930 525,930 551,930 577,931 603,931 630,931 656,930 682,930 708,930 735,930"/>
                <TextEquiv>
                    <Unicode>uit Arist. i. quod posuit ipsam tanquam sui</Unicode>
                </TextEquiv>
            </TextLine>
            <TextLine id="r3l22" custom="readingOrder {index:20;}">
                <Coords points="248,987 273,974 591,970 709,985 742,974 742,948 643,938 248,944"/>
                <Baseline points="253,966 278,966 303,967 329,967 354,968 380,968 405,968 431,968 456,968 482,968 507,968 533,968 558,968 584,968 609,967 635,967 660,968 686,968 711,968 737,968"/>
                <TextEquiv>
                    <Unicode>positum in primo libro huius ope¬</Unicode>
                </TextEquiv>
            </TextLine>
            <TextLine id="r3l23" custom="readingOrder {index:21;}">
                <Coords points="247,1014 307,1007 365,1026 395,1011 430,1024 458,1010 634,1011 664,1024 753,1011 753,979 323,975 300,993 271,974 247,986"/>
                <Baseline points="252,1006 278,1006 304,1006 330,1006 356,1006 382,1006 408,1006 434,1006 460,1006 486,1006 513,1006 539,1007 565,1007 591,1007 617,1007 643,1007 669,1007 695,1007 721,1007 748,1006"/>
                <TextEquiv>
                    <Unicode>ris. Et postquam ostensum fuit quid sit</Unicode>
                </TextEquiv>
            </TextLine>
            <TextLine id="r3l24" custom="readingOrder {index:22;}">
                <Coords points="249,1049 623,1050 655,1066 671,1050 747,1050 747,1013 661,1025 522,1012 505,1028 451,1012 427,1025 249,1021"/>
                <Baseline points="254,1044 279,1044 305,1044 331,1044 356,1044 382,1044 408,1044 433,1045 459,1045 485,1045 510,1045 536,1045 562,1045 587,1045 613,1045 639,1045 664,1045 690,1045 716,1045 742,1045"/>
                <TextEquiv>
                    <Unicode>potentia, &amp; actus, &amp; quando est quodli¬</Unicode>
                </TextEquiv>
            </TextLine>
            <TextLine id="r3l25" custom="readingOrder {index:23;}">
                <Coords points="252,1090 357,1102 375,1090 607,1099 652,1087 669,1099 746,1090 746,1053 698,1065 629,1051 611,1068 554,1053 252,1059"/>
                <Baseline points="257,1082 282,1083 307,1083 333,1083 358,1083 384,1083 409,1083 435,1083 460,1083 486,1083 511,1083 537,1083 562,1082 588,1082 613,1082 639,1082 664,1083 690,1083 715,1083 741,1084"/>
                <TextEquiv>
                    <Unicode>bet singularium in potentia, &amp; quando non</Unicode>
                </TextEquiv>
            </TextLine>
            <TextLine id="r3l26" custom="readingOrder {index:24;}">
                <Coords points="246,1130 739,1137 739,1101 680,1089 666,1103 472,1101 455,1087 441,1101 246,1098"/>
                <Baseline points="251,1120 276,1121 301,1121 327,1121 352,1121 378,1121 403,1121 428,1121 454,1121 479,1121 505,1121 530,1121 556,1121 581,1121 606,1121 632,1122 657,1122 683,1122 708,1122 734,1123"/>
                <TextEquiv>
                    <Unicode>&amp; fuit quoquid declaratum qualis sit, pro¬</Unicode>
                </TextEquiv>
            </TextLine>
            <TextLine id="r3l27" custom="readingOrder {index:25;}">
                <Coords points="248,1178 481,1162 743,1170 743,1140 680,1127 648,1142 577,1127 383,1142 248,1133"/>
                <Baseline points="253,1157 278,1158 304,1159 329,1159 355,1159 380,1159 406,1159 431,1159 457,1159 482,1159 508,1159 533,1159 559,1159 584,1159 610,1159 635,1159 661,1159 686,1159 712,1160 738,1161"/>
                <TextEquiv>
                    <Unicode>portio potentiarum ad se inuicem</Unicode>
                </TextEquiv>
            </TextLine>
            <TextLine id="r3l28" custom="readingOrder {index:26;}">
                <Coords points="244,1203 744,1206 744,1173 603,1164 244,1176"/>
                <Baseline points="249,1196 274,1196 300,1197 326,1197 352,1197 377,1197 403,1197 429,1197 455,1197 481,1197 506,1197 532,1197 558,1197 584,1197 610,1197 635,1197 661,1197 687,1198 713,1198 739,1199"/>
                <TextEquiv>
                    <Unicode>&amp; proportio actus: consentancum</Unicode>
                </TextEquiv>
            </TextLine>
            <TextLine id="r3l29" custom="readingOrder {index:27;}">
                <Coords points="246,1242 385,1241 400,1255 423,1241 750,1243 750,1212 720,1203 572,1218 551,1204 246,1213"/>
                <Baseline points="251,1235 277,1235 303,1235 329,1235 355,1235 381,1235 407,1235 433,1235 459,1235 485,1235 511,1235 537,1235 563,1235 589,1235 615,1235 641,1235 667,1235 693,1235 719,1236 745,1236"/>
                <TextEquiv>
                    <Unicode>est inuestigare de ipsis, quodnam isto</Unicode>
                </TextEquiv>
            </TextLine>
            <TextLine id="r3l30" custom="readingOrder {index:28;}">
                <Coords points="248,1283 743,1282 749,1245 600,1245 552,1262 535,1245 248,1252"/>
                <Baseline points="253,1273 278,1273 304,1274 330,1274 356,1274 382,1275 408,1275 433,1275 459,1275 485,1276 511,1276 537,1276 563,1276 588,1275 614,1275 640,1275 666,1275 692,1275 718,1274 744,1274"/>
                <TextEquiv>
                    <Unicode>rum praecedat aliud, videlicet vtrum</Unicode>
                </TextEquiv>
            </TextLine>
            <TextLine id="r3l31" custom="readingOrder {index:29;}">
                <Coords points="247,1330 312,1318 707,1328 745,1321 745,1292 688,1279 654,1294 494,1295 479,1282 465,1294 247,1293"/>
                <Baseline points="252,1312 277,1312 303,1312 329,1313 354,1313 380,1313 406,1313 431,1314 457,1314 483,1313 508,1313 534,1313 560,1313 585,1313 611,1313 637,1313 662,1312 688,1312 714,1312 740,1312"/>
                <TextEquiv>
                    <Unicode>potentia praecedat actum, aut actus po¬</Unicode>
                </TextEquiv>
            </TextLine>
            <TextLine id="r3l32" custom="readingOrder {index:30;}">
                <Coords points="251,1362 745,1359 745,1330 718,1321 613,1336 581,1323 251,1330"/>
                <Baseline points="256,1352 281,1352 306,1352 332,1352 357,1352 383,1352 408,1352 434,1352 459,1352 485,1352 510,1352 536,1352 561,1352 587,1352 612,1352 638,1351 663,1351 689,1351 714,1351 740,1350"/>
                <TextEquiv>
                    <Unicode>tentiam. Nos autem iam in praeceden</Unicode>
                </TextEquiv>
            </TextLine>
            <TextLine id="r3l33" custom="readingOrder {index:31;}">
                <Coords points="247,1399 444,1394 489,1413 507,1398 525,1410 617,1408 639,1393 745,1402 745,1362 705,1355 600,1374 515,1360 467,1377 392,1356 247,1365"/>
                <Baseline points="252,1389 277,1389 303,1390 329,1390 354,1390 380,1390 406,1390 431,1390 457,1390 483,1390 508,1390 534,1390 560,1390 585,1390 611,1390 637,1390 662,1390 688,1390 714,1390 740,1390"/>
                <TextEquiv>
                    <Unicode>tibus diximus, quod ipsum prius dicit</Unicode>
                </TextEquiv>
            </TextLine>
            <TextLine id="r3l34" custom="readingOrder {index:32;}">
                <Coords points="253,1436 433,1434 461,1447 523,1435 572,1450 600,1434 691,1435 705,1449 746,1433 746,1405 253,1405"/>
                <Baseline points="258,1427 283,1427 308,1427 334,1427 359,1427 385,1428 410,1428 435,1429 461,1429 486,1429 512,1430 537,1430 563,1430 588,1431 613,1431 639,1430 664,1430 690,1429 715,1429 741,1428"/>
                <TextEquiv>
                    <Unicode>multis modis, primo, prius tempo¬</Unicode>
                </TextEquiv>
            </TextLine>
            <TextLine id="r3l35" custom="readingOrder {index:33;}">
                <Coords points="252,1475 745,1474 746,1437 698,1447 684,1435 667,1451 646,1437 572,1452 529,1437 253,1444"/>
                <Baseline points="257,1466 282,1466 307,1466 333,1465 358,1465 384,1466 409,1466 434,1466 460,1467 485,1467 511,1468 536,1468 562,1468 587,1469 612,1469 638,1469 663,1469 689,1468 714,1468 740,1467"/>
                <TextEquiv>
                    <Unicode>re, secundo vero prius causa. de his</Unicode>
                </TextEquiv>
            </TextLine>
            <TextLine id="r3l36" custom="readingOrder {index:34;}">
                <Coords points="245,1511 702,1522 736,1515 737,1477 246,1477"/>
                <Baseline points="250,1503 275,1503 300,1503 325,1503 351,1504 376,1504 401,1504 427,1505 452,1505 477,1505 503,1506 528,1506 553,1506 579,1506 604,1507 629,1507 655,1507 680,1507 705,1507 731,1507"/>
                <TextEquiv>
                    <Unicode>igitur duobus, de quibus dicitur ipsum prit</Unicode>
                </TextEquiv>
            </TextLine>
            <TextLine id="r3l37" custom="readingOrder {index:35;}">
                <Coords points="249,1554 726,1563 746,1554 747,1525 660,1516 626,1528 574,1511 549,1525 522,1514 410,1527 280,1502 250,1515"/>
                <Baseline points="254,1541 279,1541 305,1542 330,1542 356,1542 382,1542 407,1543 433,1543 459,1543 484,1543 510,1543 535,1543 561,1543 587,1544 612,1544 638,1544 664,1544 689,1544 715,1544 741,1544"/>
                <TextEquiv>
                    <Unicode>est hic sermo principaliter, quando de po</Unicode>
                </TextEquiv>
            </TextLine>
            <TextLine id="r3l38" custom="readingOrder {index:36;}">
                <Coords points="253,1587 585,1594 585,1561 570,1557 529,1562 490,1551 442,1564 413,1549 395,1561 320,1548 253,1557"/>
                <Baseline points="258,1579 284,1580 311,1581 338,1582 365,1582 392,1583 419,1583 445,1583 472,1583 499,1583 526,1583 553,1582 580,1582"/>
                <TextEquiv>
                    <Unicode>tentia &amp; actu tractatur.</Unicode>
                </TextEquiv>
            </TextLine>
            <TextLine id="r3l39" custom="readingOrder {index:37;}">
                <Coords points="284,1626 443,1625 480,1638 588,1622 673,1635 746,1629 746,1589 708,1600 663,1589 284,1596"/>
                <Baseline points="289,1619 314,1619 339,1619 364,1619 389,1619 414,1619 439,1619 464,1619 489,1619 515,1619 540,1620 565,1620 590,1620 615,1620 640,1621 665,1621 690,1621 715,1621 741,1622"/>
                <TextEquiv>
                    <Unicode>Et dicamus quod plures Antiquorum</Unicode>
                </TextEquiv>
            </TextLine>
            <TextLine id="r3l40" custom="readingOrder {index:38;}">
                <Coords points="248,1666 744,1667 744,1636 687,1630 248,1629"/>
                <Baseline points="253,1657 278,1657 304,1657 329,1657 355,1658 380,1658 406,1658 432,1658 457,1658 483,1659 508,1659 534,1659 559,1659 585,1659 611,1659 636,1660 662,1660 687,1660 713,1660 739,1660"/>
                <TextEquiv>
                    <Unicode>ante Arist. immo omnes fuerunt op¬</Unicode>
                </TextEquiv>
            </TextLine>
            <TextLine id="r3l41" custom="readingOrder {index:39;}">
                <Coords points="247,1706 737,1707 737,1673 247,1677"/>
                <Baseline points="252,1695 277,1695 302,1696 327,1696 353,1696 378,1696 403,1697 428,1697 454,1697 479,1697 504,1697 529,1697 555,1697 580,1697 605,1697 630,1697 656,1697 681,1697 706,1697 732,1697"/>
                <TextEquiv>
                    <Unicode>nati quod potentia praecedit actum tem</Unicode>
                </TextEquiv>
            </TextLine>
            <TextLine id="r3l42" custom="readingOrder {index:40;}">
                <Coords points="250,1750 735,1746 735,1709 709,1701 566,1718 495,1703 452,1721 423,1702 408,1716 250,1709"/>
                <Baseline points="255,1733 280,1734 305,1734 330,1734 355,1735 380,1735 405,1735 430,1735 455,1735 480,1736 505,1736 530,1736 555,1736 580,1736 605,1735 630,1735 655,1735 680,1735 705,1735 730,1735"/>
                <TextEquiv>
                    <Unicode>pore, &amp; causa. &amp; ideo aliqui posue</Unicode>
                </TextEquiv>
            </TextLine>
            <TextLine id="r3l43" custom="readingOrder {index:41;}">
                <Coords points="246,1778 742,1778 749,1748 246,1753"/>
                <Baseline points="251,1771 276,1772 302,1772 328,1773 354,1773 380,1773 406,1774 432,1774 458,1774 484,1774 510,1774 536,1774 562,1774 588,1774 614,1773 640,1773 666,1773 692,1773 718,1773 744,1773"/>
                <TextEquiv>
                    <Unicode>runt immixtionem illam, siue chaos</Unicode>
                </TextEquiv>
            </TextLine>
            <TextLine id="r3l44" custom="readingOrder {index:42;}">
                <Coords points="244,1818 461,1828 744,1814 744,1789 675,1780 244,1787"/>
                <Baseline points="249,1809 274,1810 300,1810 326,1810 352,1810 377,1810 403,1811 429,1811 455,1811 481,1811 506,1811 532,1812 558,1812 584,1812 610,1812 635,1812 661,1811 687,1811 713,1811 739,1810"/>
                <TextEquiv>
                    <Unicode>&amp; atomos: aliqui alij motum inor¬</Unicode>
                </TextEquiv>
            </TextLine>
            <TextLine id="r3l45" custom="readingOrder {index:43;}">
                <Coords points="249,1858 746,1866 746,1828 683,1820 249,1822"/>
                <Baseline points="254,1848 279,1849 305,1849 330,1849 356,1850 382,1850 407,1850 433,1850 459,1851 484,1851 510,1851 535,1851 561,1851 587,1851 612,1851 638,1851 664,1851 689,1851 715,1851 741,1851"/>
                <TextEquiv>
                    <Unicode>dinatum, &amp; fuerunt ad id ducti, quida</Unicode>
                </TextEquiv>
            </TextLine>
            <TextEquiv>
                <Unicode>scetur potentia, qualiscumque fuerit illa
videlicet siue sit potentia trausmu
tationis in substantia, vel in aliis trans
mutationibus. Et huius rei causa est,
quia actus in huiusmodi rebus reperitur,
secundum quandam disponnem, &amp; nomen
simpliciter. id nanque, quod in aliquo in
uenitur genere absoluto, est causa, vt
in eo reperiatur aliquid secundum dispotonem
aliquam, vt saepissime dixim, nan
ignis: exempli causa, dicitur simpliciter cali
dus, &amp; est causa, vt caliditas inuenia
tur in quolibet ente. Huiuscemodi
autem propositio frequentissime affer¬
tur in hac scientia, &amp; est vnum magnum
principium ex principiis per se notis
De forma quidem par est ita etiam
nos tractare, &amp; exercere, vt habea
de ea veritas. &amp; ideo in ea elabora¬
uit Arist. i. quod posuit ipsam tanquam sui
positum in primo libro huius ope¬
ris. Et postquam ostensum fuit quid sit
potentia, &amp; actus, &amp; quando est quodli¬
bet singularium in potentia, &amp; quando non
&amp; fuit quoquid declaratum qualis sit, pro¬
portio potentiarum ad se inuicem
&amp; proportio actus: consentancum
est inuestigare de ipsis, quodnam isto
rum praecedat aliud, videlicet vtrum
potentia praecedat actum, aut actus po¬
tentiam. Nos autem iam in praeceden
tibus diximus, quod ipsum prius dicit
multis modis, primo, prius tempo¬
re, secundo vero prius causa. de his
igitur duobus, de quibus dicitur ipsum prit
est hic sermo principaliter, quando de po
tentia &amp; actu tractatur.
Et dicamus quod plures Antiquorum
ante Arist. immo omnes fuerunt op¬
nati quod potentia praecedit actum tem
pore, &amp; causa. &amp; ideo aliqui posue
runt immixtionem illam, siue chaos
&amp; atomos: aliqui alij motum inor¬
dinatum, &amp; fuerunt ad id ducti, quida</Unicode>
            </TextEquiv>
        </TextRegion>
        <TextRegion orientation="0.0" id="TextRegion_1605144732158_3348" custom="readingOrder {index:1;}">
            <Coords points="777,131 1299,131 1299,1899 777,1899"/>
            <TextLine id="line_1605144732271_3351" custom="readingOrder {index:0;}">
                <Coords points="778,211 828,224 956,208 1246,221 1304,210 1304,172 856,173 843,186 778,173"/>
                <Baseline points="783,203 809,204 836,204 862,204 889,204 915,204 942,204 968,204 995,203 1021,203 1048,203 1074,202 1101,202 1127,201 1154,201 1180,201 1207,201 1233,201 1260,202 1286,202 1299,202"/>
                <TextEquiv>
                    <Unicode>de principiis non perceperunt nisi pri </Unicode>
                </TextEquiv>
            </TextLine>
            <TextLine id="r4l3" custom="readingOrder {index:1;}">
                <Coords points="781,250 929,249 959,264 979,248 1279,248 1279,223 1229,213 781,221"/>
                <Baseline points="786,242 811,243 837,244 863,244 888,244 914,245 940,244 965,244 991,244 1017,244 1042,243 1068,243 1094,243 1119,242 1145,242 1171,242 1196,241 1222,241 1248,241 1274,241"/>
                <TextEquiv>
                    <Unicode>mum principium materiale, &amp; vt ve¬</Unicode>
                </TextEquiv>
            </TextLine>
            <TextLine id="r4l4" custom="readingOrder {index:2;}">
                <Coords points="776,290 1197,298 1284,282 1269,261 1139,253 776,261"/>
                <Baseline points="781,281 807,282 833,282 859,283 885,283 912,283 938,283 964,283 990,282 1016,282 1043,282 1069,281 1095,281 1121,281 1147,281 1174,281 1200,281 1226,281 1252,282 1279,282"/>
                <TextEquiv>
                    <Unicode>risimile quod, cum ipsi viderint poten¬</Unicode>
                </TextEquiv>
            </TextLine>
            <TextLine id="r4l5" custom="readingOrder {index:3;}">
                <Coords points="783,330 1164,338 1283,322 1283,301 1251,288 1233,301 783,293"/>
                <Baseline points="788,319 813,320 839,321 865,321 891,322 916,322 942,322 968,322 994,322 1020,322 1045,322 1071,322 1097,322 1123,321 1149,321 1174,321 1200,321 1226,321 1252,321 1278,321"/>
                <TextEquiv>
                    <Unicode>tias rerum particularium praecede¬</Unicode>
                </TextEquiv>
            </TextLine>
            <TextLine id="r4l6" custom="readingOrder {index:4;}">
                <Coords points="782,366 888,378 1091,368 1106,381 1260,370 1281,364 1281,335 1048,342 1027,326 1003,342 985,330 967,342 782,341"/>
                <Baseline points="787,361 812,361 838,361 864,361 889,361 915,361 941,361 967,361 992,361 1018,360 1044,360 1070,360 1095,360 1121,360 1147,360 1173,360 1198,360 1224,360 1250,361 1276,361"/>
                <TextEquiv>
                    <Unicode>re vtroque modo scilicet tempore &amp; causa¬</Unicode>
                </TextEquiv>
            </TextLine>
            <TextLine id="r4l7" custom="readingOrder {index:5;}">
                <Coords points="782,409 1278,410 1278,365 1233,382 1206,368 1190,382 782,370"/>
                <Baseline points="787,400 812,400 838,399 863,399 889,399 914,399 940,399 966,399 991,399 1017,399 1042,400 1068,400 1093,400 1119,400 1145,400 1170,399 1196,399 1221,399 1247,398 1273,398"/>
                <TextEquiv>
                    <Unicode>iudicauerint idem iudicio vniuersa</Unicode>
                </TextEquiv>
            </TextLine>
            <TextLine id="r4l8" custom="readingOrder {index:6;}">
                <Coords points="783,450 931,450 950,435 1032,450 1282,450 1282,412 783,409"/>
                <Baseline points="788,438 813,438 839,437 865,437 890,437 916,437 942,437 968,437 993,437 1019,438 1045,438 1071,438 1096,438 1122,438 1148,438 1174,438 1199,437 1225,437 1251,436 1277,435"/>
                <TextEquiv>
                    <Unicode>li de partibus vniuersi. sed si recte res</Unicode>
                </TextEquiv>
            </TextLine>
            <TextLine id="r4l9" custom="readingOrder {index:7;}">
                <Coords points="783,484 1036,491 1146,473 1289,490 1289,453 1245,445 1146,459 783,452"/>
                <Baseline points="788,477 814,477 840,477 866,477 892,476 918,476 944,476 970,476 996,476 1022,476 1049,477 1075,477 1101,477 1127,477 1153,477 1179,477 1205,478 1231,478 1257,478 1284,478"/>
                <TextEquiv>
                    <Unicode>consyderetur &amp; inquantum talia sunt,</Unicode>
                </TextEquiv>
            </TextLine>
            <TextLine id="r4l10" custom="readingOrder {index:8;}">
                <Coords points="783,521 939,522 952,534 983,522 1276,522 1276,493 1195,484 783,493"/>
                <Baseline points="788,514 813,514 838,514 864,514 889,514 915,514 940,514 965,514 991,514 1016,514 1042,515 1067,515 1093,515 1118,515 1143,515 1169,515 1194,514 1220,514 1245,514 1271,513"/>
                <TextEquiv>
                    <Unicode>naturalia, apparebit manifeste quod a¬</Unicode>
                </TextEquiv>
            </TextLine>
            <TextLine id="r4l11" custom="readingOrder {index:9;}">
                <Coords points="777,562 860,573 950,559 989,575 1016,560 1287,561 1287,533 1241,523 1172,536 777,525"/>
                <Baseline points="782,552 807,552 832,552 857,552 882,553 907,553 932,553 957,553 982,553 1007,553 1032,553 1057,554 1082,554 1107,554 1132,554 1157,554 1182,553 1207,553 1232,553 1257,553 1282,553"/>
                <TextEquiv>
                    <Unicode>ctus praecedit potentiam illis duobus</Unicode>
                </TextEquiv>
            </TextLine>
            <TextLine id="r4l12" custom="readingOrder {index:10;}">
                <Coords points="784,597 1291,601 1291,572 1264,560 1192,574 1006,561 986,577 918,560 784,565"/>
                <Baseline points="789,590 815,590 841,590 867,590 893,590 919,590 945,590 972,590 998,590 1024,591 1050,591 1076,591 1102,591 1129,591 1155,591 1181,591 1207,591 1233,591 1259,591 1286,591"/>
                <TextEquiv>
                    <Unicode>modis. quoniam in icientia Naturali fuit</Unicode>
                </TextEquiv>
            </TextLine>
            <TextLine id="r4l13" custom="readingOrder {index:11;}">
                <Coords points="780,634 1283,642 1283,606 1242,596 1074,614 780,596"/>
                <Baseline points="785,628 810,628 836,628 862,628 888,628 914,628 940,628 966,628 992,628 1018,629 1044,629 1070,629 1096,629 1122,629 1148,630 1174,630 1200,630 1226,630 1252,630 1278,629"/>
                <TextEquiv>
                    <Unicode>iam ostensum quod omne, quod transmu</Unicode>
                </TextEquiv>
            </TextLine>
            <TextLine id="r4l14" custom="readingOrder {index:12;}">
                <Coords points="784,675 907,674 919,687 996,670 1285,675 1285,644 784,646"/>
                <Baseline points="789,666 814,666 840,666 866,666 892,666 918,667 944,667 969,667 995,667 1021,667 1047,667 1073,667 1099,667 1124,667 1150,667 1176,667 1202,667 1228,667 1254,667 1280,667"/>
                <TextEquiv>
                    <Unicode>tatur, ab aliquo transmutatur. &amp; hoc in</Unicode>
                </TextEquiv>
            </TextLine>
            <TextLine id="r4l15" custom="readingOrder {index:13;}">
                <Coords points="778,714 1265,714 1286,709 1286,680 778,684"/>
                <Baseline points="783,704 809,704 835,704 861,704 887,704 914,704 940,704 966,704 992,704 1018,704 1045,704 1071,704 1097,704 1123,704 1149,704 1176,704 1202,704 1228,704 1254,704 1281,704"/>
                <TextEquiv>
                    <Unicode>quatuor speciebus transmutationum¬</Unicode>
                </TextEquiv>
            </TextLine>
            <TextLine id="r4l16" custom="readingOrder {index:14;}">
                <Coords points="782,748 909,748 930,762 962,746 1280,748 1271,711 1217,726 1198,712 1128,725 782,714"/>
                <Baseline points="787,740 812,741 838,741 864,742 889,742 915,742 941,742 966,742 992,742 1018,742 1043,742 1069,742 1095,742 1120,742 1146,742 1172,741 1197,741 1223,741 1249,741 1275,742"/>
                <TextEquiv>
                    <Unicode>Nam ipsa potentia non vt esse suffi</Unicode>
                </TextEquiv>
            </TextLine>
            <TextLine id="r4l17" custom="readingOrder {index:15;}">
                <Coords points="781,786 1234,797 1283,778 1283,760 1261,750 781,757"/>
                <Baseline points="786,780 811,779 837,779 863,779 889,779 915,779 941,779 967,779 993,780 1019,780 1044,780 1070,780 1096,780 1122,780 1148,780 1174,780 1200,779 1226,779 1252,779 1278,779"/>
                <TextEquiv>
                    <Unicode>ciens exire ad actum de se: quod qui¬</Unicode>
                </TextEquiv>
            </TextLine>
            <TextLine id="r4l18" custom="readingOrder {index:16;}">
                <Coords points="776,822 847,834 1276,826 1282,789 776,799"/>
                <Baseline points="781,817 807,817 833,818 859,818 885,818 911,818 937,818 963,818 989,818 1015,818 1042,818 1068,818 1094,818 1120,818 1146,818 1172,818 1198,818 1224,818 1250,818 1277,818"/>
                <TextEquiv>
                    <Unicode>dem patet in tribus transmutationi</Unicode>
                </TextEquiv>
            </TextLine>
            <TextLine id="r4l19" custom="readingOrder {index:17;}">
                <Coords points="780,866 1284,867 1284,829 1243,841 1152,824 1095,824 1077,840 1049,825 1035,837 780,827"/>
                <Baseline points="785,855 811,855 837,855 863,855 889,855 915,855 941,855 967,855 993,855 1019,855 1045,855 1071,855 1097,855 1123,856 1149,856 1175,856 1201,856 1227,856 1253,857 1279,857"/>
                <TextEquiv>
                    <Unicode>bus, videlicet quae in substantia, &amp;</Unicode>
                </TextEquiv>
            </TextLine>
            <TextLine id="r4l20" custom="readingOrder {index:18;}">
                <Coords points="781,899 839,912 877,897 1011,898 1027,912 1057,898 1285,898 1285,870 1268,865 1152,878 1084,861 781,869"/>
                <Baseline points="786,894 812,894 838,894 864,894 890,893 916,893 942,893 968,893 994,893 1020,893 1046,893 1072,893 1098,893 1124,893 1150,893 1176,893 1202,893 1228,893 1254,893 1280,893"/>
                <TextEquiv>
                    <Unicode>in quantitate, &amp; qualitate. nam in his</Unicode>
                </TextEquiv>
            </TextLine>
            <TextLine id="r4l21" custom="readingOrder {index:19;}">
                <Coords points="772,938 963,950 1286,938 1286,909 1195,901 1172,923 1151,909 921,900 772,915"/>
                <Baseline points="777,932 802,932 827,931 852,931 877,931 903,931 928,931 953,931 978,931 1003,931 1029,931 1054,931 1079,931 1104,931 1129,931 1155,931 1180,931 1205,931 1230,931 1255,932 1281,932"/>
                <TextEquiv>
                    <Unicode>mouens &amp; agens est extra. Sed de</Unicode>
                </TextEquiv>
            </TextLine>
            <TextLine id="r4l22" custom="readingOrder {index:20;}">
                <Coords points="773,978 1271,978 1283,947 773,949"/>
                <Baseline points="778,969 803,969 828,969 853,969 878,969 903,969 928,969 953,969 978,969 1003,969 1028,969 1053,969 1078,969 1103,969 1128,969 1153,969 1178,969 1203,969 1228,968 1253,968 1278,968"/>
                <TextEquiv>
                    <Unicode>transmutatione locali extat ambi¬</Unicode>
                </TextEquiv>
            </TextLine>
            <TextLine id="r4l23" custom="readingOrder {index:21;}">
                <Coords points="778,1026 882,1012 1281,1018 1288,981 1005,975 959,989 930,975 778,989"/>
                <Baseline points="783,1006 808,1007 833,1007 858,1007 883,1008 908,1008 933,1008 958,1008 983,1007 1008,1007 1033,1007 1058,1007 1083,1007 1108,1007 1133,1007 1158,1007 1183,1007 1208,1007 1233,1007 1258,1008 1283,1008"/>
                <TextEquiv>
                    <Unicode>guitas. de hoc tamen iam satis innotuit,</Unicode>
                </TextEquiv>
            </TextLine>
            <TextLine id="r4l24" custom="readingOrder {index:22;}">
                <Coords points="778,1058 1277,1054 1288,1021 1019,1012 778,1029"/>
                <Baseline points="783,1047 808,1047 833,1046 858,1046 883,1046 908,1046 933,1046 958,1045 983,1045 1008,1045 1033,1045 1058,1045 1083,1045 1108,1045 1133,1045 1158,1045 1183,1045 1208,1045 1233,1045 1258,1046 1283,1046"/>
                <TextEquiv>
                    <Unicode>in Septimo &amp; Octauo Physi. &amp; hoc</Unicode>
                </TextEquiv>
            </TextLine>
            <TextLine id="r4l25" custom="readingOrder {index:23;}">
                <Coords points="775,1090 846,1101 1127,1088 1161,1102 1211,1090 1282,1106 1282,1052 1018,1064 959,1051 851,1066 814,1050 775,1064"/>
                <Baseline points="780,1085 806,1085 832,1085 858,1084 884,1084 910,1084 936,1084 963,1084 989,1084 1015,1083 1041,1083 1067,1083 1093,1083 1120,1083 1146,1082 1172,1082 1198,1082 1224,1081 1250,1081 1277,1081"/>
                <TextEquiv>
                    <Unicode>est, quod rectius vtuer dic. scilicet quod actus prae</Unicode>
                </TextEquiv>
            </TextLine>
            <TextLine id="r4l26" custom="readingOrder {index:24;}">
                <Coords points="776,1130 1191,1138 1263,1130 1263,1103 1075,1089 1057,1101 815,1093 776,1104"/>
                <Baseline points="781,1124 806,1123 831,1123 856,1123 881,1122 906,1122 931,1122 956,1122 981,1121 1006,1121 1032,1121 1057,1121 1082,1121 1107,1121 1132,1121 1157,1121 1182,1121 1207,1122 1232,1122 1258,1122"/>
                <TextEquiv>
                    <Unicode>cedit potentiam causa &amp; tempore.</Unicode>
                </TextEquiv>
            </TextLine>
            <TextLine id="r4l27" custom="readingOrder {index:25;}">
                <Coords points="779,1171 1271,1170 1271,1133 1250,1129 779,1133"/>
                <Baseline points="784,1160 809,1160 834,1159 860,1159 885,1159 910,1159 936,1159 961,1159 986,1159 1012,1159 1037,1159 1063,1159 1088,1159 1113,1159 1139,1159 1164,1159 1189,1159 1215,1159 1240,1159 1266,1160"/>
                <TextEquiv>
                    <Unicode>Ex ipsis quoque: potentiis particula¬</Unicode>
                </TextEquiv>
            </TextLine>
            <TextLine id="r4l28" custom="readingOrder {index:26;}">
                <Coords points="776,1206 1239,1200 1262,1214 1273,1173 776,1177"/>
                <Baseline points="781,1199 806,1199 832,1198 857,1198 883,1198 909,1197 934,1197 960,1197 986,1197 1011,1198 1037,1198 1062,1198 1088,1198 1114,1198 1139,1198 1165,1197 1191,1197 1216,1196 1242,1196 1268,1195"/>
                <TextEquiv>
                    <Unicode>ribus id ostendi videtur nam licet ips</Unicode>
                </TextEquiv>
            </TextLine>
            <TextLine id="r4l29" custom="readingOrder {index:27;}">
                <Coords points="781,1242 959,1253 995,1240 1279,1241 1279,1213 1230,1208 781,1206"/>
                <Baseline points="786,1237 811,1237 837,1236 863,1236 888,1235 914,1235 940,1235 965,1235 991,1235 1017,1236 1042,1236 1068,1236 1094,1236 1119,1236 1145,1236 1171,1235 1196,1235 1222,1234 1248,1233 1274,1232"/>
                <TextEquiv>
                    <Unicode>sae potentiae praecedant actum tempo¬</Unicode>
                </TextEquiv>
            </TextLine>
            <TextLine id="r4l30" custom="readingOrder {index:28;}">
                <Coords points="783,1282 1279,1289 1279,1253 1263,1245 783,1253"/>
                <Baseline points="788,1276 813,1276 839,1275 864,1275 890,1275 915,1275 941,1275 967,1275 992,1274 1018,1274 1043,1274 1069,1274 1094,1274 1120,1274 1146,1273 1171,1273 1197,1273 1222,1273 1248,1273 1274,1274"/>
                <TextEquiv>
                    <Unicode>re, sunt tamen posteriores causa, cum ip</Unicode>
                </TextEquiv>
            </TextLine>
            <TextLine id="r4l31" custom="readingOrder {index:29;}">
                <Coords points="772,1322 1272,1322 1272,1292 1207,1300 1172,1282 772,1292"/>
                <Baseline points="777,1312 802,1312 828,1312 854,1312 880,1312 905,1312 931,1312 957,1312 983,1312 1009,1312 1034,1312 1060,1312 1086,1312 1112,1312 1138,1312 1163,1312 1189,1312 1215,1312 1241,1312 1267,1313"/>
                <TextEquiv>
                    <Unicode>se actus sit perfectio potentiae, gra¬</Unicode>
                </TextEquiv>
            </TextLine>
            <TextLine id="r4l32" custom="readingOrder {index:30;}">
                <Coords points="779,1362 1282,1362 1282,1325 779,1325"/>
                <Baseline points="784,1352 809,1352 835,1351 861,1351 887,1351 913,1351 939,1351 965,1351 991,1351 1017,1351 1043,1351 1069,1351 1095,1351 1121,1351 1147,1351 1173,1351 1199,1351 1225,1351 1251,1351 1277,1351"/>
                <TextEquiv>
                    <Unicode>tia cuius talis potentia habet esse, &amp;</Unicode>
                </TextEquiv>
            </TextLine>
            <TextLine id="r4l33" custom="readingOrder {index:31;}">
                <Coords points="780,1403 1280,1395 1280,1366 1167,1358 780,1365"/>
                <Baseline points="785,1390 810,1390 836,1390 862,1390 888,1390 913,1390 939,1390 965,1389 991,1389 1017,1389 1042,1389 1068,1389 1094,1389 1120,1389 1146,1389 1171,1389 1197,1389 1223,1389 1249,1390 1275,1390"/>
                <TextEquiv>
                    <Unicode>est causa finalis eius. Perfectiones au</Unicode>
                </TextEquiv>
            </TextLine>
            <TextLine id="r4l34" custom="readingOrder {index:32;}">
                <Coords points="779,1435 1270,1436 1277,1396 779,1405"/>
                <Baseline points="784,1428 809,1428 835,1428 861,1427 886,1427 912,1427 938,1427 963,1427 989,1427 1015,1428 1040,1428 1066,1428 1092,1428 1117,1428 1143,1428 1169,1428 1194,1428 1220,1427 1246,1427 1272,1426"/>
                <TextEquiv>
                    <Unicode>tem non possunt procedere in infi¬</Unicode>
                </TextEquiv>
            </TextLine>
            <TextLine id="r4l35" custom="readingOrder {index:33;}">
                <Coords points="781,1474 1272,1475 1272,1447 1199,1437 781,1444"/>
                <Baseline points="786,1467 811,1467 836,1466 861,1466 887,1466 912,1466 937,1466 963,1466 988,1465 1013,1465 1039,1465 1064,1465 1089,1465 1115,1465 1140,1465 1165,1466 1191,1466 1216,1466 1241,1466 1267,1465"/>
                <TextEquiv>
                    <Unicode>nitum, vt post hoc ostendetur. Actus er¬</Unicode>
                </TextEquiv>
            </TextLine>
            <TextLine id="r4l36" custom="readingOrder {index:34;}">
                <Coords points="779,1523 832,1510 1279,1514 1279,1476 1230,1473 1204,1489 1184,1477 1083,1488 1059,1474 779,1486"/>
                <Baseline points="784,1505 809,1505 835,1505 861,1505 887,1505 912,1505 938,1505 964,1505 990,1505 1016,1505 1041,1505 1067,1505 1093,1505 1119,1505 1145,1505 1170,1505 1196,1505 1222,1505 1248,1505 1274,1505"/>
                <TextEquiv>
                    <Unicode>go est prior potentia, eo quia est caus</Unicode>
                </TextEquiv>
            </TextLine>
            <TextLine id="r4l37" custom="readingOrder {index:35;}">
                <Coords points="780,1546 1268,1552 1268,1523 1205,1514 1148,1528 1098,1511 968,1526 950,1511 885,1526 817,1512 780,1526"/>
                <Baseline points="785,1543 810,1543 835,1543 860,1543 885,1543 910,1543 935,1543 961,1543 986,1543 1011,1543 1036,1543 1061,1543 1086,1543 1112,1543 1137,1543 1162,1543 1187,1543 1212,1543 1237,1544 1263,1544"/>
                <TextEquiv>
                    <Unicode>efficiens &amp; finalis. Finis aut est cau</Unicode>
                </TextEquiv>
            </TextLine>
            <TextLine id="r4l38" custom="readingOrder {index:36;}">
                <Coords points="779,1589 1040,1587 1054,1599 1141,1586 1162,1602 1206,1586 1271,1591 1271,1549 1172,1561 779,1550"/>
                <Baseline points="784,1581 809,1581 834,1582 860,1582 885,1582 910,1582 936,1582 961,1582 986,1581 1012,1581 1037,1581 1063,1581 1088,1582 1113,1582 1139,1582 1164,1582 1189,1582 1215,1582 1240,1583 1266,1583"/>
                <TextEquiv>
                    <Unicode>sa causarum, cum aliae reperiantur gratia ipsius,</Unicode>
                </TextEquiv>
            </TextLine>
            <TextLine id="r4l39" custom="readingOrder {index:37;}">
                <Coords points="783,1626 856,1637 1134,1623 1151,1638 1275,1626 1276,1590 1165,1602 1146,1590 1128,1605 1107,1589 1006,1601 784,1590"/>
                <Baseline points="788,1620 813,1620 838,1619 864,1619 889,1619 914,1619 940,1619 965,1619 990,1619 1016,1619 1041,1619 1067,1620 1092,1620 1117,1620 1143,1620 1168,1620 1193,1620 1219,1620 1244,1620 1270,1620"/>
                <TextEquiv>
                    <Unicode>haec quidem praecessio est, quae debet con¬</Unicode>
                </TextEquiv>
            </TextLine>
            <TextLine id="r4l40" custom="readingOrder {index:38;}">
                <Coords points="782,1671 1270,1666 1262,1628 1235,1644 1203,1629 864,1640 782,1629"/>
                <Baseline points="787,1658 812,1658 837,1658 862,1658 887,1658 912,1658 937,1658 963,1657 988,1657 1013,1657 1038,1657 1063,1657 1088,1658 1114,1658 1139,1658 1164,1658 1189,1659 1214,1659 1239,1660 1265,1660"/>
                <TextEquiv>
                    <Unicode>syderari. Nam prioritas temporalis, sit</Unicode>
                </TextEquiv>
            </TextLine>
            <TextLine id="r4l41" custom="readingOrder {index:39;}">
                <Coords points="782,1706 1282,1706 1282,1677 1264,1669 985,1678 894,1663 878,1678 838,1664 782,1677"/>
                <Baseline points="787,1696 812,1696 838,1696 864,1696 890,1696 915,1696 941,1697 967,1697 993,1697 1019,1697 1044,1697 1070,1697 1096,1697 1122,1697 1148,1697 1173,1697 1199,1697 1225,1697 1251,1697 1277,1696"/>
                <TextEquiv>
                    <Unicode>ue fuerit in potentia, siue in actu, in</Unicode>
                </TextEquiv>
            </TextLine>
            <TextLine id="r4l42" custom="readingOrder {index:40;}">
                <Coords points="781,1739 842,1753 856,1740 968,1752 1029,1738 1169,1752 1281,1742 1281,1714 1210,1703 1149,1719 1050,1702 781,1709"/>
                <Baseline points="786,1734 811,1735 837,1735 863,1735 889,1735 914,1735 940,1735 966,1735 992,1735 1018,1735 1043,1735 1069,1735 1095,1735 1121,1734 1147,1734 1172,1734 1198,1734 1224,1734 1250,1734 1276,1734"/>
                <TextEquiv>
                    <Unicode>est ipsi priori per accidens id ist quod, si cau¬</Unicode>
                </TextEquiv>
            </TextLine>
            <TextLine id="r4l43" custom="readingOrder {index:41;}">
                <Coords points="780,1776 1281,1786 1273,1749 780,1744"/>
                <Baseline points="785,1772 810,1773 836,1773 862,1773 888,1773 914,1773 940,1773 965,1773 991,1773 1017,1773 1043,1773 1069,1772 1095,1772 1120,1772 1146,1772 1172,1772 1198,1773 1224,1773 1250,1774 1276,1775"/>
                <TextEquiv>
                    <Unicode>sae rei praecedunt ipsam rem tempore,</Unicode>
                </TextEquiv>
            </TextLine>
            <TextLine id="r4l44" custom="readingOrder {index:42;}">
                <Coords points="782,1816 1172,1828 1279,1814 1279,1790 1239,1781 995,1792 782,1781"/>
                <Baseline points="787,1811 812,1811 838,1811 863,1811 889,1811 915,1811 940,1811 966,1811 992,1811 1017,1811 1043,1810 1068,1810 1094,1810 1120,1810 1145,1810 1171,1810 1197,1809 1222,1809 1248,1809 1274,1809"/>
                <TextEquiv>
                    <Unicode>illud est quid accidens rebus particu¬</Unicode>
                </TextEquiv>
            </TextLine>
            <TextLine id="r4l45" custom="readingOrder {index:43;}">
                <Coords points="783,1858 1280,1855 1280,1820 1259,1816 1225,1829 989,1818 865,1831 783,1817"/>
                <Baseline points="788,1850 813,1850 839,1849 864,1849 890,1849 916,1849 941,1849 967,1849 993,1849 1018,1849 1044,1848 1069,1848 1095,1848 1121,1848 1146,1847 1172,1847 1198,1847 1223,1847 1249,1846 1275,1846"/>
                <TextEquiv>
                    <Unicode>laribus generabilibus &amp; corruptibi</Unicode>
                </TextEquiv>
            </TextLine>
            <TextEquiv>
                <Unicode>de principiis non perceperunt nisi pri 
mum principium materiale, &amp; vt ve¬
risimile quod, cum ipsi viderint poten¬
tias rerum particularium praecede¬
re vtroque modo scilicet tempore &amp; causa¬
iudicauerint idem iudicio vniuersa
li de partibus vniuersi. sed si recte res
consyderetur &amp; inquantum talia sunt,
naturalia, apparebit manifeste quod a¬
ctus praecedit potentiam illis duobus
modis. quoniam in icientia Naturali fuit
iam ostensum quod omne, quod transmu
tatur, ab aliquo transmutatur. &amp; hoc in
quatuor speciebus transmutationum¬
Nam ipsa potentia non vt esse suffi
ciens exire ad actum de se: quod qui¬
dem patet in tribus transmutationi
bus, videlicet quae in substantia, &amp;
in quantitate, &amp; qualitate. nam in his
mouens &amp; agens est extra. Sed de
transmutatione locali extat ambi¬
guitas. de hoc tamen iam satis innotuit,
in Septimo &amp; Octauo Physi. &amp; hoc
est, quod rectius vtuer dic. scilicet quod actus prae
cedit potentiam causa &amp; tempore.
Ex ipsis quoque: potentiis particula¬
ribus id ostendi videtur nam licet ips
sae potentiae praecedant actum tempo¬
re, sunt tamen posteriores causa, cum ip
se actus sit perfectio potentiae, gra¬
tia cuius talis potentia habet esse, &amp;
est causa finalis eius. Perfectiones au
tem non possunt procedere in infi¬
nitum, vt post hoc ostendetur. Actus er¬
go est prior potentia, eo quia est caus
efficiens &amp; finalis. Finis aut est cau
sa causarum, cum aliae reperiantur gratia ipsius,
haec quidem praecessio est, quae debet con¬
syderari. Nam prioritas temporalis, sit
ue fuerit in potentia, siue in actu, in
est ipsi priori per accidens id ist quod, si cau¬
sae rei praecedunt ipsam rem tempore,
illud est quid accidens rebus particu¬
laribus generabilibus &amp; corruptibi</Unicode>
            </TextEquiv>
        </TextRegion>
    </Page>
</PcGts>
