1475 2066
214 164 719 221 quaerit, nescit ipse quando inuenerit eum
221 206 725 255 & cum hoc qui persrutatus est de
220 247 731 290 aliquo, & nescit quantum est diffici
220 284 723 336 le, illud quod quaerit, est ignotum apud
226 324 718 376 ipsum. & sic si inuenerit ipsum, ne
222 363 733 409 sciet vtrum inuenerit aut non. qui
225 405 729 442 autem scit difficultatem rei, scit finem
220 440 723 489 quem quaerit. & sic, si inuenerit illum
220 474 732 514 sciet illud, quod quaerit. quaesitum
228 510 729 555 enim erat apud illum scitum deter
228 552 731 594 minate. D.d. Et bonum est, &c. i. &
220 588 726 626 etiam melius est volentibus iudica¬
226 629 728 667 re inter homines diuersitates in ali
220 662 718 706 quo vt sint cognoscentes propositio
226 701 729 746 nos, quibus vtitur affirmans & negans.
221 781 725 826 Dubitationes variae ad hane se entiam per¬
250 820 681 866 tinentos proponuntur. Cap. 2
252 901 720 946 } VSt autem prima dubitatio
249 937 723 995 Nde his, quae in prooemio quo
226 967 710 1035 Vque dubitauimus vtrum
216 1006 729 1074 vnius an multarum scientiarum
219 1068 716 1107 sit causas speculari. Et vtrum pri
220 1108 722 1155 ma substantiae principia solum
214 1149 710 1203 huius sit scientiae consyderare
223 1188 719 1242 anetiam de principiis, ex quibus
222 1235 724 1282 omnes demonstrant. vt puta vtrum
220 1276 722 1322 contingit vnum & idem simul
214 1317 724 1370 affirmare & negare, an non, &
221 1360 723 1414 de aliis huiusmodi. Quod si cir¬
217 1411 722 1450 ca substantiam est, vtrum vnam,
219 1438 723 1490 an plures circa omnes sint. & si
215 1484 731 1540 plures, vtrum omnes inter se af
215 1533 719 1570 fines, an aliquas earum Sapien¬
218 1573 720 1618 tias, nonnullas aliquid aliud ap
220 1613 710 1661 pellandum sit. Et hoc etiam ip
220 1661 715 1702 sum necessarium est vt quaera
223 1701 726 1738 tur, vtrum sensibiles substantias
221 1738 721 1786 esse duntaxat dicendum sit, ar
223 1779 731 1832 praeter has, etiam alias. Et vrrum
216 1829 729 1874 vnum, an plura substantiarum
759 165 1278 219 genera sint. veluti qui formas,
757 212 1259 251 quique mathematica harum &
756 253 1265 293 sensibilium media faciunt. & de
759 293 1261 347 his igitur, vt dicimus, consyde¬
752 333 1263 377 randum est. Et vtrum circa sub¬
753 375 1261 418 stantias solum speculatio sit, an
761 420 1261 466 etiam circa ea, quae per se substan
761 461 1259 506 tijis accidunt. Et ad haec de eodem
759 501 1267 546 & diuerso, simili & dissimili, &
758 549 1255 592 contrarietate, & de priori & po
759 581 1257 626 steriori, & caeteris cunctis hu¬
758 621 1257 666 iuscemodi, de quibus Dialecti¬
756 663 1259 706 ci consyderare conantur, ex pro¬
757 704 1253 754 babilibus solum persrutantes,
756 749 1257 786 cuius est de his omnibus specu¬
756 788 1261 838 lari. Item quaecunque per se eis¬
763 828 1259 866 dem ipsis accidunt. & non so¬
750 869 1245 914 lum quid horum vnumquod
760 909 1265 954 que est, sed etiam vtrum vni
760 952 1259 994 contrarium. Et vtrum ipsa ge¬
759 989 1253 1042 nera sint principia, & elementa,
758 1045 1259 1078 an illa, in quae diuiduntur, quae
754 1073 1265 1122 insunt singula. Et si ipsa genera,
763 1117 1261 1159 vtrum quaecunque vltima de
756 1157 1261 1202 indiuiduis praedicantur, an prio¬
761 1200 1261 1253 ra. vtputa, vtrum animal, vel
756 1237 1256 1290 homo principium, & magis quam
749 1279 1260 1322 singularia sit. Potissimum ve¬
754 1323 1256 1370 ro quaerendum & tractandum
753 1372 1260 1410 est: vtrum est aliqua, praeter ma
753 1405 1237 1459 teriam, causa per se, an non
754 1448 1258 1490 Et haec separata, an non. Et v¬
758 1491 1259 1532 trum vna, an plures numero,
759 1527 1257 1588 Et vtrum est aliquid praeter cumn
758 1573 1262 1618 ctum (dico autem cunctum, cum
755 1613 1259 1659 quicquam de matetia praedica¬
759 1655 1257 1706 tur) an nihil an quorundam qui¬
758 1697 1260 1744 dem sit, quorundam vero non,
756 1743 1264 1786 & quaenam entium talia sint. Item
757 1780 1262 1834 principia, vtrum numero, an specie
752 1819 1257 1866 definita sint, & quae in rationibus,
