1475 2066
228 157 730 210 do, aut nigredo: quoniam mensura in quo
239 196 733 249 libet genere oportet di necessitate, vt sit
236 244 733 283 proportionata, & similis: & hoc ha¬
242 277 738 314 bent ipsa entia inquantum sunt entia,
248 311 730 360 videlicet quod dicuntur secundum prius & posteris
242 349 739 397 ideo putarunt oportere inueniri vnum
236 388 732 434 primum ens, quod est causa vt alia
240 425 731 466 entia sint entia, & numerata & sci¬
236 466 734 501 ta: quemadmodum vnum in numeris
240 501 736 546 est causa vt reliquae species numeri sint, &
238 548 734 590 numerentur. sed, quia ipsi non cogno¬
239 575 737 618 uerunt de causis nisi materialem, ideo
247 617 737 667 fuerunt imaginati quod huiusmodi vnum,
239 662 735 690 est ista causa. & hoc est iuxta varia,
242 695 734 730 eorum opiniones de causa materia
238 730 744 779 li vltima. nam quidam eorum putant es
241 765 736 816 se aquam, alij vero: gnem, & nonnu
242 807 734 854 li infinitum. Posteriores vero, quia perce¬
242 841 740 890 perunt causam forimalem, aliter tamen qua est
244 884 741 927 putant ipsi quod ipsum intelligibile ali¬
244 924 739 969 cuius rei existit extra intelsecum: quodque
247 957 741 1007 ipsi conuenit magis esse qua suo sensi
247 994 741 1035 bili: & dicunt quod vnum vniversale, cui plus
243 1030 735 1078 convenit ipsum esse qua sensibili suo¬
248 1072 739 1115 quod continet quicquid dicitur vnum, est
245 1113 743 1154 causa vt sint reliqua entia, quae dicuntur
240 1149 738 1187 vna, & causa etiam mensurationis eorum
237 1181 733 1234 Haec igitur est summa consyderatio
236 1221 734 1266 nis, quam habuerunt praedecesfore:
248 1258 732 1306 Arist. circa hoc quaesitum. Arist. ve
244 1301 738 1349 ro cum distincte cognouerit esse for
245 1332 741 1386 marum intelligitbilium ab esse earum
238 1370 735 1423 sensibilium, & quod intelligibile non ha
243 1409 732 1450 bet esse extra intellectum, inquan¬
242 1447 735 1489 tum est intelligibile: habent tamen esse
242 1485 741 1535 extra intellectum, inquantum sunt
238 1520 731 1563 sensibiles: & non latuit ipsum, quod in
238 1562 741 1595 ter res ensibiles nihil est communius
242 1597 740 1642 decem praedicamentis: & est quoquid
244 1637 741 1686 manifestum, quod in quolibet genere prae¬
245 1671 728 1723 dicamentorum accidentium datur quod
238 1709 729 1758 dam vnum, quod est causa, vt relic
240 1747 734 1790 species existentes in illo genere habeanter
233 1788 734 1826 se, & mensurent: vt inter colores, exem
770 157 1287 209 pli gratia albedo, quae quidem est eam
765 197 1267 248 vt aliae species sint & meniurentur: nam
767 236 1262 286 nigredo potius debet esse oriuatio
763 274 1269 326 albedinis, qui quid per se: & similiter in ser¬
768 312 1273 355 monibus syllabae & pedes. quibus
769 349 1267 394 mensurantuntales dictiones, & neri¬
773 386 1263 439 ma in musica: ideo est exit atas quod
766 425 1267 474 in praedicamento substantia nnortet
764 468 1270 510 dare aliquid ita se habens, cum: psae
767 501 1273 546 substantiae sint plures: videlicet i de
771 524 1269 578 tur in eis vnum, quod sit causa vt
767 572 1264 619 aliae substantiae sint, & non :ilum
771 611 1243 650 aliae substantiae, sed & alia e atia
774 648 1270 700 Nam reliqua entia mensurantur qui
767 688 1267 739 dem inquantum sunt entia per sub¬
774 724 1269 762 stantiam, cum eorum esse consistat
767 764 1265 803 in ea, vt in principio huius scienttae
769 802 1269 842 fuit declaratum. & huiusmodi vnum, si re
775 840 1275 888 periatur separatum a materia, plus
769 884 1273 922 conueniet sibi nomen vnitatis, cum
772 914 1262 961 plus conueniat sibi hoc nomen esse
777 952 1277 994 Et ideo hoc quaesitum reuertitur ad il
769 993 1265 1034 ludmet quaesitum, quod a principio
770 1036 1267 1074 reim non destitit inquirere. Et praepo
766 1070 1264 1106 suit huiusmodi res, vt deueniret po
766 1104 1264 1156 stea ad ipsum: videlicet, vtrum det
769 1141 1265 1193 substantia separata, quae sit principium
767 1181 1257 1226 substantiae sensibilis, aut sufficiat in
766 1218 1260 1259 samet substantia sensibilis ad suum
772 1260 1269 1298 esse. Haec autem duo quaesita sunt vnum
769 1293 1263 1330 subiectiue, & duo in modo. & ideo
771 1332 1264 1370 habita notitia vnius eorum, aiiud
771 1376 1263 1422 quoque notescet. Siliter etiam, si mani¬
766 1408 1265 1456 festabitur quod dantur plures substantiae se
775 1452 1273 1490 paratae qua vna, oportebit etiam inue
768 1481 1268 1530 niri in eis vnum, quid sit cauia, ob quam
768 1521 1264 1562 sint multae, & numeratae. & hoc totum
765 1563 1266 1609 apparebit in secunda parte huius scien
765 1596 1267 1645 tiae. quia consyderare in hoc loco de¬
764 1633 1266 1683 huiusmodi rebus est quidem veluti prae¬
767 1672 1267 1714 ludium ad illam partem, quae est vt
770 1709 1270 1759 finis huius. & propter eius nobilitatem fue
764 1746 1264 1798 runt imaginati aliqui quod scientia
769 1783 1268 1826 Diuina consyderaret de rebus sepa¬
