1475 2066
204 140 717 187 ratis tantum. Iste ergo est sermo de¬
224 172 720 234 vno inquantum est synonymum
221 221 322 258 ad ens,
278 252 717 298 Onsentaneum autem est quaerere quomodo
227 297 704 346 Nx comparetur ad ipsum vnum pri
222 334 718 384 mum. & quia vnum opponitur multam
212 380 714 419 tudini, contemplandum est quot mo
225 415 721 450 dis opponitur ei. Et dicamus quod vnum
223 450 702 500 opponitur multitudini pluribus mo
221 486 714 530 dis. Vno quidem modo per diuisibile &
219 525 721 576 indiuisibile. & hoc est fere simile oppo
220 565 711 602 sitioni, quae est inter habitum & pri¬
218 605 720 642 uationem, quia vnum est priuatum
218 638 720 680 diuisione existenti in multitudine.
226 678 721 722 Vnum adhuc opponitur multitudini
219 725 705 767 ratione suarum proprietatum. nam ip
221 755 717 807 sum vnum habet quasdam proprietates
216 792 719 833 vt esse idem in substantia, & simile in
220 832 714 874 qualitate, & aequale in quantitate. nam
224 876 710 921 vnum in substantia est in qualitate
223 909 706 959 simile, & in quantitate aequale. Multi
220 948 711 997 tudo vero habet proprietates opposi¬
214 988 716 1035 tas illis proprietatibus vnius, quae sunt,
214 1022 708 1067 aliud, & diuersum, & oppositum. Ve
220 1063 712 1113 runtame id, quod opponitur ex his ips
216 1103 710 1150 vni, inquantum dicitur idem, & di¬
222 1145 720 1178 uersum: quia idem & diuersum sunt
220 1176 711 1219 opposita: & ideo necessario quicquid
224 1214 721 1259 est in substantia, vel est idem vel di
220 1252 718 1290 uersum. & hoc etiam iuxta suos mo¬
204 1292 712 1331 dos, de quibus dicitur idem & diuersum
215 1329 709 1370 esse opposita. Nos autem iam dixi¬
216 1367 719 1419 mus quod dicitur idem genere & forma &
221 1401 716 1457 indiuiduo, vt quando habet duo nomnia, aut
225 1445 719 1496 cum comparatur significatio nomnis ip¬
680 1484 724 1522 Et
222 1485 662 1533 sius ad sigenationem definitionis,
218 1523 714 1572 quia quando vnum est in substantia di
216 1552 714 1603 sicut ipsum, & quando in quantitate dici
220 1597 713 1650 tur aequale, & in qualitate simile, & hoc
225 1636 713 1682 etiam dicitur iuxta illos modos, de qui¬
220 1677 719 1714 bus iam diximus ipsum simile dici: qua
218 1717 710 1762 re oportet vt res sit sicut alia, vel nen
220 1755 718 1794 sicut illa, aut aequalis vel inaequalis,
212 1788 722 1825 aut similis vel dissimilis. & omnia haec
749 141 1235 186 concurrunt in hoc, quod aliquid vel erit
747 180 1243 218 idem, vel diuersum, siue absolute, si
741 221 1249 269 ue cum colligantia. Aliud autem &
748 256 1248 298 differens inter se consequuntur. Di
743 295 1243 347 stinguurtur tamen: quoniam aliud est in se di¬
750 333 1243 371 uersum, sed differens est differens cum
743 373 1239 418 alio per aliud, & quando differt ab aliquo
744 409 1247 450 conuenit cum eo quod est idem: &
743 445 1245 497 differens suscipit magis & minus,
740 484 1012 528 sed diuersum non
832 523 1235 572 Vae autem sunt diuersa, non pos¬
775 533 1232 617 Tsunt aggregari in vno subie
742 595 1232 643 cto secundum vnum modum & vno tempo¬
744 637 1240 682 re. & talia sunt opposita, quae vniversaliter sunt
748 676 1239 729 quatuor scilicet contraria, & habitus & pri
744 717 1247 769 uatio, & affirmatio & negatio, & re
745 757 1238 794 latiua. In praeteritis autem iam dictum
749 793 1243 843 fuit quot modis dicitur contrarium, & ha¬
747 831 1245 874 bitus & priuatio. Verumtam duo con¬
744 876 1249 914 traria re vera sunt, quae inueniuntur in¬
747 908 1249 959 eodem genere, quae maxime differunt
742 949 1241 993 & distant: sed quae sunt diuersa in genere,
743 984 1240 1026 licet distent, tamen non suscipiunt ma¬
748 1022 1242 1073 gis & minus in distantia: & ideo eo
744 1060 1242 1109 rum distantia non est ex hoc, quod sunt
744 1109 1242 1149 contraria. nam quandoque possunt
748 1139 1243 1187 plura congregari in vno subiecto,
752 1180 1242 1228 vt decem praedicamenta, quae sunt
749 1214 1247 1258 distincta in suis generibus. sed si di¬
741 1248 1245 1298 cimus haec inter se distare, illud est,
746 1291 1227 1333 quia non generantur mutuo ex se
747 1331 1241 1380 inuicem, neque aggregantur peni¬
743 1372 1245 1418 tus in aliquo genere: & non propte¬
749 1404 1243 1455 rea quod eorum distantia proue¬
750 1445 1242 1482 niat a contrarietate. Contraria ve¬
750 1479 1244 1533 ro sunt eadem genere, & maxime
746 1517 1248 1562 differunt & distant forma. & ideo
745 1565 1243 1606 non possunt conuenire in vno sub¬
746 1596 1244 1643 iecto, & vnum eorum corrumpit
750 1642 1245 1674 aliud de necessitate. & quae ita se ha
748 1676 1252 1715 bent, videlicet quod vnum eorrum
748 1710 1248 1761 pat reliquum, distant eorum esse
745 1749 1249 1799 in vltimo distantiae. & propterea di
746 1789 1253 1832 citur in definitione contrariorum quod
