1475 2066
200 173 711 226 in laesione inueniatur magis & minus
212 213 707 264 quod Gal. appellat largo modo neu
219 252 715 290 trum, quod significat id, quod non
214 290 715 339 est, neque sanitas, neque aegritudo. nam
217 327 712 369 hoc necessario est, vel sanitas, velaegri
210 365 707 417 tudo, sed non in vltimo. Et ideo opor¬
216 411 713 442 tet quod quicquid appropriatur nomine
218 443 709 483 medii per abnegationem duorum extre¬
214 479 714 531 morum, quod intelligatur per illud verum
218 518 717 566 medium. nam cum dicimus, exempli¬
215 558 705 607 gratia, colorem fiauum non esse al
214 593 688 646 bum, neque nigrum, signatur quod est em
219 631 703 682 damessentia, a qua priuatur aliquid,
221 669 713 720 quod inest duobus extremis existen¬
212 709 715 755 tibus sub vno genere, & habet aliquid
213 746 717 786 de duobus extremis per modum mix
223 783 709 832 tionis. Sed id, onod signatur per ab¬
217 821 712 874 negationem duorum extremorum ab
208 868 715 898 eo, quod non est ipsum, & extrema
208 897 709 938 sub eodem genere, non est medium
218 940 707 978 vt si dicamus lapidem loquentem
209 980 705 1010 aut mutum: & Deum non esse ex
214 1020 710 1058 tra mundum, neque intra. & hac pro
218 1054 711 1097 prietate differunt contraria ab aliis
220 1097 715 1131 oppositis, cum non habeant verum
215 1132 708 1170 medium. In affirmatione autem & ne¬
221 1166 717 1214 gatione res est manifesta. Priuatio
216 1205 712 1253 vero, quae habet vim negationis, se habet
212 1245 708 1289 vt negatio, & est illa priuatio, quae op¬
218 1284 712 1330 ponitur enti: vt si dicamus ens genera
218 1324 719 1365 ri ex non ente. Inter reliquos tamen mo
221 1357 708 1408 dos priuationis possibile est imag
222 1397 717 1434 nari mediu, sed non verum. vt cum
216 1430 709 1474 dicimus embryonem non videre
215 1478 720 1512 neque: esse caecum: & lapidem non lo¬
223 1508 711 1549 qui, neque esse mutum. & hoc iam fuit
225 1549 710 1587 rememoratum. Melatiuorum vero na
216 1589 717 1626 tura, inquantum sunt relatiua, non
221 1622 717 1670 est quod habeant medium. nam non con¬
222 1665 702 1709 ditionatur in eis, vt sint in vno gene
220 1701 706 1746 re, sicut agens & passum, quod pos¬
219 1740 716 1786 sunt esse vnum eorum in vno gene
220 1773 715 1811 re, & aliud in alio. sed si in aliqua re
219 1810 719 1850 latione inest contrarietas, habebit
746 173 1260 224 quidem medium: illud tamen euenit ra
749 221 1246 251 tione contrarietatis, non ratione re
744 252 1239 290 lationis, sicut medium, quod est in¬
740 293 1238 330 ter magnum & paruum, & inter sur
741 325 983 371 sum & deorsum.
752 362 1233 416 †V his igitur patet quod insti quatuor
744 402 1231 453 & modi oppositorum sunt diuersi
744 439 1237 482 & quod priuatio & habitus sunt tanquam
740 478 1235 525 principia contrariorum, & affirma¬
744 525 1240 562 tionum, & negationum, quia, cum
746 553 1232 602 generatio fiat vel a priuatione formae
748 591 1239 637 vel a forma contraria: & ipsi formao
746 629 1249 678 contrariae de necessitate inest priua
740 668 1246 719 tio contrarij rei generabilis, quae est
737 709 1241 746 aliquod contrarium, & si priuatio
744 750 1242 795 de necessitate praecedit gene, arum:
746 787 1240 833 ergo de necessitate priuatio inest con¬
746 821 1243 858 trarijs, & praecedit ea, natura. Inest
745 856 1235 907 quoque vni contrariorum, vt sit im
749 896 1247 947 perfectius alio, & imperfectio est pri
744 932 1250 978 uatio persectionis: vt caliditas, & fri
740 973 1247 1023 giditas, & humidum & siccum. Ma¬
748 1010 1238 1061 nifestum quoque est quod inter negatio
743 1047 1243 1091 nem & hunc modum priuationis sicicet ab
744 1085 1145 1130 solute, non inest differentia¬
760 1125 1243 1174 Tquia, vt diximus, contraria sunt
776 1164 1229 1214 diuersa, forma, & idem genere, con
745 1204 1239 1242 ueniens est vt consyderemus, vtrum
747 1237 1237 1283 quicquid est contrarium sit diuer¬
749 1277 1245 1315 sum forma, aut non sit necessarium
740 1316 1236 1355 hoc. Et dicamus quod contrariorum
744 1353 1235 1396 quodcunque sequitur formam rei. est de
744 1390 1240 1434 necessitate diuersum forma. nam im
744 1436 1249 1477 possibile est inueniri generabile & cor
744 1469 1246 1507 ruptibile, & perpetuum in eadem for¬
743 1504 1243 1546 ma. aliter enim esset possibile inueniri ho¬
743 1545 1243 1593 mines perpetuos Sed illa contraria, quae
748 1582 1242 1634 insunt alicui rei propter materiam, non in
751 1619 1244 1662 conuenit quod sint in eadem forma, si
751 1661 1239 1706 cut mas & foemina in eadem specie
744 1696 1245 1748 & albedo & nigredo, quae sunt in vna
743 1733 1238 1782 specie. Ex hoc igitur patet quid conse
748 1773 1244 1823 quatur vnum & multa, & quod ipsa sunt
751 1815 1253 1858 principium generum oppositionis. &
