1475 2066
215 189 723 248 ideo decet nos consyderare quo pa¬
225 229 727 285 cto insit eis propria oppositio. nam, si
232 272 715 319 non daretur vnum, non darentur plu
236 309 729 354 ra etiam. & si non daretur multitudo,
232 348 693 396 nulla daretur penitus oppositio.
246 381 726 432 r Tdicamus quod impossibile est, quod vnum
264 421 728 466 opponatur multo per modum con
233 467 729 506 trarij, cum contrarium multitudinis sit
232 508 723 550 paucum, & vnum non est paucum, quia
243 537 727 578 aucum est de affectibus ipsius diuisi
230 567 720 627 bilis: & si contingat vnum esse paucum
233 613 721 666 illud fit, ex eo quid vnum est multi¬
233 652 725 701 tudo diuisibilis, non ex eo quod est vnum,
231 689 726 732 Praeterea, si vnum sit paucum, duo erunt
230 733 721 770 multum: quia paucum & multum dicuntur re
230 768 710 810 latiue, & proprea vnum erit quaedam mul
224 805 714 855 ritudo. & hoc totum est impossibile. Ad
233 840 725 883 huc ipsum contrarium, vt ostensum
224 885 719 932 fuit, habet contrarium, quae vtrunque
235 923 720 962 sunt in eodem generetur sed vnum &
227 957 721 1002 multa non ita se habent. At vtrum
230 996 727 1045 oppositio istorum sit oppositio priua
228 1044 721 1075 tionis & habitus, consyderatione in¬
226 1069 725 1114 diget: quia vt, cum ipsum vnum sit
228 1110 718 1154 quid diuisibile, & multitudo sit di¬
233 1145 713 1202 uisibilis, quod insit ei priuatio diuisio
230 1188 717 1235 nis, quam quidem habet ipsa mul
228 1224 715 1266 titudo. Plures tamen Antiquorum fue¬
231 1269 718 1314 ruunt opinati huius oppositum, ve¬
225 1302 721 1352 quod ponebant multitudinem esse pri
215 1341 712 1391 uationem vnitatis, quod quidem ideo pu
220 1379 727 1418 tarunt (vt arbitror) quia viderunt
226 1421 721 1466 priuationem semper esse imperfectio
229 1454 727 1499 rem habitu, & habitum nobiliorem,
226 1500 721 1545 esse. & ita se habet vnum ad ipsam
224 1532 721 1570 multitudinem: est enim caum vt illa sit. Sed
233 1570 725 1621 vt praediximus, magis cuidens est,
228 1606 725 1650 quod ipsa vnitas sit priuatio multitudi
229 1646 723 1691 nis. nam quamplures priuationes sunt
222 1686 726 1734 nobiliores aliquibus entibus imper
221 1723 730 1774 fectis. & ideo nonnunquam contingit
228 1757 719 1811 melius esse non videre, quam videre. Sed
224 1799 718 1851 dato estm quod haec esset oppositio existens
219 1837 720 1882 inter vtrunque eorum. sequeretur adhuc
750 189 1237 234 ex hoc falsitas vituperanda, videli¬
754 235 1245 274 cet quod habitus substentaretur in pri¬
754 271 1251 307 uatione, cum ita se habeant vnum &
755 310 1247 358 multa. Quapropter videtur magis
749 346 1245 400 consonum ipsa opponi inter se oppo¬
748 386 1239 437 sitione relatiua. quia contingit ip¬
753 425 1243 466 sum vnum mensurare, & multitudi¬
750 469 1245 506 nem mensurari: mesuraus autem,
755 508 1245 538 vel mensura, & mesuratum sunt in
753 548 1243 578 capitulo relationis. sed huiusmodi rela¬
751 575 1245 618 tio non est de essentia ipsius vnius,
750 615 1242 665 immo quid sibi accidens. & ideo non
749 653 1241 703 dicitur vnum in comparatione ad multa
748 693 1236 730 eo modo, quo dicuntur relatiua ad se
759 731 1243 770 inuicem. Est enim res in hoc, vt in cau
753 766 1236 810 sa & causato, nam ignis est causa rerum
754 806 1247 850 ignearum, & tamen est ignis absque hoc
756 845 1240 898 quod sit causa: ex eo igitur, quod est ignis, est
750 883 1245 923 in praedimento substantiae: sed in¬
757 919 1247 964 quantum est causa, est in praedicamento
755 959 1243 1009 relationis. & hoc totum est per se no¬
758 1004 1253 1047 tum. & similiter videtur quod nomen
749 1037 1243 1087 multitudinis significet illud, ex eo
750 1074 1246 1118 quod habet talem comparationem, licet non
751 1111 1241 1156 extet nisi cum eo. sed nomen multi¬,
753 1156 1249 1198 tudinis dicitur in relatione ad paucum: &
753 1189 1245 1226 ideo ista relatio, quae est inter mul¬
758 1230 1235 1267 titudinem & vnum, inest ipsi multi
749 1261 1251 1313 tudini, ex eo quod est quid mensura¬
756 1301 1249 1341 tum, & vni, ex eo quod est mensurans. Vel
755 1342 1253 1390 dicamus quod vnum opponitur multitu di
755 1379 1253 1418 ni vtroque modo simul: sed duobus mo
753 1420 1243 1458 dis varijs substentabit multitudinem,
752 1454 1248 1499 non ex hoc quod accidit ei, quod priuetur
755 1492 1256 1542 multitudine, sed inquantum est eius.
760 1529 1247 1578 principium. & isto modo oppositio am¬
759 1567 1258 1610 porum est ad aliquid: & ex eo quod accidit
750 1613 1255 1651 ei ista priuatio, quae inest multitudini,
758 1652 1245 1693 vesdiuisio, adhuc opponitur multitu
750 1685 1242 1722 dini per modum habitus & priuationis
832 1719 1246 1773 Vagret tamen aliquis & dicet, cum
808 1732 1241 1805 vni insit vnum contrarium, quo igi
750 1805 1244 1850 tur modo aequale opponitur magno &
752 1836 1244 1890 paruo: Nam impossibile est vt aequal
