1475 2066
190 157 703 195 Sie etiam si ponamus formas immate
201 191 701 241 riales, quarum quaedam sint perfectio¬
205 229 704 274 nes aliquarum (vel actus) apparebit fi¬
206 272 701 308 nis earum per hanc met declarationem,
204 309 702 354 videlicet ex eo, quod fuit ostensum cau
202 341 713 386 sam finalem habere finem. Ex dictis igitur
206 388 707 432 patet quatuor causas habere finem, &
202 429 707 472 quod datur mam prima, & primum agens,
211 455 672 499 & prima forma, & primus finis.
245 501 707 546 Sed vtrum prima causa in quolibet
210 534 711 583 istorum sit vna, vel plures, potest hic
208 573 692 619 ostendi de materia autem prima iam ap
208 620 710 659 paruit in scientia Naturali, quod est vna
209 653 709 697 generabilibus & corruptibilibus, &
202 691 710 738 propterea simplicia possunt transmu
207 732 703 775 tari ad seinuicem. Vltimi vero agentis,
200 764 706 814 si reperiretur plusquam vnum agens, neces
202 802 708 842 sario oporteret nomen agentis dici
202 843 707 882 de eis vniuoce, aut per aliquam analo
208 878 701 926 giam ad id, in quo communicant. & si
200 925 707 967 nomen agentis dicitur de eis vniuoce, er
200 955 708 1002 go conicabunt in nominie generis. & vlti
206 991 706 1043 mum agens erit materiale, quod tamen
204 1029 707 1066 iam in scientia Naturali fuit ostensum
202 1068 701 1118 hoc esse impossibile. & intelligo per agens
210 1108 696 1151 vltimum motorem. & si dicatur de eis i
204 1146 707 1185 aliquam analogiam ad aliquam vnam rem,
206 1179 701 1231 siue talis proportio sit in eodem gra¬
208 1220 705 1270 du, siue in varijs gradibus, illud tan¬
208 1256 702 1306 dem, ad quod comparantur, est ipsum
190 1293 707 1346 primum agens, quo vnumquodque ip¬
206 1340 703 1386 sorum est agens. erunt ergo, ipsa cau
202 1372 695 1421 sata, & nullu eorum erit vltimum ages
200 1408 697 1460 sequitur ergo ex hoc de necessitate, quo
208 1453 704 1497 vltimum agens est vnum. Et similiter res ap¬
200 1492 701 1532 paret de causa finali, & formali per
200 1524 700 1570 hancmet declarationem, videlicet quod
212 1565 706 1603 vltimum eorum ops quod sit vnum numero.
247 1605 707 1649 Et postquam fuit ostensum quod dantur
204 1636 702 1687 quatuor causae vltimae, consyderan¬
205 1678 697 1725 dum ergo est si est possibile inueni
202 1713 699 1755 re in qualibet earum reliquas causas,
204 1751 698 1802 aut aliquas earum. Et dicamus qui¬
203 1788 709 1827 iam fuit declaratum in scientia Natu¬
735 156 1249 194 rali materiam primam non habere for¬
736 192 1243 242 masiue non esse in formatam: &
740 230 1241 282 ideo non habet agens, cum ipsum
739 268 1245 319 agens praestet formam passo, quod autem
737 309 1244 346 habeat finem, vel quod sit finita, est neces
738 341 1243 395 sarium, & est scilicet ipsa forma. aliter enim
743 381 1241 426 inueniretur id, quod non est aptum in¬
740 420 1237 471 ueniri. Vltimum vero agens, inquam
738 459 1240 504 tum debet esse aeternum, oportet quod
738 494 1242 534 sit immateriale. quod autem non habeat
732 535 1240 570 formam, est necessarium etiam. Sed
742 573 1248 624 vtrum habeat causam finalem, indiget
736 612 1244 658 speculatione. Nam, si ponamus ipsum
734 647 1242 690 habere causam finalem, erit de necessi
732 685 1238 722 tate causatum ab ea, cum finis sit nobi
737 725 1239 775 lior agente: sed qui a non est in mam,
741 762 1237 802 ideo finis tantum est causa, vt ipsum
733 802 1240 850 habeat esse. & quia iam posuimus ip¬
740 836 1234 882 sum esse efficiens ipsius finis: est ergo
736 877 1245 926 causa finis, & sic erit causa suiijpsius.
735 915 1241 954 In rebus vero materialibus non fe¬
740 961 1238 1007 quitur hoc: quia agens est causa ipsius
735 990 1235 1035 finis, eo quod finis generatur, aut est in ma¬
737 1029 1241 1075 teria: sed finis e causa agentis ex hoc,
738 1067 1237 1118 quod est finis. Cum ergo hoc sit impossibile,
736 1102 1234 1147 nihil restat nisi quod eius finis sit eius
741 1142 1226 1186 essentia. quemadmodum sapiens, cuius
731 1181 1242 1220 finis in docendo est influere bonum
736 1221 1235 1270 tantum: & legum institutor mouere homines
729 1257 1233 1305 ad virtutem, absque hoc quod ipse acquirat
735 1298 1233 1338 de hoc virtutem. lta etam de prima for¬
736 1340 1232 1379 ma vt res se habere, quae quidem non ha
735 1373 1237 1411 bet agens, quia si haberet, tunc non
731 1409 1233 1458 esset vltima forma. quia ipsa etiam prae¬
735 1446 1243 1490 cedet secundum esse ipsum agens: & quod peius
734 1484 1242 1530 est, quod erit materialis. & si non habet
735 1525 1239 1580 agens, sequitur quod ipsa & vltimum agens
728 1553 1239 1609 sint idem subiecto. nam, si poneremus ip¬
734 1599 1236 1640 sam esse duo numero, sequeretur quod ef
733 1635 1240 1688 set causara ab agente, & agens esset
733 1674 1225 1714 causatum ab ipsa inquantum habet for¬
734 1720 1241 1754 mam: & sic non esset primum ageus.
735 1750 1239 1801 Sequitur quoque quid quod non habet finem. quia
730 1788 1232 1827 finis habet formam, & sic reperiretur
