1475 2066
194 139 712 195 nobilius perficeretur per ignobilius: quid
216 182 711 233 est falsum. Neque: potest etiam dici quod causa
210 229 710 266 motus eius sit comprehensio alterius
213 260 713 310 corpis coelestis nobilioris ipso: quoniam,
212 308 712 350 quando reddetur causa motus illius corporis,
217 337 716 379 sequetur idem, quod sequebatur de hoc
210 373 709 418 met corpore: & sic corpora coelestia
210 411 708 460 procederent in infinitum. & si res ita
210 449 700 490 se habet, & est impossibile hoc corpus coe¬
211 485 703 530 leste moueri ad aliud corpus, siue
212 525 703 575 ponatur illud corpus esse nobilius, si¬
212 574 708 614 ue ignobilius: restat ergo vt non mo
218 601 707 651 ueatur nisi a desyderato, quod desi
215 639 709 689 deratur ab eo, quod est nobilius ip¬
214 677 708 714 so: & est id, cuius esse est ipsum bo¬
214 717 706 755 num absolute: quoniam desyderatum est
214 754 704 793 ipsum bonum, & oportet vt ipsum
213 789 699 835 bonum, quod desyderatur, sit nobili
213 837 705 874 omnibus desyderatis, & perfectius om¬
213 876 706 918 nibus bonis, quem motum animatum
204 908 705 955 adiuuat eius inclinatio naturalis, quid
213 944 703 987 nulla est prohibitio inter inclinatio¬
209 985 713 1030 nem huius corporis & eius motum
211 1020 711 1058 animatum, vt in scientia Naturali fuit osten¬
212 1060 711 1111 sum. Hoc igitur est vnum, a quo assumitur
217 1098 710 1138 demonstratio, quod talis motor non est in
214 1137 709 1179 materia. p iprior tamen via, & fortior
212 1177 712 1227 est illa, quam progressi fuimus a prin
209 1211 715 1261 cipio, & est via Arist. Conueniens
210 1260 702 1302 ergo est, vt supponamus hic omnia haec
198 1292 713 1343 & recipiamus ipsa a Philosppho Na¬
218 1326 713 1370 turali. Illud aut, quod conuenit nos con¬
218 1365 710 1403 syderare in hoc loco de huiuscemo
213 1405 715 1453 di principiis, cum acceperimus esse
213 1445 705 1482 eorum ita se habere, videlicet inquantum
209 1481 713 1531 non sunt in materia, est dicere quid nam
209 1518 705 1561 sse habeant, & quot sint numero, &
215 1557 713 1609 quo pacto referantur ad subam sensi
214 1597 702 1641 bile id i. quot modis sint principia ip
214 1630 707 1682 sius. nam principia multifariam dicuntur
215 1676 714 1721 Contemplandum quoque est qualis sit
213 1706 709 1760 proportio eorum ad seinuicem secundum est
217 1747 717 1786 se, i. vtrum quaedam eorum praecedant alia
214 1788 706 1834 aut sunt absoluta a seinuicem i is.t quo
748 140 1258 187 quaedam eorum non sint causae ali¬
748 189 1243 234 quorum ipsorum: & si aliqua sint cau
744 220 1235 264 sae aliquorum, quot modis sint causae
749 261 1241 306 Notificabimus quoque illas res, qui¬
745 299 1237 338 bus conicant, & qualiter conicant, & nar
736 335 1242 378 rabimus di gnitates eorum in illa re
743 381 1239 410 communi. hoc, scilicet si sunt ad seinuicem cau¬
741 413 1240 451 sae, & quando sunt causae, quot modis sunt
740 449 1249 490 causae. Ees autem, quibus conicat, sunt
740 492 1236 539 sicut quod vnumquodque ipsorum compre¬
741 525 1243 570 hendit essentiam suam, & essentiam
742 572 1243 614 alterius, & reliqua, qua post hoc osten
742 603 1239 642 dentur: & summatim convenit nos ita
740 645 1231 688 consyderare hic circa hanc partem
743 676 1235 727 sicut consyderauimus partem prae¬
735 716 1238 755 cedentem, videlicet sicut diximus de
732 757 1233 802 attribtuione entium sensibilium, inquam
734 794 1236 834 tum sunt entia ad seinuicem, & rerum
736 832 1240 873 quae se habent, veluti consequentia
740 869 1232 919 ad ipsa: sic etiam conuenit nos consyde
734 905 1236 957 rare hic hunc modum essendi, postea
742 945 1240 986 rractare de comparatione huius esse
736 980 1241 1026 sensibilis, & consequentium ipsius ad
740 1021 1240 1072 hoc esse intelligibile, quo facto erit
741 1058 1238 1110 comprehesa scientia entium inquantum
734 1100 1245 1148 sunt entia. & finis causarum ipsorum. &
743 1137 1242 1178 ista pars contemplationis continetur in
739 1173 1239 1210 libro Duodecimo huius scientiae libro¬
742 1213 1241 1258 rum Aristo. Et iam ex dictis patuit, quod
732 1250 1231 1298 scientia huius partis se habet vt perfe¬
742 1289 1258 1340 ctio & complementum primae partis
741 1325 952 1371 huius scientiae,
760 1363 1238 1410 N Tcum iam declaratum sit ex di
749 1375 1229 1454 Dctis quaenam sit inuentio huiusmodi par
745 1441 1223 1482 tis istius scientiae, & quae sint eius quaesita
743 1480 1241 1522 nunc consentancum est tractare de vno¬
742 1523 1235 1564 quoque ipsorum. Et dicamus quod illa pri
749 1558 1233 1600 cipia, quae ita se habent, sunt plura qua
740 1593 1238 1631 vnum, vt in scientia Naturali fuit osten
743 1630 1243 1681 sum, quoniam illud mouens, cuius esse af
739 1671 1239 1720 firmauimus paulo ante, aliud qui¬
740 1709 1238 1757 dem est qua illud, cuius esse fuit decla¬
740 1749 1235 1786 ratum in Secundo de Gnmatione anima,
736 1789 1241 1827 lium. illud namque praecedit istud natura,
