1475 2066
225 188 730 234 ueatur duobus motibus diuersis, si
239 230 733 281 sit vnum mobile super vnam magnitudi
235 268 730 320 nem. & hoc etiam potest adaptari secundum hanc po
240 304 733 346 sitionem, quam imaginati sumus, vide
238 344 737 393 licet quod huiuscemodi orbes mouentur
237 381 728 430 suis proprijs motibus super suos orbe
236 428 708 466 proprios, & motus communis est ex hoc
246 457 731 506 quod sunt partes maioris corporis, non
237 500 731 548 ex eo quod illae partes habent motum per se
236 532 731 585 sed ex eo, quod sunt pars. Sed quo pacto
241 572 731 623 istae partes inter seiuicem se subsequan¬
243 609 733 650 tur ex vno motore, cum sint sepa¬
238 650 724 696 ratae, & cur non impediant seinuicem,
236 685 730 722 iam in libro de Coelo & mundo lo¬
245 723 509 763 cuti fuimus de hoc,
282 757 737 803 vtrum autem sit possibile ponere pau
244 799 735 846 ciores motores numero, vt aliqui fue
245 845 723 886 runt opinati, videlicet quod imponam
244 881 731 922 vnicuique orbi vnum tantum motorem, a
241 910 735 954 quo primum quod moueatur sit planeta,
243 957 727 994 mox influatur ab ipso planeta virtus
236 990 732 1034 qua perficiantur alij motus proprij ill
236 1025 735 1076 planetae, & qui sunt gerera ipsius, hoc
240 1067 729 1106 equidem est impossibile, vt ex praedictis col¬
241 1101 733 1153 ligi potest, & ex dicendis adhuc post
242 1140 735 1178 hoc. Nam, si ponamus huiusmodi orbes mo
238 1183 735 1218 ueri ex conceptu rerum immaterialium,
240 1213 729 1265 alij ergo motus, qui insunt vnicuique
238 1248 736 1302 planetae, manifestum est quod non fiant
230 1292 734 1343 ex conceptione planetae, neque ex de
237 1333 719 1372 syderio ad ipsum, vt ex neris dictis a
244 1365 725 1415 paruit. Neque sunt ibi etiam virtutes in
239 1412 732 1452 fluxae a syderibus ad caeteras partes
237 1444 719 1494 sui orbis, cum non habeant de partib
232 1481 733 1522 animae, nisi id, quid sit per conceptum intelle¬
238 1518 731 1568 ctualem. Sed vtrum sit possibile quod nu
236 1556 721 1594 merus harum substantiarum sit ma¬
233 1593 733 1634 ior qua istorum motuum coelestium, non
236 1637 731 1681 equidem est impossibile. Si autem ponamus
234 1670 728 1719 inueniri aliquid horum principium praeter
230 1708 731 1746 illa, quae numerauimus, tunc illud
236 1749 727 1790 principium habebit aliquam actionem
231 1786 727 1831 sibi propriam, siue fuerit principium
231 1824 731 1867 ad vnum istorum principiorum, vt ad no
764 187 1253 240 bilius ipsorum, siue ad omnia ipsa, quem,
756 229 1248 278 admodum res se habet de primo princi
760 265 1260 311 pio, vt post hoc declarabimus: siue
761 310 1268 352 fuerit principium ad aliquas res, quae sunt
765 344 1257 393 suborbe Lunae, vt de intellectu agen¬
763 381 1263 432 te res se habet: quoniam impossibile est inue¬
766 413 1265 458 niti aliquid horum principiorum nobi
759 458 1261 498 lium, quid non habeat aliquam actio
760 495 1269 537 nem. nam impossibile est quin ex essentia
763 540 1265 575 ignis proueniat combustio. haec autem
772 572 1254 617 principia sunt agentia naturaliter.
765 612 1255 652 quemadmodum Sol illuminat na¬
769 648 1265 694 turaliter. Ad haec, si inueniretur aliquid
760 685 1248 733 horum principiorum, quod non habe
765 722 1257 762 ret aliquam actionem, natura fecis¬
764 763 1260 803 set: quid frustra, quamuis enim esse eorum
766 804 1256 850 ex prima intentione non sit propter suam
757 837 1249 874 actionem, sed ex secunda intentione
766 879 1259 914 vt ostendemus, nihilominus idem est
761 913 1257 963 in hoc, videlicet quod non inuenitur ali¬
764 957 1252 998 quod principium eorum frustratum
762 989 1258 1027 Qua propter convenit hic nos determina
763 1035 1257 1074 re quod numerus eorum est finitus & quod im
764 1070 1259 1116 possibile est iueniri principia non agentia.
784 1101 1266 1151 TPpostquam fuit declaratum hoc de
787 1140 1257 1186 ¬ numero ipsorum principiorum, con¬
760 1183 1267 1218 syderandum est quodnam habeant esse
765 1220 1261 1266 quo ve pacto moueant, & quot mo¬
764 1256 1263 1303 dis sunt principia horum corporum
767 1299 1259 1331 coelestium diuinorum. Et via huius con¬
765 1329 1257 1370 syderationis est, vt supponamus hic
767 1365 1257 1410 id, quod in scientia de Aia fuit declara¬
761 1409 1265 1456 tum: cum plura principiorum, quibus vtum
758 1443 1265 1483 tur hic, sint assumpta ab illa scientia. &
764 1480 1260 1530 nulla equidem est via ad notitiam
763 1517 1265 1569 huius generis essendi in eo, quod est si¬
763 1556 1265 1595 bi proprium, nisi post notitiam illius
766 1594 1257 1643 scientiae. Et propterea est dictum in legibus
761 1630 1265 1683 diuinis, cognosce teipsum, & cogno
759 1669 1079 1707 sces CGreatorem suum.
799 1709 1253 1747 Et dicamus quod iam in illa scientia fuit de
759 1745 1257 1794 claratum, quod formae habent duplex esse,
758 1784 1255 1826 sensibile videlicet siue simile sen¬
754 1821 1264 1868 sibili, & est illud esse, quod habent ex eo, quod
