<?xml version="1.0" encoding="UTF-8" standalone="yes"?>
<PcGts xmlns="http://schema.primaresearch.org/PAGE/gts/pagecontent/2013-07-15" xmlns:xsi="http://www.w3.org/2001/XMLSchema-instance" xsi:schemaLocation="http://schema.primaresearch.org/PAGE/gts/pagecontent/2013-07-15 http://schema.primaresearch.org/PAGE/gts/pagecontent/2013-07-15/pagecontent.xsd">
    <Metadata>
        <Creator>prov=University of Rostock/Institute of Mathematics/CITlab|PLANET AI GmbH/Gundram Leifert/gundram.leifert@planet-ai.de:name=cod-AAssXX-m2(htr_id=27673)::::v=2.6.7
prov=University of Rostock/Institute of Mathematics/CITlab|PLANET AI GmbH/Tobias Gruening/tobias.gruening@planet-ai.de:name=de.uros.citlab.module.baseline2polygon.B2PSeamMultiOriented:v=2.6.7
prov=University of Rostock/Institute of Mathematics/CITlab|PLANET AI GmbH/Tobias Gruening/tobias.gruening@planet-ai.de:name=/net_tf/LA73_249_0mod360.pb:de.uros.citlab.segmentation.CITlab_LA_ML:v=2.6.6
Transkribus</Creator>
        <Created>2020-10-30T08:03:54.195-04:00</Created>
        <LastChange>2020-11-20T19:18:36.561+01:00</LastChange>
        <TranskribusMetadata docId="528931" pageId="22411205" pageNr="778" tsid="49380974" status="IN_PROGRESS" userId="25065" imgUrl="https://files.transkribus.eu/Get?id=MIVEAADYZCJSGUTJNUQEWKJF&amp;fileType=view" xmlUrl="https://files.transkribus.eu/Get?id=BPFRYLCDBKLIAGYKVWXCOSAZ" imageId="17470586"/>
    </Metadata>
    <Page imageFilename="Averroes_Metaphysica_JuntSecunda_08-0778.jpg" imageWidth="1475" imageHeight="2066">
        <ReadingOrder>
            <OrderedGroup id="ro_1605972849005" caption="Regions reading order">
                <RegionRefIndexed index="0" regionRef="TextRegion_1605191964960_4843"/>
                <RegionRefIndexed index="1" regionRef="TextRegion_1605191964960_4842"/>
            </OrderedGroup>
        </ReadingOrder>
        <TextRegion orientation="0.0" id="TextRegion_1605191964960_4843" custom="readingOrder {index:0;}">
            <Coords points="203,114 738,114 738,1871 203,1871"/>
            <TextLine id="line_1605191887488_4808" custom="readingOrder {index:0;}">
                <Coords points="198,194 606,190 631,206 702,194 688,156 198,157"/>
                <Baseline points="203,186 228,186 254,186 280,186 306,186 332,186 358,185 384,185 410,185 436,185 462,185 488,185 514,185 540,185 566,185 592,185 618,185 644,185 670,185 697,185"/>
                <TextEquiv>
                    <Unicode>sunt in materia: &amp; esse intelligibile¬</Unicode>
                </TextEquiv>
            </TextLine>
            <TextLine id="line_1605191947254_4822" custom="readingOrder {index:1;}">
                <Coords points=""/>
                <Baseline points="1261,418"/>
            </TextLine>
            <TextLine id="line_1605191947254_4824" custom="readingOrder {index:2;}">
                <Coords points=""/>
                <Baseline points="1261,450"/>
            </TextLine>
            <TextLine id="r2l5" custom="readingOrder {index:3;}">
                <Coords points="213,234 709,235 709,197 213,204"/>
                <Baseline points="218,224 243,224 269,223 294,223 320,223 345,223 371,223 397,223 422,223 448,223 473,223 499,224 524,224 550,224 576,224 601,224 627,224 652,224 678,223 704,222"/>
                <TextEquiv>
                    <Unicode>quod quidem habent, ex eo, quod sunt denuda¬</Unicode>
                </TextEquiv>
            </TextLine>
            <TextLine id="r2l7" custom="readingOrder {index:4;}">
                <Coords points="216,271 678,275 711,266 711,237 546,230 488,244 448,230 408,253 371,234 216,243"/>
                <Baseline points="221,262 246,261 272,261 297,261 323,261 348,261 374,261 399,261 425,261 450,262 476,262 501,262 527,262 552,262 578,262 603,262 629,262 654,262 680,262 706,261"/>
                <TextEquiv>
                    <Unicode>tae a materia. Si ergo dantur formae,</Unicode>
                </TextEquiv>
            </TextLine>
            <TextLine id="r2l9" custom="readingOrder {index:5;}">
                <Coords points="207,304 352,305 376,319 395,305 646,305 658,318 715,306 708,269 639,285 513,268 498,281 207,273"/>
                <Baseline points="212,300 238,299 264,298 290,298 316,298 343,298 369,298 395,298 421,298 447,299 474,299 500,300 526,300 552,300 578,301 605,301 631,301 657,301 683,301 710,300"/>
                <TextEquiv>
                    <Unicode>habebunt quidem esse ex eo, quod non</Unicode>
                </TextEquiv>
            </TextLine>
            <TextLine id="r2l12" custom="readingOrder {index:6;}">
                <Coords points="210,345 539,340 559,358 704,346 704,316 644,309 210,309"/>
                <Baseline points="215,337 240,337 265,337 291,337 316,337 342,337 367,337 393,337 418,337 444,337 469,337 495,337 520,337 546,337 571,337 597,337 622,337 648,337 673,338 699,338"/>
                <TextEquiv>
                    <Unicode>sunt in materia: erunt igitur de ne</Unicode>
                </TextEquiv>
            </TextLine>
            <TextLine id="r2l15" custom="readingOrder {index:7;}">
                <Coords points="208,375 413,395 516,380 553,395 716,386 716,349 286,357 265,343 208,357"/>
                <Baseline points="213,375 239,375 265,375 291,375 317,375 344,375 370,375 396,375 422,375 448,375 475,375 501,375 527,375 553,375 579,375 606,375 632,375 658,375 684,376 711,376"/>
                <TextEquiv>
                    <Unicode>cessitate intelligentiae separatae. nam</Unicode>
                </TextEquiv>
            </TextLine>
            <TextLine id="r2l18" custom="readingOrder {index:8;}">
                <Coords points="217,418 349,418 364,431 386,418 711,418 711,389 678,381 334,398 217,384"/>
                <Baseline points="222,413 247,413 272,413 298,413 323,413 349,413 374,413 400,413 425,413 451,413 476,413 502,413 527,413 553,413 578,413 604,413 629,413 655,413 680,413 706,413"/>
                <TextEquiv>
                    <Unicode>formae, inquantum formae non ha</Unicode>
                </TextEquiv>
            </TextLine>
            <TextLine id="r2l22" custom="readingOrder {index:9;}">
                <Coords points="219,457 475,458 475,436 456,421 370,432 351,421 324,430 219,421"/>
                <Baseline points="224,448 251,450 278,451 306,452 333,452 360,451 388,451 415,451 442,452 470,453"/>
                <TextEquiv>
                    <Unicode>bent tertium esse.</Unicode>
                </TextEquiv>
            </TextLine>
            <TextLine id="r2l25" custom="readingOrder {index:10;}">
                <Coords points="240,482 317,507 716,498 704,453 615,470 240,468"/>
                <Baseline points="245,482 270,484 296,487 322,488 348,489 374,490 400,490 426,490 452,490 478,490 503,490 529,490 555,490 581,490 607,489 633,489 659,489 685,490 711,490"/>
                <TextEquiv>
                    <Unicode>2Tpostquam declaratum fuit quod hiusce</Unicode>
                </TextEquiv>
            </TextLine>
            <TextLine id="r2l27" custom="readingOrder {index:11;}">
                <Coords points="220,539 613,533 662,545 720,533 720,508 679,501 280,509 220,468"/>
                <Baseline points="225,527 250,527 276,527 302,527 328,527 353,527 379,527 405,527 431,527 457,527 482,528 508,528 534,528 560,528 586,528 611,528 637,528 663,527 689,527 715,527"/>
                <TextEquiv>
                    <Unicode>E. modi motores habent esse, inquan</Unicode>
                </TextEquiv>
            </TextLine>
            <TextLine id="r2l29" custom="readingOrder {index:12;}">
                <Coords points="211,571 377,569 403,588 468,571 680,578 723,570 723,534 211,541"/>
                <Baseline points="216,566 241,566 266,565 291,565 316,565 341,565 366,565 391,565 416,565 441,565 467,566 492,566 517,566 542,566 567,566 592,566 617,566 642,565 667,565 692,565 718,565"/>
                <TextEquiv>
                    <Unicode>tum sunt intelligentiae, consyderandum</Unicode>
                </TextEquiv>
            </TextLine>
            <TextLine id="r2l31" custom="readingOrder {index:13;}">
                <Coords points="215,614 705,611 705,581 215,572"/>
                <Baseline points="220,602 245,602 270,603 295,603 321,604 346,604 371,604 396,604 422,604 447,604 472,604 497,604 523,604 548,604 573,604 598,604 624,603 649,603 674,603 700,603"/>
                <TextEquiv>
                    <Unicode>igitur est quonam pacto moueant con</Unicode>
                </TextEquiv>
            </TextLine>
            <TextLine id="r2l33" custom="readingOrder {index:14;}">
                <Coords points="210,657 235,645 712,650 712,620 618,611 438,614 421,628 360,612 339,630 210,620"/>
                <Baseline points="215,639 240,640 266,641 292,641 318,641 344,642 370,642 396,642 422,642 448,642 473,642 499,642 525,641 551,641 577,641 603,641 629,641 655,641 681,642 707,642"/>
                <TextEquiv>
                    <Unicode>pora coerestia. Sed nullus restat mo</Unicode>
                </TextEquiv>
            </TextLine>
            <TextLine id="r2l34" custom="readingOrder {index:15;}">
                <Coords points="219,686 355,699 509,685 549,700 707,677 707,660 676,649 525,662 443,647 425,662 367,663 312,647 280,669 219,656"/>
                <Baseline points="224,680 249,680 274,680 299,680 324,680 349,680 374,680 400,680 425,680 450,680 475,680 500,680 525,680 551,680 576,680 601,680 626,680 651,680 676,679 702,680"/>
                <TextEquiv>
                    <Unicode>dus, nisi per modum imaginationis:</Unicode>
                </TextEquiv>
            </TextLine>
            <TextLine id="r2l37" custom="readingOrder {index:16;}">
                <Coords points="215,723 723,730 723,693 697,686 548,700 478,684 443,697 215,689"/>
                <Baseline points="220,717 246,717 272,717 298,718 324,718 351,718 377,718 403,718 429,718 455,718 482,718 508,717 534,717 560,717 586,717 613,717 639,717 665,717 691,717 718,717"/>
                <TextEquiv>
                    <Unicode>intelsecum: quam quidem sequitur desyde</Unicode>
                </TextEquiv>
            </TextLine>
            <TextLine id="r2l39" custom="readingOrder {index:17;}">
                <Coords points="217,762 281,775 328,761 719,762 719,736 695,725 669,739 591,725 217,733"/>
                <Baseline points="222,756 247,756 273,755 299,755 325,755 351,755 377,755 403,755 429,756 455,756 480,756 506,756 532,756 558,756 584,756 610,756 636,756 662,755 688,755 714,754"/>
                <TextEquiv>
                    <Unicode>rium, quemadmodum mouet forma de¬</Unicode>
                </TextEquiv>
            </TextLine>
            <TextLine id="r2l41" custom="readingOrder {index:18;}">
                <Coords points="216,802 454,798 470,814 515,799 704,802 704,775 629,764 412,774 374,761 279,775 216,763"/>
                <Baseline points="221,791 246,791 271,792 296,793 321,793 346,793 371,794 397,794 422,794 447,794 472,794 497,793 522,793 548,793 573,793 598,793 623,793 648,793 673,793 699,794"/>
                <TextEquiv>
                    <Unicode>syderati ipsum desyderans. Corpo</Unicode>
                </TextEquiv>
            </TextLine>
            <TextLine id="r2l42" custom="readingOrder {index:19;}">
                <Coords points="212,842 706,840 706,812 646,801 634,813 587,798 563,812 520,801 472,815 453,798 436,813 295,799 212,812"/>
                <Baseline points="217,832 242,832 267,831 293,831 318,831 344,831 369,831 395,831 420,831 446,831 471,831 497,832 522,832 548,832 573,832 599,832 624,832 650,832 675,831 701,831"/>
                <TextEquiv>
                    <Unicode>ra igitur coelestia habent intellsecutum de ne</Unicode>
                </TextEquiv>
            </TextLine>
            <TextLine id="r2l44" custom="readingOrder {index:20;}">
                <Coords points="218,874 495,875 512,889 538,874 715,874 715,843 681,860 629,837 441,853 407,840 302,845 281,829 218,847"/>
                <Baseline points="223,870 248,870 274,869 299,869 325,869 351,869 376,869 402,870 428,870 453,870 479,870 504,870 530,870 556,870 581,870 607,870 633,870 658,870 684,870 710,869"/>
                <TextEquiv>
                    <Unicode>cessitate, cum sint comprehensiua. &amp; </Unicode>
                </TextEquiv>
            </TextLine>
            <TextLine id="r2l46" custom="readingOrder {index:21;}">
                <Coords points="216,914 575,925 715,914 703,885 646,877 509,890 487,877 216,877"/>
                <Baseline points="221,908 246,908 272,908 298,908 323,908 349,908 375,908 401,907 426,907 452,907 478,907 504,907 529,907 555,907 581,907 607,907 632,908 658,908 684,909 710,909"/>
                <TextEquiv>
                    <Unicode>haec est demonstratio propter quid &amp; quia.</Unicode>
                </TextEquiv>
            </TextLine>
            <TextLine id="r2l48" custom="readingOrder {index:22;}">
                <Coords points="219,954 711,953 711,925 639,915 219,919"/>
                <Baseline points="224,946 249,946 274,946 300,946 325,946 350,946 376,946 401,946 426,946 452,946 477,946 503,946 528,946 553,946 579,946 604,946 629,946 655,945 680,945 706,945"/>
                <TextEquiv>
                    <Unicode>Et quoniam motus fit cum desyderio, er¬</Unicode>
                </TextEquiv>
            </TextLine>
            <TextLine id="r2l51" custom="readingOrder {index:23;}">
                <Coords points="221,1002 262,989 519,986 577,999 715,986 715,959 700,953 643,965 573,948 522,965 458,952 413,965 338,951 221,958"/>
                <Baseline points="226,983 251,983 276,983 302,983 327,983 353,983 378,983 404,983 429,983 455,983 480,983 506,983 531,983 557,983 582,983 608,983 633,983 659,983 684,983 710,983"/>
                <TextEquiv>
                    <Unicode>go habent de necessitate desyderium ratio¬</Unicode>
                </TextEquiv>
            </TextLine>
            <TextLine id="r2l53" custom="readingOrder {index:24;}">
                <Coords points="217,1030 709,1034 720,989 217,1002"/>
                <Baseline points="222,1021 247,1021 273,1022 299,1022 325,1022 351,1022 377,1022 403,1022 429,1022 455,1022 481,1022 507,1022 533,1022 559,1022 585,1022 611,1022 637,1023 663,1023 689,1023 715,1024"/>
                <TextEquiv>
                    <Unicode>nale, &amp; non habent, de partibus animae, nisi</Unicode>
                </TextEquiv>
            </TextLine>
            <TextLine id="r2l54" custom="readingOrder {index:25;}">
                <Coords points="214,1067 300,1077 501,1063 572,1077 643,1065 694,1078 721,1062 721,1040 685,1029 571,1041 214,1029"/>
                <Baseline points="219,1059 245,1059 271,1059 297,1059 323,1059 349,1059 375,1059 402,1059 428,1059 454,1059 480,1060 506,1060 532,1060 559,1059 585,1059 611,1059 637,1059 663,1058 689,1057 716,1057"/>
                <TextEquiv>
                    <Unicode>hanc partem tantum: Nam impossibile est ip¬</Unicode>
                </TextEquiv>
            </TextLine>
            <TextLine id="r2l57" custom="readingOrder {index:26;}">
                <Coords points="208,1105 714,1106 714,1078 634,1069 208,1070"/>
                <Baseline points="213,1097 239,1097 265,1097 291,1097 317,1097 343,1097 369,1097 395,1097 421,1097 447,1097 474,1097 500,1097 526,1098 552,1098 578,1098 604,1098 630,1097 656,1097 682,1097 709,1097"/>
                <TextEquiv>
                    <Unicode>sa habere sensus, cum sensus sint impo¬</Unicode>
                </TextEquiv>
            </TextLine>
            <TextLine id="r2l58" custom="readingOrder {index:27;}">
                <Coords points="218,1145 717,1146 717,1115 650,1106 630,1124 446,1103 409,1118 340,1104 218,1111"/>
                <Baseline points="223,1136 248,1136 274,1135 300,1135 325,1135 351,1135 377,1135 403,1135 428,1135 454,1135 480,1135 506,1135 531,1135 557,1135 583,1135 609,1135 634,1135 660,1135 686,1135 712,1134"/>
                <TextEquiv>
                    <Unicode>siti animalibus propter salutem eorum, &amp; per</Unicode>
                </TextEquiv>
            </TextLine>
            <TextLine id="r2l60" custom="readingOrder {index:28;}">
                <Coords points="219,1186 713,1180 713,1150 611,1141 444,1142 412,1157 219,1141"/>
                <Baseline points="224,1173 249,1173 274,1174 300,1174 325,1174 351,1174 376,1174 402,1173 427,1173 453,1173 478,1173 504,1173 529,1173 555,1174 580,1174 606,1174 631,1174 657,1174 682,1175 708,1175"/>
                <TextEquiv>
                    <Unicode>fectionem. haec autem corpora sunt aeter</Unicode>
                </TextEquiv>
            </TextLine>
            <TextLine id="r2l63" custom="readingOrder {index:29;}">
                <Coords points="215,1218 520,1216 585,1231 598,1218 711,1218 711,1182 215,1189"/>
                <Baseline points="220,1211 245,1211 271,1211 296,1211 322,1211 347,1211 373,1211 399,1211 424,1211 450,1211 475,1211 501,1211 526,1211 552,1211 578,1211 603,1211 629,1211 654,1211 680,1211 706,1211"/>
                <TextEquiv>
                    <Unicode>na. Neque habent etiam virtutes phantastit</Unicode>
                </TextEquiv>
            </TextLine>
            <TextLine id="r2l64" custom="readingOrder {index:30;}">
                <Coords points="214,1258 384,1269 432,1254 599,1254 690,1267 715,1258 715,1228 214,1229"/>
                <Baseline points="219,1249 244,1249 270,1249 296,1249 322,1249 348,1249 374,1249 399,1249 425,1249 451,1249 477,1249 503,1249 529,1249 554,1249 580,1249 606,1249 632,1249 658,1249 684,1249 710,1248"/>
                <TextEquiv>
                    <Unicode>cas, vt imaginatus est Auic. quia po</Unicode>
                </TextEquiv>
            </TextLine>
            <TextLine id="r2l67" custom="readingOrder {index:31;}">
                <Coords points="210,1297 710,1298 710,1267 614,1256 210,1261"/>
                <Baseline points="215,1287 240,1287 266,1287 292,1287 318,1287 343,1287 369,1287 395,1286 421,1286 447,1286 472,1286 498,1286 524,1286 550,1287 576,1287 601,1287 627,1287 653,1287 679,1288 705,1288"/>
                <TextEquiv>
                    <Unicode>tentiae perhantasticae non possunt rei</Unicode>
                </TextEquiv>
            </TextLine>
            <TextLine id="r2l69" custom="readingOrder {index:32;}">
                <Coords points="216,1341 714,1338 714,1305 679,1297 216,1301"/>
                <Baseline points="221,1324 246,1324 272,1325 298,1325 323,1326 349,1326 375,1326 400,1326 426,1326 452,1326 477,1326 503,1325 529,1325 554,1325 580,1325 606,1326 631,1326 657,1326 683,1327 709,1328"/>
                <TextEquiv>
                    <Unicode>periri sine sensibus, vt in scientia de Ani</Unicode>
                </TextEquiv>
            </TextLine>
            <TextLine id="r2l71" custom="readingOrder {index:33;}">
                <Coords points="213,1370 676,1366 711,1380 711,1341 688,1333 480,1349 462,1333 213,1343"/>
                <Baseline points="218,1362 243,1361 269,1361 295,1361 320,1362 346,1362 372,1362 397,1363 423,1363 449,1363 474,1363 500,1364 526,1364 551,1364 577,1364 603,1364 628,1363 654,1363 680,1362 706,1361"/>
                <TextEquiv>
                    <Unicode>ma fuit declaratum. nam intentum ip¬</Unicode>
                </TextEquiv>
            </TextLine>
            <TextLine id="r2l73" custom="readingOrder {index:34;}">
                <Coords points="210,1410 722,1410 722,1381 662,1370 638,1383 537,1369 520,1381 210,1373"/>
                <Baseline points="215,1401 240,1401 265,1401 290,1401 315,1401 340,1401 365,1401 390,1401 415,1401 440,1401 466,1401 491,1401 516,1401 541,1401 566,1401 591,1401 616,1401 641,1401 666,1401 691,1402 717,1402"/>
                <TextEquiv>
                    <Unicode>sarum virtutum phantasticarum este, vt</Unicode>
                </TextEquiv>
            </TextLine>
            <TextLine id="r2l76" custom="readingOrder {index:35;}">
                <Coords points="216,1449 720,1450 720,1421 701,1409 216,1414"/>
                <Baseline points="221,1439 247,1439 273,1439 299,1439 325,1439 351,1440 377,1440 403,1440 429,1440 455,1440 481,1440 507,1440 533,1439 559,1439 585,1439 611,1439 637,1439 663,1439 689,1440 715,1440"/>
                <TextEquiv>
                    <Unicode>animal necessario moueatur a sensibi</Unicode>
                </TextEquiv>
            </TextLine>
            <TextLine id="r2l79" custom="readingOrder {index:36;}">
                <Coords points="212,1482 301,1495 314,1482 723,1490 723,1452 675,1447 570,1460 212,1450"/>
                <Baseline points="217,1478 242,1477 267,1477 292,1477 317,1477 342,1477 367,1477 392,1477 417,1477 442,1478 467,1478 492,1478 517,1478 542,1478 567,1478 592,1478 617,1478 642,1478 667,1478 692,1478 718,1477"/>
                <TextEquiv>
                    <Unicode>libus post eorum priuationem. &amp; hoc</Unicode>
                </TextEquiv>
            </TextLine>
            <TextLine id="r2l83" custom="readingOrder {index:37;}">
                <Coords points="217,1522 290,1533 719,1519 719,1495 696,1483 478,1496 217,1487"/>
                <Baseline points="222,1516 247,1516 273,1515 299,1515 325,1515 351,1515 377,1515 403,1515 429,1515 455,1515 480,1515 506,1515 532,1515 558,1516 584,1516 610,1516 636,1515 662,1515 688,1515 714,1515"/>
                <TextEquiv>
                    <Unicode>est vtposcum sit propter saluationem &amp; perfe¬</Unicode>
                </TextEquiv>
            </TextLine>
            <TextLine id="r2l85" custom="readingOrder {index:38;}">
                <Coords points="212,1561 719,1562 719,1525 212,1531"/>
                <Baseline points="217,1552 243,1553 269,1553 295,1553 321,1554 347,1554 373,1554 400,1554 426,1554 452,1554 478,1553 504,1553 530,1553 557,1553 583,1553 609,1553 635,1554 661,1554 687,1555 714,1555"/>
                <TextEquiv>
                    <Unicode>ctionem. Adhuc, si res ita se haberet in</Unicode>
                </TextEquiv>
            </TextLine>
            <TextLine id="r2l87" custom="readingOrder {index:39;}">
                <Coords points="212,1602 590,1598 652,1611 719,1598 719,1572 435,1560 350,1573 335,1560 212,1573"/>
                <Baseline points="217,1591 243,1591 269,1591 295,1591 321,1591 347,1591 373,1591 400,1591 426,1591 452,1591 478,1591 504,1591 530,1591 557,1591 583,1591 609,1591 635,1592 661,1592 687,1592 714,1592"/>
                <TextEquiv>
                    <Unicode>corporibus coelestibus, vt est opina¬</Unicode>
                </TextEquiv>
            </TextLine>
            <TextLine id="r2l89" custom="readingOrder {index:40;}">
                <Coords points="220,1638 697,1643 712,1638 712,1600 645,1612 220,1605"/>
                <Baseline points="225,1630 250,1630 275,1630 301,1630 326,1630 351,1631 377,1631 402,1631 427,1631 453,1631 478,1631 504,1631 529,1631 554,1631 580,1631 605,1631 630,1631 656,1632 681,1632 707,1632"/>
                <TextEquiv>
                    <Unicode>tus Aui. videlicet quod imaginentur situs</Unicode>
                </TextEquiv>
            </TextLine>
            <TextLine id="r2l91" custom="readingOrder {index:41;}">
                <Coords points="215,1674 261,1688 322,1673 358,1686 384,1674 715,1682 716,1643 216,1642"/>
                <Baseline points="220,1667 245,1666 271,1666 297,1666 323,1667 348,1667 374,1667 400,1668 426,1668 452,1668 477,1669 503,1669 529,1670 555,1670 581,1670 606,1670 632,1670 658,1670 684,1669 710,1669"/>
                <TextEquiv>
                    <Unicode>supe quos permutantur, tunc eorum mots</Unicode>
                </TextEquiv>
            </TextLine>
            <TextLine id="r2l93" custom="readingOrder {index:42;}">
                <Coords points="211,1715 638,1723 712,1714 712,1684 211,1685"/>
                <Baseline points="216,1708 241,1707 267,1707 293,1706 319,1706 345,1706 371,1706 396,1706 422,1706 448,1706 474,1707 500,1707 526,1707 551,1707 577,1708 603,1708 629,1708 655,1707 681,1707 707,1707"/>
                <TextEquiv>
                    <Unicode>non esset vnus, &amp; continnus, vt ve</Unicode>
                </TextEquiv>
            </TextLine>
            <TextLine id="r2l95" custom="readingOrder {index:43;}">
                <Coords points="214,1753 715,1755 715,1726 673,1716 214,1725"/>
                <Baseline points="219,1745 244,1745 270,1745 296,1745 322,1745 348,1745 374,1745 399,1745 425,1745 451,1745 477,1745 503,1745 529,1745 554,1745 580,1746 606,1746 632,1746 658,1746 684,1746 710,1745"/>
                <TextEquiv>
                    <Unicode>niant vnus post alium contrarium, v</Unicode>
                </TextEquiv>
            </TextLine>
            <TextLine id="r2l97" custom="readingOrder {index:44;}">
                <Coords points="218,1795 714,1794 714,1765 651,1757 218,1756"/>
                <Baseline points="223,1783 248,1783 274,1783 299,1783 325,1784 350,1784 376,1784 402,1784 427,1784 453,1784 478,1784 504,1784 529,1784 555,1784 581,1784 606,1784 632,1784 657,1784 683,1785 709,1785"/>
                <TextEquiv>
                    <Unicode>delicet rerum phantasiatarum, &amp; con</Unicode>
                </TextEquiv>
            </TextLine>
            <TextLine id="r2l100" custom="readingOrder {index:45;}">
                <Coords points="213,1830 294,1842 716,1834 716,1792 213,1804"/>
                <Baseline points="218,1823 243,1823 269,1824 295,1824 321,1824 347,1824 373,1825 399,1825 425,1825 451,1825 477,1824 503,1824 529,1824 555,1824 581,1824 607,1824 633,1824 659,1824 685,1824 711,1824"/>
                <TextEquiv>
                    <Unicode>tra id, quod in eis est. Habent tamen sit</Unicode>
                </TextEquiv>
            </TextLine>
            <TextEquiv>
                <Unicode>sunt in materia: &amp; esse intelligibile¬
quod quidem habent, ex eo, quod sunt denuda¬
tae a materia. Si ergo dantur formae,
habebunt quidem esse ex eo, quod non
sunt in materia: erunt igitur de ne
cessitate intelligentiae separatae. nam
formae, inquantum formae non ha
bent tertium esse.
2Tpostquam declaratum fuit quod hiusce
E. modi motores habent esse, inquan
tum sunt intelligentiae, consyderandum
igitur est quonam pacto moueant con
pora coerestia. Sed nullus restat mo
dus, nisi per modum imaginationis:
intelsecum: quam quidem sequitur desyde
rium, quemadmodum mouet forma de¬
syderati ipsum desyderans. Corpo
ra igitur coelestia habent intellsecutum de ne
cessitate, cum sint comprehensiua. &amp; 
haec est demonstratio propter quid &amp; quia.
Et quoniam motus fit cum desyderio, er¬
go habent de necessitate desyderium ratio¬
nale, &amp; non habent, de partibus animae, nisi
hanc partem tantum: Nam impossibile est ip¬
sa habere sensus, cum sensus sint impo¬
siti animalibus propter salutem eorum, &amp; per
fectionem. haec autem corpora sunt aeter
na. Neque habent etiam virtutes phantastit
cas, vt imaginatus est Auic. quia po
tentiae perhantasticae non possunt rei
periri sine sensibus, vt in scientia de Ani
ma fuit declaratum. nam intentum ip¬
sarum virtutum phantasticarum este, vt
animal necessario moueatur a sensibi
libus post eorum priuationem. &amp; hoc
est vtposcum sit propter saluationem &amp; perfe¬
ctionem. Adhuc, si res ita se haberet in
corporibus coelestibus, vt est opina¬
tus Aui. videlicet quod imaginentur situs
supe quos permutantur, tunc eorum mots
non esset vnus, &amp; continnus, vt ve
niant vnus post alium contrarium, v
delicet rerum phantasiatarum, &amp; con
tra id, quod in eis est. Habent tamen sit</Unicode>
            </TextEquiv>
        </TextRegion>
        <TextRegion orientation="0.0" id="TextRegion_1605191964960_4842" custom="readingOrder {index:1;}">
            <Coords points="738,114 1261,114 1261,1871 738,1871"/>
            <TextLine id="line_1605191947252_4818" custom="readingOrder {index:0;}">
                <Coords points="746,192 1237,194 1266,178 1266,165 1183,149 1144,148 1125,167 1098,149 1072,165 1011,152 970,164 954,149 904,166 845,165 829,149 800,165 746,158"/>
                <Baseline points="751,183 779,183 807,183 836,183 864,183 892,184 921,184 949,184 977,184 1006,184 1034,184 1063,184 1091,183 1119,183 1148,183 1176,183 1204,182 1233,182 1261,181"/>
                <TextEquiv>
                    <Unicode>quodam accidentis modo, &amp; in re¬</Unicode>
                </TextEquiv>
            </TextLine>
            <TextLine id="r2l4" custom="readingOrder {index:1;}">
                <Coords points="745,227 1251,227 1251,201 1188,189 1066,204 745,193"/>
                <Baseline points="750,222 776,222 802,222 828,222 854,222 880,223 906,223 932,223 958,223 984,223 1011,223 1037,223 1063,223 1089,222 1115,222 1141,222 1167,221 1193,221 1219,220 1246,219"/>
                <TextEquiv>
                    <Unicode>latione vnius ad alium. nam declina¬</Unicode>
                </TextEquiv>
            </TextLine>
            <TextLine id="r2l6" custom="readingOrder {index:2;}">
                <Coords points="740,266 813,278 843,265 1184,266 1199,278 1242,266 1242,235 740,237"/>
                <Baseline points="745,260 770,260 796,261 822,261 848,261 874,261 900,261 926,261 952,261 978,261 1003,260 1029,260 1055,260 1081,260 1107,260 1133,259 1159,259 1185,260 1211,260 1237,260"/>
                <TextEquiv>
                    <Unicode>tio, quam habet motus Solis, est quid</Unicode>
                </TextEquiv>
            </TextLine>
            <TextLine id="r2l8" custom="readingOrder {index:3;}">
                <Coords points="748,305 1099,302 1199,318 1246,306 1246,268 748,277"/>
                <Baseline points="753,299 778,299 804,299 830,299 855,299 881,299 907,299 932,299 958,299 984,299 1009,299 1035,299 1061,299 1086,299 1112,299 1138,298 1163,298 1189,298 1215,298 1241,298"/>
                <TextEquiv>
                    <Unicode>ortum ex sit u orbis eius ad magnum</Unicode>
                </TextEquiv>
            </TextLine>
            <TextLine id="r2l11" custom="readingOrder {index:4;}">
                <Coords points="745,346 905,355 1015,341 1039,354 1086,340 1215,354 1249,346 1249,316 1069,304 1055,318 854,306 745,318"/>
                <Baseline points="750,335 776,335 802,336 828,336 854,336 880,336 906,336 932,336 958,336 984,336 1010,336 1036,336 1062,336 1088,336 1114,336 1140,336 1166,336 1192,336 1218,335 1244,335"/>
                <TextEquiv>
                    <Unicode>orbem. Si ergo est impossibile haec corpo</Unicode>
                </TextEquiv>
            </TextLine>
            <TextLine id="r2l14" custom="readingOrder {index:5;}">
                <Coords points="743,387 1245,378 1231,351 1087,342 1042,362 1008,344 743,353"/>
                <Baseline points="748,374 773,374 799,375 825,375 851,375 877,375 903,375 929,375 955,375 981,375 1006,375 1032,375 1058,375 1084,375 1110,374 1136,374 1162,374 1188,373 1214,373 1240,372"/>
                <TextEquiv>
                    <Unicode>ra habere phantasiam, minime quo¬ </Unicode>
                </TextEquiv>
            </TextLine>
            <TextLine id="r2l17" custom="readingOrder {index:6;}">
                <Coords points="743,419 763,433 854,417 1054,417 1069,430 1240,417 1241,389 744,391"/>
                <Baseline points="749,412 774,412 800,412 825,412 851,413 877,413 902,413 928,413 954,413 979,413 1005,413 1030,414 1056,414 1082,413 1107,413 1133,413 1159,413 1184,413 1210,412 1236,412"/>
                <TextEquiv>
                    <Unicode>que habebunt motus particulares,</Unicode>
                </TextEquiv>
            </TextLine>
            <TextLine id="r2l21" custom="readingOrder {index:7;}">
                <Coords points="746,456 1244,459 1244,429 1179,420 979,432 784,421 768,433 746,422"/>
                <Baseline points="751,451 776,451 802,451 828,451 853,451 879,452 905,452 930,451 956,451 982,451 1007,451 1033,451 1059,451 1084,451 1110,451 1136,451 1161,451 1187,451 1213,451 1239,451"/>
                <TextEquiv>
                    <Unicode>se d eorum motus est vnus continuus</Unicode>
                </TextEquiv>
            </TextLine>
            <TextLine id="r2l24" custom="readingOrder {index:8;}">
                <Coords points="742,498 1047,489 1206,507 1244,495 1234,461 742,460"/>
                <Baseline points="747,488 772,488 798,489 824,489 850,489 876,489 902,489 928,489 954,489 980,489 1005,489 1031,489 1057,489 1083,489 1109,489 1135,489 1161,489 1187,489 1213,489 1239,490"/>
                <TextEquiv>
                    <Unicode>hoc modo, quem dicam. videlicet, quod cum</Unicode>
                </TextEquiv>
            </TextLine>
            <TextLine id="r2l26" custom="readingOrder {index:9;}">
                <Coords points="747,537 1253,538 1253,496 1160,501 1144,516 1122,498 1021,509 987,493 949,508 927,488 900,506 808,509 747,495"/>
                <Baseline points="752,527 778,527 804,528 830,528 856,528 882,528 908,528 934,528 960,527 986,527 1013,527 1039,527 1065,527 1091,527 1117,527 1143,527 1169,527 1195,527 1221,527 1248,527"/>
                <TextEquiv>
                    <Unicode>ipsa comprehendant bonum, quorum</Unicode>
                </TextEquiv>
            </TextLine>
            <TextLine id="r2l28" custom="readingOrder {index:10;}">
                <Coords points="749,583 803,569 1140,568 1181,582 1247,570 1247,548 1209,536 749,541"/>
                <Baseline points="754,565 779,565 805,565 831,565 856,565 882,565 908,565 933,565 959,565 985,565 1010,565 1036,565 1062,565 1087,565 1113,565 1139,564 1164,564 1190,564 1216,563 1242,563"/>
                <TextEquiv>
                    <Unicode>perfectio consistit in eius conceptio¬</Unicode>
                </TextEquiv>
            </TextLine>
            <TextLine id="r2l30" custom="readingOrder {index:11;}">
                <Coords points="749,609 1165,607 1214,622 1253,609 1253,585 1159,573 749,583"/>
                <Baseline points="754,603 780,603 806,603 832,603 858,603 884,603 910,603 936,603 962,603 988,603 1014,603 1040,603 1066,603 1092,603 1118,603 1144,603 1170,602 1196,602 1222,601 1248,600"/>
                <TextEquiv>
                    <Unicode>ne, desyderant assimilari sibi secundum per¬</Unicode>
                </TextEquiv>
            </TextLine>
            <TextLine id="r2l32" custom="readingOrder {index:12;}">
                <Coords points="741,650 1251,650 1239,613 740,618"/>
                <Baseline points="745,640 770,640 795,641 820,641 845,641 870,642 895,642 920,642 945,642 970,641 995,641 1020,641 1045,641 1070,641 1095,640 1120,640 1145,640 1170,640 1195,640 1220,640 1245,641"/>
                <TextEquiv>
                    <Unicode>fectionem sic, videlicet quod perueniant</Unicode>
                </TextEquiv>
            </TextLine>
            <TextLine id="r2l35" custom="readingOrder {index:13;}">
                <Coords points="746,690 1243,681 1243,658 1222,650 746,658"/>
                <Baseline points="751,678 776,679 802,679 827,680 853,680 879,680 904,680 930,680 956,680 981,679 1007,679 1032,679 1058,679 1084,679 1109,679 1135,679 1161,679 1186,680 1212,681 1238,681"/>
                <TextEquiv>
                    <Unicode>ex eorum esse ad nobiliorem rerum</Unicode>
                </TextEquiv>
            </TextLine>
            <TextLine id="r2l36" custom="readingOrder {index:14;}">
                <Coords points="744,720 766,737 784,721 928,722 940,734 963,721 1118,723 1135,736 1150,722 1242,722 1242,692 1163,684 1084,697 1005,685 744,693"/>
                <Baseline points="749,717 774,716 800,716 826,716 851,716 877,716 903,716 928,716 954,716 980,716 1005,717 1031,717 1057,717 1082,717 1108,717 1134,717 1159,717 1185,718 1211,718 1237,718"/>
                <TextEquiv>
                    <Unicode>quae sunt sibi possibiles, &amp; quia me</Unicode>
                </TextEquiv>
            </TextLine>
            <TextLine id="r2l38" custom="readingOrder {index:15;}">
                <Coords points="740,762 847,762 867,776 889,762 1033,761 1077,775 1240,762 1240,734 1221,725 1138,737 832,724 770,738 740,726"/>
                <Baseline points="745,755 770,755 796,755 822,755 848,755 873,755 899,755 925,755 951,755 977,755 1002,755 1028,755 1054,755 1080,755 1106,755 1131,755 1157,755 1183,755 1209,755 1235,755"/>
                <TextEquiv>
                    <Unicode>lius est quod moueantur quam quod quie</Unicode>
                </TextEquiv>
            </TextLine>
            <TextLine id="r2l40" custom="readingOrder {index:16;}">
                <Coords points="742,802 1250,802 1250,773 1224,765 1187,778 1038,762 834,781 742,769"/>
                <Baseline points="747,793 773,793 799,793 825,793 851,793 878,793 904,793 930,793 956,793 982,793 1009,793 1035,793 1061,793 1087,793 1113,793 1140,793 1166,793 1192,793 1218,794 1245,794"/>
                <TextEquiv>
                    <Unicode>scant, cum motus sit quaedam vita</Unicode>
                </TextEquiv>
            </TextLine>
            <TextLine id="r2l43" custom="readingOrder {index:17;}">
                <Coords points="749,836 1251,842 1251,812 1152,800 1131,813 1103,800 1081,813 1040,799 1007,812 960,798 749,805"/>
                <Baseline points="754,831 779,831 805,831 831,831 857,831 883,831 909,831 935,831 961,831 987,831 1012,831 1038,831 1064,831 1090,831 1116,831 1142,831 1168,831 1194,831 1220,831 1246,831"/>
                <TextEquiv>
                    <Unicode>rebus naturalibus, ideo sunt in con¬</Unicode>
                </TextEquiv>
            </TextLine>
            <TextLine id="r2l45" custom="readingOrder {index:18;}">
                <Coords points="749,877 1161,873 1200,888 1247,874 1247,845 1117,837 749,845"/>
                <Baseline points="754,870 779,870 805,870 831,870 856,870 882,870 908,870 933,870 959,870 985,870 1010,870 1036,870 1062,870 1087,870 1113,870 1139,870 1164,870 1190,869 1216,869 1242,869"/>
                <TextEquiv>
                    <Unicode>tinuo motu, &amp; hoc non est, propte¬</Unicode>
                </TextEquiv>
            </TextLine>
            <TextLine id="r2l47" custom="readingOrder {index:19;}">
                <Coords points="749,914 814,926 832,913 1045,913 1065,927 1153,913 1182,928 1245,913 1245,879 749,885"/>
                <Baseline points="754,907 779,907 805,907 830,908 856,908 881,908 907,908 933,908 958,908 984,908 1009,908 1035,908 1060,908 1086,908 1112,908 1137,908 1163,908 1188,908 1214,908 1240,909"/>
                <TextEquiv>
                    <Unicode>rea qui a eorum conceptio sit gratia</Unicode>
                </TextEquiv>
            </TextLine>
            <TextLine id="r2l49" custom="readingOrder {index:20;}">
                <Coords points="751,954 1249,954 1249,922 751,925"/>
                <Baseline points="756,945 781,946 807,946 833,946 858,946 884,946 910,946 935,946 961,946 987,946 1012,946 1038,946 1064,946 1089,946 1115,946 1141,946 1166,946 1192,946 1218,946 1244,947"/>
                <TextEquiv>
                    <Unicode>motus. nam, si ita esset, tunc nobile¬</Unicode>
                </TextEquiv>
            </TextLine>
            <TextLine id="r2l50" custom="readingOrder {index:21;}">
                <Coords points="744,992 826,1003 1147,988 1197,1003 1253,994 1253,956 838,965 790,951 744,965"/>
                <Baseline points="749,984 775,984 801,984 827,984 854,983 880,983 906,983 932,983 959,983 985,983 1011,983 1037,983 1064,983 1090,984 1116,984 1142,984 1169,984 1195,984 1221,983 1248,983"/>
                <TextEquiv>
                    <Unicode>esset propter minus nobile. sed quia</Unicode>
                </TextEquiv>
            </TextLine>
            <TextLine id="r2l52" custom="readingOrder {index:22;}">
                <Coords points="750,1027 858,1040 883,1027 1072,1040 1242,1030 1242,1002 1201,1006 1178,991 750,997"/>
                <Baseline points="755,1023 780,1023 805,1023 831,1023 856,1023 881,1023 907,1023 932,1022 957,1022 983,1022 1008,1022 1034,1022 1059,1022 1084,1022 1110,1022 1135,1022 1160,1022 1186,1023 1211,1023 1237,1024"/>
                <TextEquiv>
                    <Unicode>motus prouenit ex illa perfectione,</Unicode>
                </TextEquiv>
            </TextLine>
            <TextLine id="r2l55" custom="readingOrder {index:23;}">
                <Coords points="748,1066 830,1065 852,1080 872,1065 1053,1078 1071,1065 1249,1065 1249,1032 1226,1028 1033,1045 984,1028 860,1040 748,1029"/>
                <Baseline points="753,1059 778,1060 804,1060 830,1060 856,1060 882,1060 908,1060 933,1060 959,1060 985,1060 1011,1060 1037,1060 1063,1060 1088,1060 1114,1059 1140,1059 1166,1059 1192,1059 1218,1059 1244,1059"/>
                <TextEquiv>
                    <Unicode>&amp; insequitur ipsam, quemadmodum</Unicode>
                </TextEquiv>
            </TextLine>
            <TextLine id="r2l56" custom="readingOrder {index:24;}">
                <Coords points="740,1106 1250,1106 1250,1069 740,1069"/>
                <Baseline points="745,1097 770,1097 795,1097 820,1098 845,1098 870,1098 895,1098 920,1098 945,1098 970,1098 995,1098 1020,1098 1045,1097 1070,1097 1095,1097 1120,1097 1145,1097 1170,1097 1195,1098 1220,1098 1245,1098"/>
                <TextEquiv>
                    <Unicode>insequitur combustio formam ignis:</Unicode>
                </TextEquiv>
            </TextLine>
            <TextLine id="r2l59" custom="readingOrder {index:25;}">
                <Coords points="745,1146 1251,1146 1251,1113 1216,1104 1192,1119 745,1111"/>
                <Baseline points="750,1136 776,1136 802,1136 828,1135 854,1135 880,1135 906,1135 932,1135 958,1135 984,1135 1011,1136 1037,1136 1063,1136 1089,1136 1115,1136 1141,1136 1167,1135 1193,1135 1219,1135 1246,1134"/>
                <TextEquiv>
                    <Unicode>&amp; sicut quando nos peruenimus ad vlti¬</Unicode>
                </TextEquiv>
            </TextLine>
            <TextLine id="r2l61" custom="readingOrder {index:26;}">
                <Coords points="752,1182 839,1194 869,1179 1252,1178 1240,1149 1146,1140 1039,1157 900,1141 876,1154 751,1149"/>
                <Baseline points="756,1175 781,1174 807,1174 833,1174 859,1174 884,1174 910,1174 936,1174 962,1174 988,1174 1013,1174 1039,1175 1065,1174 1091,1174 1117,1174 1142,1174 1168,1173 1194,1172 1220,1171 1246,1170"/>
                <TextEquiv>
                    <Unicode>mam perfectionem, est melius no¬</Unicode>
                </TextEquiv>
            </TextLine>
            <TextLine id="r2l62" custom="readingOrder {index:27;}">
                <Coords points="747,1218 806,1229 843,1216 1057,1217 1085,1231 1106,1218 1255,1218 1255,1189 1172,1179 871,1181 841,1195 747,1180"/>
                <Baseline points="752,1211 778,1211 804,1211 830,1211 856,1211 883,1211 909,1211 935,1211 961,1211 987,1211 1014,1211 1040,1211 1066,1211 1092,1211 1118,1211 1145,1211 1171,1211 1197,1211 1223,1210 1250,1210"/>
                <TextEquiv>
                    <Unicode>bis quod influamus de illa perfectione</Unicode>
                </TextEquiv>
            </TextLine>
            <TextLine id="r2l65" custom="readingOrder {index:28;}">
                <Coords points="746,1258 989,1266 1034,1254 1147,1268 1240,1259 1240,1221 746,1229"/>
                <Baseline points="751,1249 776,1249 801,1250 827,1250 852,1250 878,1250 903,1250 929,1250 954,1250 980,1250 1005,1250 1031,1250 1056,1250 1082,1249 1107,1249 1133,1249 1158,1249 1184,1249 1209,1249 1235,1249"/>
                <TextEquiv>
                    <Unicode>aliis iuxta posse, non quod perfectio</Unicode>
                </TextEquiv>
            </TextLine>
            <TextLine id="r2l68" custom="readingOrder {index:29;}">
                <Coords points="744,1294 892,1307 958,1293 1253,1298 1253,1262 901,1270 809,1254 744,1269"/>
                <Baseline points="749,1288 775,1287 801,1287 827,1287 854,1287 880,1287 906,1287 932,1287 959,1287 985,1287 1011,1287 1037,1287 1064,1287 1090,1288 1116,1288 1142,1288 1169,1287 1195,1287 1221,1287 1248,1287"/>
                <TextEquiv>
                    <Unicode>nostra sit propter aliud: ita res se ha</Unicode>
                </TextEquiv>
            </TextLine>
            <TextLine id="r2l70" custom="readingOrder {index:30;}">
                <Coords points="750,1333 1253,1337 1253,1301 750,1297"/>
                <Baseline points="755,1326 780,1326 806,1326 832,1326 858,1326 884,1326 910,1326 936,1326 962,1326 988,1326 1014,1326 1040,1326 1066,1326 1092,1326 1118,1326 1144,1326 1170,1326 1196,1326 1222,1326 1248,1326"/>
                <TextEquiv>
                    <Unicode>bet de corporibus coelestibus cum</Unicode>
                </TextEquiv>
            </TextLine>
            <TextLine id="r2l72" custom="readingOrder {index:31;}">
                <Coords points="747,1370 814,1381 827,1369 1252,1370 1253,1342 748,1333"/>
                <Baseline points="752,1364 778,1363 804,1363 830,1363 856,1363 882,1364 908,1364 934,1364 960,1364 986,1364 1012,1364 1038,1364 1064,1365 1090,1365 1116,1365 1142,1365 1168,1364 1194,1364 1220,1364 1247,1363"/>
                <TextEquiv>
                    <Unicode>his, quae sunt inferiora illis. &amp; hoc de¬</Unicode>
                </TextEquiv>
            </TextLine>
            <TextLine id="r2l74" custom="readingOrder {index:32;}">
                <Coords points="750,1410 1142,1407 1189,1422 1251,1410 1251,1373 750,1381"/>
                <Baseline points="755,1402 780,1402 806,1402 832,1402 858,1403 884,1403 910,1403 935,1403 961,1403 987,1403 1013,1403 1039,1403 1065,1403 1090,1403 1116,1403 1142,1403 1168,1403 1194,1403 1220,1403 1246,1403"/>
                <TextEquiv>
                    <Unicode>clarabimus post hoc. Ex his ergo di</Unicode>
                </TextEquiv>
            </TextLine>
            <TextLine id="r2l77" custom="readingOrder {index:33;}">
                <Coords points="756,1445 851,1459 1250,1450 1250,1420 1155,1422 1140,1408 1124,1422 1112,1410 894,1422 756,1408"/>
                <Baseline points="761,1439 786,1439 811,1439 837,1439 862,1439 888,1440 913,1440 939,1440 964,1440 990,1440 1015,1440 1041,1440 1066,1440 1092,1441 1117,1441 1143,1441 1168,1441 1194,1441 1219,1441 1245,1441"/>
                <TextEquiv>
                    <Unicode>ctis apparet quodnam esse habeant</Unicode>
                </TextEquiv>
            </TextLine>
            <TextLine id="r2l80" custom="readingOrder {index:34;}">
                <Coords points="751,1486 984,1497 1251,1484 1251,1457 1230,1446 1195,1461 1142,1446 1055,1461 751,1448"/>
                <Baseline points="756,1479 781,1479 807,1479 833,1479 859,1479 884,1479 910,1479 936,1479 962,1479 988,1479 1013,1479 1039,1479 1065,1479 1091,1479 1117,1479 1142,1479 1168,1479 1194,1479 1220,1479 1246,1479"/>
                <TextEquiv>
                    <Unicode>isti motores, &amp; quo modo fit motio</Unicode>
                </TextEquiv>
            </TextLine>
            <TextLine id="r2l84" custom="readingOrder {index:35;}">
                <Coords points="757,1533 899,1518 981,1535 1027,1518 1254,1522 1254,1486 1163,1485 1128,1501 917,1487 898,1503 792,1485 757,1498"/>
                <Baseline points="762,1517 787,1517 813,1517 838,1517 864,1517 890,1517 915,1517 941,1517 967,1517 992,1517 1018,1517 1043,1517 1069,1517 1095,1517 1120,1517 1146,1517 1172,1518 1197,1518 1223,1518 1249,1518"/>
                <TextEquiv>
                    <Unicode>ipsorum. Ex quo etiam ostenditur</Unicode>
                </TextEquiv>
            </TextLine>
            <TextLine id="r2l86" custom="readingOrder {index:36;}">
                <Coords points="754,1567 1035,1558 1230,1570 1258,1563 1258,1534 857,1524 754,1536"/>
                <Baseline points="759,1554 785,1555 811,1555 837,1555 863,1555 889,1556 915,1556 941,1556 967,1556 993,1556 1019,1556 1045,1555 1071,1555 1097,1555 1123,1555 1149,1555 1175,1555 1201,1555 1227,1556 1253,1556"/>
                <TextEquiv>
                    <Unicode>quod non sunt tantum motores corpo</Unicode>
                </TextEquiv>
            </TextLine>
            <TextLine id="r2l88" custom="readingOrder {index:37;}">
                <Coords points="753,1602 1253,1600 1253,1572 1210,1562 1138,1574 1096,1562 933,1573 907,1560 888,1573 753,1570"/>
                <Baseline points="758,1594 783,1594 809,1593 835,1593 861,1593 886,1593 912,1593 938,1593 964,1593 990,1593 1015,1593 1041,1593 1067,1593 1093,1594 1119,1594 1144,1594 1170,1594 1196,1594 1222,1593 1248,1593"/>
                <TextEquiv>
                    <Unicode>rum coelestium, immo dant eis for¬</Unicode>
                </TextEquiv>
            </TextLine>
            <TextLine id="r2l90" custom="readingOrder {index:38;}">
                <Coords points="752,1637 1259,1642 1259,1612 1204,1601 752,1612"/>
                <Baseline points="757,1631 783,1631 809,1632 835,1632 861,1632 887,1632 913,1632 940,1632 966,1631 992,1631 1018,1631 1044,1631 1070,1631 1097,1631 1123,1631 1149,1632 1175,1632 1201,1632 1227,1632 1254,1632"/>
                <TextEquiv>
                    <Unicode>mas suas, quibus sunt id, quod sunt.</Unicode>
                </TextEquiv>
            </TextLine>
            <TextLine id="r2l92" custom="readingOrder {index:39;}">
                <Coords points="756,1682 1259,1682 1250,1645 756,1640"/>
                <Baseline points="761,1670 786,1670 812,1670 838,1670 864,1670 890,1670 916,1670 942,1670 968,1669 994,1669 1020,1669 1046,1669 1072,1669 1098,1669 1124,1670 1150,1670 1176,1670 1202,1670 1228,1671 1254,1671"/>
                <TextEquiv>
                    <Unicode>Nam, si ipsi tollantur, nequaquam</Unicode>
                </TextEquiv>
            </TextLine>
            <TextLine id="r2l94" custom="readingOrder {index:40;}">
                <Coords points="753,1713 791,1725 806,1713 1048,1713 1070,1727 1093,1714 1253,1714 1253,1685 1239,1680 753,1685"/>
                <Baseline points="758,1708 783,1707 809,1707 835,1707 861,1707 886,1707 912,1707 938,1708 964,1708 990,1708 1015,1709 1041,1709 1067,1709 1093,1709 1119,1709 1144,1709 1170,1709 1196,1709 1222,1708 1248,1707"/>
                <TextEquiv>
                    <Unicode>reperietur forma corporum circus¬</Unicode>
                </TextEquiv>
            </TextLine>
            <TextLine id="r2l96" custom="readingOrder {index:41;}">
                <Coords points="751,1751 884,1763 1252,1753 1252,1726 1186,1715 1111,1726 751,1716"/>
                <Baseline points="756,1746 781,1746 807,1746 833,1746 859,1746 885,1746 911,1746 936,1746 962,1746 988,1746 1014,1746 1040,1746 1066,1746 1091,1746 1117,1746 1143,1746 1169,1746 1195,1746 1221,1746 1247,1746"/>
                <TextEquiv>
                    <Unicode>larium: quemadmodum si tollatur</Unicode>
                </TextEquiv>
            </TextLine>
            <TextLine id="r2l98" custom="readingOrder {index:42;}">
                <Coords points="744,1787 926,1802 1259,1794 1259,1763 744,1759"/>
                <Baseline points="749,1784 774,1784 799,1783 824,1783 850,1783 875,1783 900,1783 925,1783 951,1784 976,1784 1001,1784 1026,1784 1052,1784 1077,1784 1102,1784 1127,1784 1153,1784 1178,1784 1203,1784 1228,1784 1254,1783"/>
                <TextEquiv>
                    <Unicode>intellectus, quifest in actu, tunc non </Unicode>
                </TextEquiv>
            </TextLine>
            <TextLine id="r2l99" custom="readingOrder {index:43;}">
                <Coords points="745,1834 1183,1835 1252,1825 1252,1797 745,1798"/>
                <Baseline points="750,1824 776,1824 802,1824 828,1824 854,1824 880,1824 906,1824 933,1824 959,1824 985,1824 1011,1824 1037,1824 1063,1823 1090,1823 1116,1823 1142,1822 1168,1822 1194,1821 1220,1821 1247,1819"/>
                <TextEquiv>
                    <Unicode>inerit nobis vltima perfectio. &amp; ideo</Unicode>
                </TextEquiv>
            </TextLine>
            <TextEquiv>
                <Unicode>quodam accidentis modo, &amp; in re¬
latione vnius ad alium. nam declina¬
tio, quam habet motus Solis, est quid
ortum ex sit u orbis eius ad magnum
orbem. Si ergo est impossibile haec corpo
ra habere phantasiam, minime quo¬ 
que habebunt motus particulares,
se d eorum motus est vnus continuus
hoc modo, quem dicam. videlicet, quod cum
ipsa comprehendant bonum, quorum
perfectio consistit in eius conceptio¬
ne, desyderant assimilari sibi secundum per¬
fectionem sic, videlicet quod perueniant
ex eorum esse ad nobiliorem rerum
quae sunt sibi possibiles, &amp; quia me
lius est quod moueantur quam quod quie
scant, cum motus sit quaedam vita
rebus naturalibus, ideo sunt in con¬
tinuo motu, &amp; hoc non est, propte¬
rea qui a eorum conceptio sit gratia
motus. nam, si ita esset, tunc nobile¬
esset propter minus nobile. sed quia
motus prouenit ex illa perfectione,
&amp; insequitur ipsam, quemadmodum
insequitur combustio formam ignis:
&amp; sicut quando nos peruenimus ad vlti¬
mam perfectionem, est melius no¬
bis quod influamus de illa perfectione
aliis iuxta posse, non quod perfectio
nostra sit propter aliud: ita res se ha
bet de corporibus coelestibus cum
his, quae sunt inferiora illis. &amp; hoc de¬
clarabimus post hoc. Ex his ergo di
ctis apparet quodnam esse habeant
isti motores, &amp; quo modo fit motio
ipsorum. Ex quo etiam ostenditur
quod non sunt tantum motores corpo
rum coelestium, immo dant eis for¬
mas suas, quibus sunt id, quod sunt.
Nam, si ipsi tollantur, nequaquam
reperietur forma corporum circus¬
larium: quemadmodum si tollatur
intellectus, quifest in actu, tunc non 
inerit nobis vltima perfectio. &amp; ideo</Unicode>
            </TextEquiv>
        </TextRegion>
    </Page>
</PcGts>
