1475 2066
206 156 721 202 generica, cum ista comprehensa sint
216 199 717 243 imaterialia: sed eius comparatio ad
225 239 715 282 haec est comparatio rerum compa ratarum
213 276 721 322 ad vnum aliquid, quod praecedit eas, &
217 317 706 355 est causa vt sint. vniversale adhuc est prius par
218 349 714 394 ticulari. nam, si auferatur vniversale. tollitur
219 391 715 442 & particulare. si impossibile ergo est quod
223 437 711 482 talis comprehensio praecedat prio¬
222 469 718 517 ritate generica, erit igitur de necessita
216 509 718 552 te eius prioritas ad reliqua comprehe
220 542 707 591 sa prioritas causae. Ita etiam vt res se ha
223 581 713 619 bere in illis multis motibus, qui in¬
221 620 715 658 sunt vnicuique planetae. Nam, cum ap¬
226 660 722 706 pareat quod huiuscemodi motus sint
226 702 718 743 propter motum plar etae oportuit de ne
206 732 720 778 cessitate quod motores eius sint propter mo
223 773 713 810 tum planetae. aliter enim motus plane¬
224 812 717 858 tae fieret ab eis per accidens. Si ergo to
220 845 708 882 tum hoc ita se habet vt narrauimus
213 886 723 923 sequitur quod quilibet planeta habebit
219 921 709 967 plures qua vnum motum, & eius mo
219 960 723 1002 tores necessario erunt causati a mo,
224 1002 719 1043 tore planetae, & motores septem pla¬
225 1034 717 1074 netarum erunt causati a motore ma¬
220 1072 713 1128 gni orbis. Hoc est quantum sermo
217 1110 719 1162 dedit tractare de esse primi principii
216 1149 713 1189 in hoc venere & fortasse ipse Arist
216 1175 717 1234 declarabit post hoc quod non sufficit
224 1226 713 1266 hunc motorem esse primum princi¬
220 1261 718 1314 pium, si consyderemus ea, quae sunt
226 1309 720 1348 propria vnicuique ipsorum. Videtur
220 1341 718 1386 adhuc sermone vniuersaliori praecedem
226 1381 724 1419 ti, quod necessario ista separata finiunt
224 1417 712 1458 ad primum principium, & quod ipsa non
221 1452 714 1499 sunt simpliciter vnum ab alio, ita quod
223 1489 711 1530 nulla sit dependentia causae, & cau
222 1531 725 1571 sati inter ipsa: quoniam non euadit quin¬
225 1565 719 1619 dicatur nomen principii de vtroque
226 1612 722 1654 vniuoce aut pure aequiuoce, aut or
216 1652 719 1691 dine & proportione, & est vnus ex
226 1681 721 1729 modis: quibus dicuntur nomnia analoga.
226 1717 724 1767 Quod autem dicantur vniuoce est fal
223 1757 713 1795 sum: quoniam vniuoca habent pluralita
214 1794 715 1835 tem ratione materiae, haec autem. ant inma¬
748 165 1266 202 terialia. Est quoque falsum quod nomen l
746 205 1238 251 principii dicatur de eis pura aequiuos
744 237 1251 288 catione, cum fuerit iam ostensum quod sunt
750 276 1249 330 eiusdem generis. Nihil igitur aliud restat,
744 320 1247 363 nisi quod dicatur de eis nomen principii
750 354 1245 404 secundum prius & posterius. Ea autem quae di
751 391 1250 434 cuntur secundum prius & posterius, neces¬
750 429 1243 470 sario comparantur ad vnum aliquid,
748 468 1241 506 quod est caums, vt illa res insit aliis. vt exen¬
749 501 1253 555 pli gratia, nomen caloris, quod qui
748 542 1243 590 dem dicitur de rebus calidis per compa¬
751 581 1247 630 rationem ad ignem, qui est causa vt ca¬
750 620 1243 669 lor insit aliis rebus calidis. Hinc ap¬
749 656 1249 706 paret quod oportet in his principiis ascem
751 701 1243 737 dere ad vnum principium (sed non
748 729 1249 784 proprie, quemadmodum fuit ostensum
744 768 1248 810 in praecedenti sermone) siue fuerit
748 813 1243 854 eorum ordo in comparatione ad ipsum
746 847 1239 894 vnus ordo, videlicet quod vnum excel
748 886 1250 922 lat alind. & hoc etiam non declaratur ex¬
748 920 1243 965 hoc sermone, quemadmodum ex prae
750 959 1246 1002 cedenti. Adhuc ostenditur hoc, quia nos
748 997 1240 1043 videmus operationes horum corpo¬
755 1038 1241 1076 rum coelestium, quae fiuunt ex mori¬
752 1073 1249 1122 bus suis fauere ad esse vniuscuiusque
753 1109 1245 1155 entium existentium apud nos, & ad eo¬
748 1149 1246 1198 rum conseruationem: ita quod, si tolleret
752 1196 1247 1237 vnus ex his motibus, corrumperet
749 1229 1245 1274 esse rerum, & ordo earum. Hinc est quod vi¬
750 1264 1251 1306 demus Lunam & stellas erraticas fere
751 1301 1247 1347 seruire ipsi Soli motu earum, eumque
748 1341 1239 1378 insequi. nam nos inuenimus eos sem
749 1377 1249 1425 per progredi per distantias termina¬
750 1418 1243 1467 tas ab eo, i. per propinquitatem & re
752 1453 1249 1498 motionem itinerum determinatorum,
756 1493 1237 1531 videlicet in velocitate & tarditate
754 1533 1257 1570 vt in scientia astrorum Mathematica osten
755 1565 1248 1619 sum fuit. huiusmodi autem operatio non potest
755 1605 1257 1657 inesse eis per accidens: necessario igitur
750 1644 1248 1683 intendunt motu suo vnum finem. sed
746 1680 1252 1730 quia esse eorum non est propter res, quae
748 1717 1248 1768 sunt hic, ideo ille finis, quo conicantur,
751 1758 1259 1797 est causa vt conueniant, & adiuuent ad
751 1793 1253 1850 esse entium, quae sunt hic. Nam quando ali¬
