1475 2066
202 132 705 185 omnibus aliis motibus. eius quoque corp
213 172 723 219 est prae caeteris maius, mouetque: plures
214 210 719 251 stellas vno moru, contra id, quod acci
213 247 719 301 dit in aliis syderibus. Sed quomodo, procedat
220 285 717 329 ordo post ipsum, vt diximus, non vl
213 324 716 371 habere veras, propotones circa hoc, nisi secundum
212 362 710 411 prius & convenientius, videlicet pone
212 400 712 442 re hoc iuxta consuetudinem exposito
212 436 721 487 rum scilicet quod qui sequitur postea oradatim,
212 484 727 514 sit motor orbis Saturni, & iterum sic
212 517 713 554 secundum ordinem orbium, vt in Mathemati¬
215 556 715 594 cis fuit declaratum. Causa autem ob qua
217 589 713 638 nos diximus quod non habemus circa hoc
212 627 721 679 veram viam est, quiam, si ponamus dignitatem
219 665 723 706 horum motorum esse propter situm orbium
208 705 713 754 eorum inter seinuicem, tunc res illae, quae
215 743 713 793 afferunt dignitatem, essent inter se op¬
216 780 718 827 positae, cum ambies sit maius eo, quod
208 816 718 866 ambit, inquantum est sibi vt forma¬
221 858 710 898 Tnon non habebit illam dignitatem, quae pro¬
210 900 714 944 uenit ex velocitate motuum, & plura¬.
215 932 725 984 litate & paucitate, & magnitudine
218 970 707 1019 stellae, & eius paruitate, quoniam nos inue
214 1007 715 1051 nimus alios orbes inferiores habere velo
218 1052 714 1090 eiorem motum, vt orbis Solis, & Lunae
216 1084 718 1123 Nisi fortasse dicatur quod insta veloc itas
214 1124 713 1162 sit in comparatione ad molem, non in se¬
214 1158 714 1202 ipsa, & sic appet res de Sole, qui est ma
220 1198 720 1248 ior planerarum, & habet tamen pauciores
212 1240 712 1287 motus caeteris. Ex his igitur, vt diximus,
215 1273 714 1314 non habuimus viam determinantem ordi
220 1313 710 1364 nem eorum. Quaeret tamen aliquis, & di
219 1356 704 1395 cet, si iurta ordinem vestx posuerim
221 1393 711 1434 quod procedat, exempli gratia ex motore Sa¬
220 1428 721 1466 turni animasui orbis, & motor orbis se
217 1469 713 1506 quentis post ipsum, & motus orbis eit
221 1507 712 1554 perficitur pluribus motibus, qua vno, & quod
224 1540 714 1592 procedit ab eo est plusqua vnus motor
221 1581 718 1633 immo proueniunt, vt apparet sex
214 1617 714 1672 quorum vnus est motor orbis sequen
216 1658 715 1708 tis ipsum, & quinque, quibus perficit
218 1700 713 1738 motus Saturni. sed iuxta positionem
220 1735 709 1778 vestram sequeretur quod non ordina
216 1773 713 1815 rentur ex isto motore, nisi tres rei
757 133 1275 178 tantum, cum sit in tertio gradu: opor¬
749 176 1269 223 tet ergo quod pluralitas inuenta in eius
744 213 1265 250 operatione sequatur de necessitate
756 249 1262 293 pluralitatem existentem in essentia
753 285 1261 324 sua, quemadmodum vnam essen¬
748 324 1255 373 tiam insequitur vna tantum actio
786 361 1275 411 Dicamus quod bene sequeretur hoc, si:
750 400 1258 450 poneremus illas res, quae ordinantur ex
757 441 1257 474 hoc motore tertio, existere in eodem
750 473 1253 526 gradu (seu ordine) ad ipsum: sed di¬
752 512 1259 561 cimus quod ordimantur a motore, qui est
744 550 1262 601 in gradu tertio, & est scilicet motor orbis
750 589 1259 637 Saturni (primo ordine, tria, quorum
750 629 1264 666 vnus est motor orbis sequentis ipsum, &
746 665 1250 706 secundus est anima planetae, & postea or¬
747 701 1275 753 dinantur ex hoc motore reliqui tres
745 740 1259 792 ipsius motoris Saturni ordinatim etiam
744 778 1255 818 scilicet secundus a primo, & tertius a sed o¬
769 815 1257 867 Et si tu dices, sequitur ergo secundum hoc,
749 854 1251 898 quod motor Lunae & Solis exempli gratia,
745 900 1249 943 cum in essentia horum principiorum ex¬
748 932 1257 979 tat pluralitas, quod motores ordinati ex
751 968 1256 1008 ipsis erum t iuxta pluralitatem existentem,
750 1005 1255 1047 in essentia amborum. & sic Luna, exempli¬
751 1043 1253 1096 gratia, habebit nonem motus: & Sol si po¬
751 1081 1247 1134 namus ipsum supra Lunam, & sub Ve¬
745 1120 1257 1166 nere, & Mercurio iuxta discrepantiam.
748 1165 1258 1196 quae existit in hoc inter Mathematicos.
789 1197 1250 1248 Et dicamus quod, si pluralitas proue¬
746 1237 1257 1275 niens ex vnoquoques ipsorum oporteat
753 1275 1245 1314 nihil aliud esse, qua quod diuidatur in ea ip¬
751 1312 1251 1354 sa essentia, est equidem verum. & ideo
751 1348 1241 1394 ex vno, prouenit vnum, & non pctent ordi
750 1387 1252 1438 nari ex eo duo: neque est possibile quod id, cu¬
753 1427 1247 1466 ius essentia est diuisibilis in duo, quod or¬
742 1463 1250 1507 diuentur ab eo tria: & similiter id, cuius essen
749 1503 1253 1546 tia est diuisibilis in tria, quod ordinentur abs
750 1541 1247 1593 eo quatuor. Quod ant sit necessarium
751 1581 1252 1626 quod id, quod procedit ex aliqua essentia, &
746 1629 1253 1660 quod multiplicatur ex aliquo numero,
746 1658 1253 1702 quod in id diuiditur ipsa essentia, non vte
746 1700 1251 1746 omnino: cum sit impossibile per ea, quae dicta
748 1735 1249 1786 sunt in praeteritis, quod aliqua horum
747 1773 1248 1822 principiorum non habeant actionem.
