1475 2066
211 173 719 218 marum similarium partium ad ele
219 213 723 264 menta. hominis Homo ergo est
220 256 716 290 id, quo coniungitur esse sensibile cum
218 290 718 341 intelligibili. & propterea perfecit
228 327 722 371 Deus gloriosus in ipso istud esse sen
221 366 725 418 sibile, cui euenit imperfectio pro¬
229 405 626 454 pter eius distantiam ab ipso¬
232 446 726 490 Sed cur deanima vegetatiua & vi
228 483 719 522 tali reperiantur plures species quam
232 519 712 562 de aliis, videtur quod talis plurali¬
225 558 712 610 tas sit propter nobilitatem. & in qui
223 597 713 649 busdam earum videtur quod sint, pro¬
228 644 715 686 pter hominem, aut aliquae earum
220 684 725 715 propter aliquas alias, in quibusdam
221 722 710 754 tamen non apparet hoc, vt in anima
220 756 715 795 libus hominum hostibus & planta
221 790 712 834 rum veneficarum. & ideo. ostende
220 827 716 874 tur postea quod maior pars hori
229 870 721 907 entium, quae inter se vnum aliud
224 904 713 954 corrumpit, sit quodammodo per ac
224 948 717 986 cidens, & propter necessitatem ma¬
230 989 727 1031 teriae, vt Scorpiones, & caetera vene
225 1020 727 1071 fica. quod autem apparet ex eis est
229 1057 720 1099 quod corrumpunt id, quod ssi non
232 1094 719 1147 est nobilius ipsis, non est tamenigno
232 1133 729 1173 bilius. & hoc fuit ex necessitate. Ex
228 1172 729 1222 hoc ergo dicto iam declaratum est
235 1212 719 1258 quo pacto res a seinuicem vna ab
228 1248 716 1290 alia habeant esse, & proportio vni
234 1286 722 1338 ad aliam in perfectione: & quod perfe¬
232 1332 722 1376 ctiones omnium referuntur ad pri
233 1365 723 1402 mam perfectionem: & quod de ne¬
237 1401 735 1442 cessitate suum esse est causatum abs
228 1439 390 1487 esse primi¬
282 1477 732 1531 vOnuenit ergo consyderare nunc
247 1517 723 1566 de cura eorum, iquae: sunt hic,
238 1556 714 1606 idest quae sub orbe Lunae. & proce
228 1597 720 1639 demus in hoc: iuxta istas radices prae
230 1631 723 1674 suppositas. Et dicamus quod esse ha
233 1676 729 1710 rum rerum inferiorum, vt earum
236 1708 707 1754 perpetuitas conseruetur in specie
230 1748 726 1787 hoc quidem est quid intentum de
228 1788 733 1842 necessitate, cuius rei efficiens non po
759 180 1260 227 test esse casus, vt plures Antiquorum
757 215 1256 265 fuerunt opinati. & hoc apparet, si¬
753 253 1258 290 consyderetur conuenientia motuum,
751 290 1259 338 coelestium corporum cum esse cu¬
754 328 1248 370 iuslibet rei, qua hic generatur, & eis
748 366 1268 414 conseruatione. & hoc euidentius ap,
752 404 1257 452 paret in Sole, deinde in Luna. Nam
752 444 1255 483 de Sole apparet hoc, quod si esset
753 480 1259 530 maior quam est, & eius locus pro¬
752 520 1252 567 pinquior, interficeret genera plan¬
757 558 1255 612 tarum & animalium propter vehe¬
757 596 1247 642 mentem calorem. & similiter, si eius
753 636 1250 682 corpus esset minus, aut remotius, in
757 684 1251 726 terimeret prae vehementi frigidita¬
748 714 1246 752 te. cuius rei veritas haberi potest ex
757 750 1253 802 hoc, quod id, quo Sol efficit calorem, est
754 791 1252 834 eius motus, aut refsexio radiorum
751 836 1257 878 eius. & ex locis inhabitabilibus prae¬
750 876 1248 915 nimia caliditate, & forti frigiditate
755 909 1247 955 apparet quoque cura, in eius circu¬
755 942 1249 986 lo obliquo manifeste. Nam, si non
759 982 1257 1030 haberet circulum obliquum, tunc
756 1029 1244 1059 non fieret hic aestas, neque ver, ne¬
752 1058 1246 1098 que autumnus, atquod hvenis. Est
757 1090 1257 1139 autem manifestum quod haec tem¬
763 1134 1242 1183 pora sunt necessaria ad esse specie
759 1181 1256 1226 rum vegetabilium, & ipsa cura in
758 1214 1259 1251 motu diurno est euidentissima. Nam
755 1248 1257 1298 si non esset motus diurnus, non es¬
756 1289 1252 1333 set etiam dies neque nox: & tunc
759 1325 1252 1365 medietas anni esset nox, & alia me¬
758 1372 1253 1402 dietas dies: & sic res perirent eo tem
765 1403 1245 1450 pore, siue in die propter fortem ca
757 1441 1243 1482 lorem, siue in nocte prae vehemen¬
760 1478 1248 1522 ti frigore. Lunae quo que affectus co
759 1524 1249 1569 gnoscitur, & ostenditur in genera¬
758 1554 1246 1594 tione pluuiarum, & maturatione fru¬
753 1594 1253 1642 ctuum. Est quo que manifestum quod
758 1634 1251 1675 si esset maior, aut minor, aut, propin¬
759 1676 1261 1714 quior, vel remotior, aut quod eius.
751 1709 1253 1746 lumen nou influeretur a Sole, tunc
748 1749 1254 1794 non efficeret huiusmodi actionem.
757 1789 1249 1827 & si non haberet etiam circulum obs
