1475 2066
190 153 698 203 Dubium etiam est, quae pacto cum natura
202 197 700 241 li habitu praedita sint, non quetem, sec
205 237 701 292 motum sectentur. Cur igitur simul per
197 277 695 322 imitationem illud pari modo dicunt
200 317 704 370 & qui vnum, & qui nuneros aiutem,
196 362 710 410 Ipsi enim numeros, id vnum esse inqunt.
197 404 698 443 lam desyderium, praesertim indetermi¬
209 442 701 494 natae rei. cum anima existit. nisi quis
204 485 695 538 similitudine, ac differentia, quae mouentur,
202 533 697 570 animata dicat. simulant anima, & motus
201 567 699 610 esse vt. Siquidem vita inest haben
200 607 702 658 tibus: a quae appetitus quoqued, qui cir
206 653 698 702 ca vnunquodque est, tanquam per alia pa
208 692 707 747 tiantur, animam tamen obtinent. Quod si
199 733 702 786 igitur motus circularis causa prima
195 777 703 819 sit, non erit vtique optimi. quip¬
196 816 694 864 pe cum is, qui animae est, praestantior sit
205 865 705 914 Primus autem est vel maxime, qui co¬
196 901 697 955 gitationis e, a quae appetentia quaeque
204 943 702 987 existit. At hoc forte quispiam inter
202 988 701 1026 rogabit, quam ob causam solum quae cir¬
202 1030 702 1075 culo mouentur desiderio afficiantur
198 1068 706 1114 eorum vero, quae circa medium, nullums
200 1108 705 1160 quamquam & ipsa mobilia sunt. An quod
204 1149 704 1195 impotens sit, aut pertransire nequeat
202 1190 692 1234 id, quod primum est. At si propter imbe
207 1236 705 1274 cillitatem, hoc sane erit absurdum.
205 1275 704 1322 Nobustius nanque ipsum quispiam
208 1316 696 1355 existimauerit loue Homerico,
205 1356 341 1404 qui ait.
209 1396 707 1442 Ipse equidem a terra traherem, &
228 1438 558 1490 ponto quouequed ab ipso.
200 1485 700 1531 Quare reliquum est, vt taquam incompre
203 1525 697 1579 hensibile quippiam, atque minimo
205 1565 702 1610 compositum sit. Forsitam aute rogabit
210 1605 698 1651 prius aliquis, quae modo se habeant,
218 1643 704 1690 Vtrum coeli ne partes haec sint, an
214 1687 703 1730 non. Et si partes, quae pacto partes,
216 1733 699 1771 Nam nunc non secundum regiones mo¬
213 1767 701 1810 do, verumetiam secundum actionem a non
212 1813 706 1851 bilissimis uasi abiecta videntura
734 148 1252 194 siquidem circularis latio huiusmodi
732 194 1228 242 est. Contingit enim veluti per ac¬
734 237 1234 287 cidens ex ea, quae in gvrum fit, la¬
740 277 1237 333 tione, tum ad locum, tum inui¬
732 325 1240 371 cem fieri mutationes. Quod si &
736 359 1238 403 optimo melius esset aliquid, cir¬
732 404 1241 450 culari motu a primo (nisi recipi
744 445 1231 495 endi vetaret imnpotentia) indige¬
736 485 1237 538 ret. quandoquidem quod primum est,
739 525 1233 580 ac diuinissimum, quae optima sunt,
732 566 1238 610 vult omnia. id autem forte exce
736 606 1241 650 dens aliquid, & inuestigabile
734 651 1232 691 existit. Arbitratur sane qui hoc
736 692 1233 746 dicit, similia esse omnia, & in opti
735 732 1230 778 mis tenuem aliquam esse, aut nul
738 773 1235 818 lam habere differentiam. Sed for¬
730 816 1235 873 te quispiam hoc addubitauerit
728 867 1228 899 ad ipsum primum coelum refe¬
738 908 1226 951 rens, vtrum circularis latio de ip¬
735 941 1227 986 sius substantia sit: & si a quiete
739 979 1232 1034 habita, statim in corruptionem
734 1025 1224 1066 haberetur, an cupidine quadam
734 1069 1230 1106 atque appetentia per accidens. nim
734 1108 1234 1154 si illa vtique appetendi facultas ei
734 1148 1238 1195 congenita sit, nihilque prohibeat
739 1189 1235 1234 talia quaedam esse entia. Sed for¬
736 1236 1236 1274 sitan eum, qui talem appetitum
735 1279 1231 1323 detraxit, de ipsa latione ambige
728 1317 1235 1370 re continget, si sublata coelum con
731 1364 1229 1410 rumperet. Atque hoc quidem, qua¬
737 1402 1233 1443 si ad alios sermones pertinere vi¬
734 1450 1228 1490 detur Verum hoc ipsum de
736 1484 1236 1538 hac, aut de his principiis quis¬
736 1525 1026 1571 piam existimabit.
734 1564 1236 1602 Narrantur opiniones multae circ rerum
850 1605 1110 1651 principia. Cap. 2
786 1645 1231 1689 vOrtassis autem post, alia, pro¬
760 1671 1238 1747 Vtinus assignare, quae ordine se
812 1738 1239 1774 quuntur principia, atque in
734 1767 1236 1810 eo, quod antecessit, subsistere
735 1807 1231 1851 non oportere quispiam affirmabit.
