1475 2066
209 141 715 188 de eis erit vnus scientiae. D.d. Et si
214 181 720 232 fuerint plures scientiae, vtrum, &c. i. & si¬
212 220 715 271 consyderatio de entibus fuerit plurium
215 260 714 311 scientiarum, vtrum omnes sint species
216 300 710 339 vnius genoris scilicet partes vnius scientiae,
217 334 712 378 aut sunt diuersarum scientiarum, adeo
213 373 715 427 quod quaedam dicitur Philosophia, & quae¬
213 412 712 463 uam scientia Naturalis, & quaedam De
209 454 716 492 ctrinalis. D.d. Et etiam persrutandum
215 489 715 531 est, vtrum oporteat nos dicere quod sub¬
213 527 723 577 stantiae, &c. i. & necesse est nobis per
214 565 715 610 scrutari, vtrum sint aliae substantiae a
216 605 717 656 substantiis sensibilibus, aut nulla est
213 645 716 683 substantia praeter istas. D.d. Et vtrum
218 684 713 723 substantiae habeant vnum geneus, &c.
209 725 714 762 idest &, si aliqua est substantia alia
221 758 721 802 a substantiis sensibilibus, vtrum illa
220 796 717 845 substantia est eadem natura, aut plu¬
214 844 717 886 res naturae, sicut dicunt illi, quod substan
212 874 707 914 tiae sunt res abstractae, scilicet & sunt for¬
214 911 714 964 mae non abstractae, & sunt res sensibs
212 950 715 990 les: & mediae inter formas & res sen
214 990 716 1031 sibiles, & sunt mathematicae. D.d.
219 1028 716 1074 Et vtrum consyderatio est tantum de sub
214 1068 722 1107 stantiis, &c. i. & etiam persrutandum
209 1106 722 1147 est, vtrum persrutatio in hac scientia
212 1142 716 1186 est de substantijs tantum,: aut de acciden¬
218 1184 718 1238 tibus, aut de vtroque. D.d. Et cum hoc
214 1227 720 1266 oportet nos perscrutari de eodem &
217 1259 707 1298 de diuerso. idest, & oportet nos per
209 1300 709 1339 scrutari est de consequentibus essen
216 1341 716 1378 tialibus, quae approptiantur enti in eo
221 1376 723 1433 quod est ens. v. g. idem & diuersum, &
220 1413 724 1458 nmile & dissimile, & contrarium & non
219 1461 712 1504 contrarium. Omne enim ens, quando fue
210 1492 725 1543 rit comparatum ad aliud, aut erit idem
222 1529 719 1571 aut diuersum, aut simile aut dissimile¬
222 1571 721 1610 aut contrarium aut non contrarium.
223 1605 727 1658 Et vniversaliter oportet perscrutari de omnibus,
221 1644 725 1696 de quibus Disput atores assumeti sunt
214 1685 721 1722 disputare per sermones. samosos lau¬
212 1719 722 1771 dabiles. *Philosophus enim & Logi
214 1768 729 1802 cus conveniunt in persrutatione de
209 1799 733 1843 istis rebus, quia vterque: consyderat de¬
744 141 1240 194 ente simpliciter. D.d. Et etiam persru
740 189 1242 226 tandum est de omnibus accidentibus, &c.
746 221 1235 268 idest & persrutandum est in istis qui
750 260 1250 298 stionibus de rebus, quarum prima est,
749 294 1247 347 quid est vnunquodque eorum, & quae¬
747 339 1240 379 sunt accidentia, propria eis. & non di
749 373 1239 422 hoctam, sed & de illis, quae sunt con
748 413 1254 451 traria eis, aut non contraria. Per omnia
745 451 1259 501 enim ista completur perscrutatio de
744 485 1249 539 istis, quae intendunt sciri scilicet per cogni¬
752 524 1251 571 tionem trium. scilicet priorum, & posteriorum,
756 564 1251 616 & opppositorum. D.d. Et vtrum prin
750 605 1255 657 cipia, & elementa, &c. i. & persrutan¬
751 645 1251 682 dum est, vtrum rerum principia, & ele¬
750 679 1249 734 menta eorum sint genera, aut indiui¬
750 720 1247 763 dua, in quae diuiduntur in postremo
747 764 1259 811 genera. Et, si genera sint digniora vt
750 804 1249 850 sint principia quam indiuidua, vtrum ge¬
746 825 1255 874 nera remotissima ab indiuiduis sint
750 875 1249 927 magis digna, aut genera, propinqua¬
752 915 1249 954 ita quod dignissimum eorum sit species,
752 949 1261 1003 quae diuiditur nm indiuidua. v. g. perscru
748 991 1259 1034 tari quod est magis primum, animal
746 1034 1257 1066 aut homo, aut indiuiduum animalis
748 1069 1254 1106 aut hominis. Et si animal & homo fini¬
744 1107 1254 1154 priora suis in liuiduis, vtrum homo
747 1144 1256 1187 sit prior animali, aut animal homine.
769 1188 1259 1231 D.d. Et etiam oportet nos multum per¬
746 1221 1253 1266 scrutari. i. & oportet nos quaerere,
752 1261 1252 1298 vtrum in indiuiduis substantiae est alia
748 1297 1251 1340 causa, praeter materiam, & est forma,
744 1339 1248 1378 aut non, & d. hoc, quia ista causa fuit
749 1374 1247 1421 nota ab eo solo in rei veritate intel
756 1420 1251 1454 omnes Antiquos. D.d. Et vtrum ista cau
750 1452 1261 1498 sa differat a mam, aut non. & d. hoc,
759 1500 1257 1530 ne aliquis existimet ipsam esse ma¬
757 1530 1261 1570 teriam quo quo modo. D.d. Et vtrum
758 1565 1263 1610 ista causa sit vna. i. forma. D.d. Et
760 1606 1268 1651 vtrum est aliquid praeter totum, i. vtrum
758 1644 1258 1695 est aliquid additum corporibus natu¬
753 1685 1265 1730 ralibus, aut nihil est huiusmodi, aut hoc
759 1718 1273 1762 est in quibusdam, & in quibusdam non.
759 1764 1271 1803 & innuit per noc animam, & res additas
760 1796 1267 1850 corpibus namlibus consimilium partium,
