1475 2066
183 125 698 177 Aut praecipue Deus habet. Caete
194 170 699 229 rae itaque omnes magis ea necessariae
194 216 699 266 sunt, nulla uero melior. Oportet
195 261 700 306 autem quodam modo eius ordinem in
193 300 695 347 contrarium nobis inquisitionum,
185 341 697 386 quae a principio fiebat, constitui.
194 389 695 426 incipiunt etenim omnes, vt diximus,
197 429 700 476 ab admiratione, an sic se habeat.
190 469 695 530 sicut de praestigiosis, quae per se ipsa
187 518 702 565 mouent, illi, qui nondum specula¬
193 564 699 602 ti sunt causam, aut de solstitijis,
185 603 703 642 aut de diametri incommensurabi
192 641 697 682 litate. admirabile enim omnibus ui
192 686 697 734 detur, siquid, cum non sit minimum,
187 725 695 770 non mensuretur. decet autem in contra
191 770 689 810 rium, & in melius, secudum prouerbium,
193 810 699 858 consumare. quemadmodum in his
181 852 690 895 fit, cum discant, nil enim magis
190 894 695 946 vit Geometricus admiraretur, quam si
184 936 701 986 diameter commensurabilis fieret.
188 981 696 1036 Quaenam igitur natura eius scien
191 1021 695 1072 tiae, quae quaerit, & quae intentio,
194 1061 699 1107 quam debet quaestio, & totus tra¬
185 1109 643 1162 ctatus consequi, dictum est.
265 1189 619 1227 SVMMA SECVNDA
198 1221 685 1266 Antiquorum opiniones de rerum causis,
351 1254 521 1298 ac principiis.
195 1301 697 1354 Causarum in modos diuisio: Veterumque
262 1344 620 1390 opiniones de causa materiali.
384 1389 503 1434 Cap. 2
350 1437 701 1490 vm autem manifestum
344 1482 699 1539 sit, quod primarum causa¬
350 1529 704 1579 rum oportet scientiam
342 1573 705 1619 accipere (tum enim scire
186 1612 692 1667 vnunquodque dicimus, cum primam
180 1653 695 1698 causam nos nosse: et arbitramur)
189 1697 693 1740 causae vero quandrifariam dicantur,
190 1729 693 1793 quarum Vnam quidem causam dici¬
185 1781 699 1826 mus esse substantiam, & ipsum
185 1830 694 1866 quid erat esse: nam ipsum quare
727 117 1229 179 primum refert ad rationem vltimam,
728 172 1234 226 causa autem & principium, ipsum
737 222 1241 266 guare primum: Vnam vero mate
724 268 1235 309 riam, & subiectum: Tertiam autem,
728 306 1236 355 vnde principium motus: Quartam
729 344 1241 404 vero oppositam ei causam, & cuius
733 388 1240 439 gratia, & bonum. hoc enim finis
737 432 1239 474 totius motus, & generationis e.
732 469 1241 514 de his autem omnibus & si satis in de
734 510 1233 562 Naturalibus speculatum sit, nihi¬
728 557 1245 602 lominus tamen illos quoque, qui ante
724 597 1235 642 nos ad entium perscrutationem ve¬
728 639 1241 690 nerunt, & de veritate philosophia
724 684 1225 732 ti sunt, asciscamus, patet enim, quod
730 725 1231 778 illi etiam principia aliqua, & causas
730 765 1228 810 dicunt. Proderit itaque profecto
728 805 1233 850 huic tranctatui nunc, si illa breui¬
733 852 1231 896 ter repetemus, aut enim aliud cau¬
721 901 1231 938 sae gens inueniemus, aut certe ma
730 938 1231 988 gis illis credemus, quae nunc di¬
734 981 1229 1026 ctae sunt. Plurimi igitur eorum, qui
730 1024 1230 1070 primo philosophati sunt, solas
727 1068 1233 1106 illas existimarunt omnium esse prin
731 1109 1241 1166 cipia, qua in materiae specie sunt.
725 1151 1243 1202 ex quo enim omnia entia sunt, &
724 1191 1240 1249 ex quo primo fiunt, & ad quod
730 1237 1238 1275 vltimum corrumpuntur, substantia
731 1276 1241 1323 quidem permanente, mutata vero
734 1323 1235 1370 passionibus, hoc elementum, &
725 1359 1233 1410 hoc omnium entium esse principium
729 1400 1234 1450 aiunt. & ob hoc nihil fieri, neque
727 1448 1237 1490 corrumpi opinantur, tanquam huius
728 1487 1237 1529 cemodi natura semper comseruata.
736 1531 1240 1578 quemandmodum neque Socratem, quandom
725 1566 1230 1617 formosus, aut musicus efficitur,
732 1610 1241 1658 simpliciter fieri dicimus, neque, cum
728 1654 1237 1708 istos habitus amittat, corrumpi:
724 1693 1240 1738 eo quod subiectum ipsum Socrates
720 1742 1236 1785 permanet. ita & caeterorum nihil
728 1789 1242 1826 oportet enim aliquam naturam aut
726 1829 1240 1866 vnam, aut plures esse, et quibus caetera
