1475 2066
233 172 751 218 De causa cuius gratia in inferioribus a su
270 216 699 266 perioribus dependentibus: vbi &
317 253 665 303 nonnullae Nntiquorum opinio¬
340 293 621 337 nes adducuntur. Ca. 8.
369 341 749 394 Vaerendum est igitur, si in
323 349 742 441 an imalibus, aut cui con¬
270 404 739 476 VAtam A petit, vita non exi¬
244 461 743 514 stente, in coelo quoque atque cele¬
244 508 741 547 stibus, neque latio, neque determi¬
244 544 742 598 natus quidam modus inesset,
243 588 738 633 Praesens autem dubitatio ad eum
242 629 744 667 qui ab immobili est, motum mo¬
252 669 744 714 do quodam pertinet. Quod ve
244 717 743 767 ro omnia alicuius sint gratia, & te¬
233 745 740 794 mere nihil, sed perinde ac defi¬
248 804 747 843 nitio, haud facile existit, vt saepe
244 836 745 882 dicitur. Vnde enim incipere, & in quae de
244 876 743 925 sinere oportebat B Caeterum non¬
253 916 745 962 nulla sunt eorum, quae ita habere non
244 957 744 1010 videntur, sed alia quidem casu, alia
249 1002 740 1042 vero necessitate quadam, vt in co¬
244 1044 748 1083 lestibus, & plerisque eorum, quae circa
244 1084 743 1123 terram sunt. Cuius enim gratia sunt
246 1128 747 1171 fluxus maris, ac refluxus * aut cu
247 1165 747 1210 ius exporrectiones, aut exicca¬
248 1206 741 1250 tiones, humectationesque, et omnino
251 1253 738 1290 alius in aliud mutationes, corru
250 1293 742 1345 ptiones, generationes, aut quae in ip
255 1336 743 1370 sa terra fiunt alterationes, et eo¬
249 1381 747 1411 rum, quae in aliud ex alio transmutan
252 1412 743 1467 tur, mutationes, & id geneus alia
254 1460 734 1501 pleraque *ln ipsis autem animalibus
252 1492 740 1547 aliqua veluti vana existunt, cet
254 1539 741 1578 mamme maribus, & foeminis emis
256 1576 736 1618 sio (siquidem nihil confert) et non
252 1621 753 1658 nullis barbae, aut omnino pilorum
248 1657 742 1699 quibusdam in locis productio,
254 1700 738 1746 Tum etiam cornuum magnitudi
252 1748 738 1795 nes, vt ceruorum. Nonnullis quo
248 1781 751 1827 que laesis quod mobilia, quod in terram
254 1823 754 1867 directa, quod ante oculos posita ge
766 180 1272 232 starent. Quodque aliqua vi fiant,
770 220 1273 266 aut praeter naturam, quemadmo
769 260 1277 306 dum ardeola coit, vitamque viuit
774 309 1283 347 mansuetiorem. Et alia non pauca
773 343 1277 383 quispiam deprehendat istiusmo¬
775 383 1277 426 di. Quod autem maximum est, ma¬
772 429 1279 466 ximeque apparet, circa educatio
776 473 1281 507 nes, generationesque animalium est.
772 505 1279 546 nullius enim gratia haec sunt, sed
778 549 1273 586 casus, atque per necessitates alias.
772 586 1277 626 Oportebat enim si alicuius quidem
780 636 1278 680 gertra sint, semper secundum idem, similique
773 669 1274 718 modo fieri. Atque estm in plantis, et prae¬
776 716 1274 767 sertim inanimatis praefinitam quan
774 752 1273 802 dam (vt formis, specie, ac potesta
776 797 1269 835 tibus apparent) obtinent naturam,
774 833 1269 881 Haec autem cuiusnam gratia sint, quae
772 878 1267 926 reret aliquis. Nam rationem non ha¬
781 916 1273 962 bere, idipsum dubium est: idque in
773 957 1279 1003 aliis prius, ac honorabilioribus
776 1004 1276 1042 non ponentibus. quatenus & ratio
777 1038 1274 1096 quicquam, quod fide dignum
773 1087 1267 1122 sit, habere videtur: quoniam haec ideas
779 1121 1269 1170 quasdam aut inter se differen¬
781 1164 1258 1211 tias a casu, & vniuersi latione
778 1205 1271 1258 quae in circulum fit accipiunt.
778 1245 1256 1299 Quod si neque hoc, propter aliquid
773 1289 1273 1331 & ad id, quod optimum est, de¬
772 1329 1262 1378 finitiones quasdam sumere, non
781 1373 1269 1410 in omnibus simpliciter ponere de¬
778 1412 1276 1464 cet. Quandoquidem, quae huiu
779 1453 1271 1503 smodi existunt, quandam con¬
781 1492 1264 1538 tinent dubitationem. Atque sim¬
783 1533 1272 1584 pliciter dicimus, quae & de vno
776 1574 1266 1626 quoque. Simpliciter quidem,
782 1618 1264 1664 quando in omnibus naturam
780 1657 1281 1698 quod optimum est expetere, et
778 1700 1274 1753 in quibus fieri potest, ordinem
783 1741 1271 1785 largiri, atque aeternitatem vi¬
777 1782 1267 1826 demus. Pari autem modo in
772 1824 1266 1875 animalibus quo que similiter.
