1475 2066
212 172 722 220 dictionis formam dicetur: Dico quod Commen
213 214 727 245 contra Auic. tenet in i. com. quarti meta. &
213 241 729 281 etiam in. io. meta. con. quod ens & vnum signifi¬
219 276 720 305 cant vnam naturam, i. vnum conceptum
216 304 722 338 non tamen distinctum realiter vel ex natura, rei
211 335 729 371 sed sola ratione a conceptibus suorum infe¬
214 365 716 396 riorum: sed diuersis modis. vnitas enim non im
210 397 722 431 portat aliquem conceprum vel formalitate
218 429 726 464 positiuam, vt dixerunt postetiores distinctam
208 461 723 490 a conceptu entis, sed solam indiuisionem
215 486 727 523 superaddit vnum ex modo significandi ad
220 517 719 550 ipsum ens. sed in re signisicata conueniunt
214 546 729 578 & ideo dicit quod ens & vnum significat vnam
215 577 730 610 naturam in subiecto, sed differunt secundum
208 607 723 642 moduin significandi. Auic. autem voluit con¬
214 640 723 680 uersum, vide licet quod tam ens qua vnum im¬
217 667 716 708 portarent de per se vnunquodous aliquem con
219 700 727 731 ceptum positiuum: quorum vnus erat ab al
218 729 724 763 tero distinctum. sic igitur Auer. ponit ens &
216 765 723 794 vnum idem significare. sed quando dixit quod eni
217 791 729 826 & vnum non significat aliquam naturam, in¬
214 821 729 852 tell exit ad modum Plaronicon, quod videlicet
214 849 715 882 illa natura sit natura tertia a suis inferiori
217 881 723 914 bus separata & distincta. vnde ipse dicit. 2a
209 911 722 946 meta. con. it. ens & vnum sunt ex rebus vniversali
215 941 729 978 bus, quae non habent esse extra animam. Et idem
215 973 731 1006 habet. io. meta. con. 8. similiter ens & vnum non
212 1004 723 1035 dicunt vnam intentionem vniuocam tertia
215 1033 723 1066 ab intentionibus decem praedicamentorum¬
221 1068 729 1098 sed solum est indifferens per analogiam, vt
217 1093 723 1131 diximus ex intentione eius. A8. meta. con. ed. &
214 1125 724 1166 eo. i. Vnde est io. meta. con. s. dicit. impossibil
212 1156 720 1191 est vt aliquid commune pluribs sit substantia, nis
212 1185 723 1219 secundum quod est in anima tantum: & subdit parum
212 1217 725 1250 infra, quod ens & vnum sunt de intentionibus
212 1252 720 1282 vniversalibus, quae non habent esse nisi in anima. vnitas
213 1277 715 1314 igitur conceptus entis & communitas eius est con
214 1312 722 1346 munitas & vnitat analogiae, non vniuo catio
215 1340 717 1371 nis, non distincta secundum esse, vel ex natu
212 1370 721 1403 ra rei a suis inferioribus, sed solum in ani¬
215 1405 727 1434 ma & in conceptu. Et nota bene ista, qui a
213 1436 719 1464 multi laborauerunt in videndo veritatem
217 1463 731 1498 in via Auer. & non potuerunt. Et quod hoc sit
220 1493 724 1529 verum proba tur ratione duplici. Si ens in¬
215 1529 720 1564 quantum ens non diceret vnum conceptum
217 1557 717 1595 analogum distinctum ratione a conceptibus
212 1585 724 1626 suorum inferiorum, sequeretur quod non pos¬
215 1617 727 1650 set de eo aliqua demonstratio heri. conse¬
220 1649 730 1686 quens est falsum, quia bonitas demonstrari
215 1678 715 1716 potest de ente mediante veritate non ratio
209 1709 727 1747 ne alicuius inferioris ad ens, sed ratione suit
212 1741 727 1770 ergo ens inquantum ens dicit aliquem vnum
216 1773 726 1811 conceptum. Confirmatur. quia si ens, inquan
213 1801 725 1842 tum ens, non diceret aliquem conceptum
219 1831 727 1869 proprium ratione distinctum a suis inferio
211 1869 728 1904 ribus, sed solum conitatem nomin impor¬
753 178 1275 210 taret, sequeretur quod nullum praedicatum essen
755 213 1270 242 tiale, & per se de eo diceretur. consequens,
759 245 1268 274 est falsum: nam dicimus quod ista est per se, ens
757 272 1270 314 est vnum probatur consequentia, quia secun¬
758 303 1269 338 dum Auer. 8. meta. coni. i. de termino aequi¬
755 332 1265 363 uoco bene aliquod praedicatum accidenta¬
759 363 1270 403 le potest verificari vniversaler sicut ista propositio
756 395 1268 427 est vniversaliter vera, omnis canis est pulchet: nullum
762 429 1265 458 tamen praedicatum per se de tali potest verifica¬
754 460 1275 492 ri. cum igitur vnitas & bonitas primo verifice
758 490 1265 522 tur de ente ratione sui, & non ratione alte¬
757 518 1275 548 rius, demonstratiue sequi videtur quod ens in¬
756 547 1274 578 quantum est commune Deo & creaturae, sub¬
758 578 1277 610 stantiae & accidenti, non sola communita¬
757 608 1273 643 te vocis, sed conceontus distincti ratione a com
758 634 1281 675 ceptibus inferioribus. & haec non possunt,
756 668 1278 706 negari ab homine habente intellectum ha
758 698 1012 730 bilitatum ad bonum
797 732 1281 762 Quarta contradi. est in com. 8. Enumerat
754 757 1275 794 scientias medias Commen in numero scientia¬
758 792 1264 827 rum Mathematicalium, sicut est Perspecti¬
759 819 1275 853 ua & Musica, Huius tamen oppositum videtur,
756 849 1278 882 sentire Philosophus. i. phy. tex. con. io. vbi na
758 880 1269 915 bet. Demonstrant autem & quae ex Mathema¬
761 912 1271 946 ticis magis Physicae. vbi loquitur, vt dicit Com
759 941 1269 978 me. & vniversaliter omnes expositores de scientijs mediis,
758 972 1272 1005 Soluitur. quidquid dicant alii. scientiae mediae
757 1002 1264 1037 vt est Musica. Astrologia, & Perspectiua, &
755 1037 1277 1070 quae assimilantur his, sunt potius inter Ma
758 1064 1270 1098 thematicas scientias enumerandae quid inten
757 1094 1273 1126 Physicas. Et ratio est ista. nam habtus scien
757 1125 1271 1158 tificus specificatur a medio: ita. enim Philoso¬
756 1155 1273 1193 phus posuit distinctionem inter speculatiuas
752 1189 1271 1219 scientias in. 8. met. tex. commun i. quia autem media
748 1221 1271 1250 talium scientiarum subalternatarum ma¬
757 1249 1275 1285 thematica sunt, licet applicata sint materiae
758 1278 1271 1317 sensibili, dicimus quod cum denominatio in¬
752 1307 1270 1339 sequatur formam & non materiam, actum
754 1338 1274 1370 & non potentiam: sicut est de intentione
759 1372 1271 1402 Philosophi. a. phy. tex. con. it. & . 8. meta. tex.
756 1399 1275 1435 com. v. propter hoc & s materiale in talibus.
749 1429 1271 1467 naturale sit, cum formale sit mathematicum,
756 1462 1270 1493 potius ergo Mathematicae qua Naturales de¬
758 1489 1275 1524 bent nuncupari. Et istius etiam opinionis est
760 1522 1269 1560 beatus Doctor. qui etsi in i. phy. super alleg.
760 1554 1272 1586 tex. oppositum dicat, tamen seipsum ietractauit
756 1588 1270 1619 in quaestionibus super Foerio de trinitate.
756 1615 1276 1644 Ad authoritatem autem Philosophi dico quod il¬
759 1644 1267 1682 la est multiplex secundum amphibologiam.,
761 1684 1273 1714 quia vnus sensus esse potest, quod duo sint con¬
763 1711 1271 1745 parata, & vnum sit illud, ad quod sit com¬
762 1741 1269 1778 paratio. vt sit sensus quod Mathematicae purae
761 1770 1271 1802 & scientiae mediae comparentur ad Physicas tantum:
760 1798 1265 1835 Et tunc sensus esset iste quod scientiae media
759 1834 1271 1864 sunt magis Physicae qua Mathematicae purae
755 1860 1275 1898 sint Physicae. & iste sensus verus est. & sie
