1475 2066
219 171 731 204 huic authoritati resistunt Medici, ponentes
224 205 729 235 complicationem febrium in eodem subiecto simul.
220 233 719 268 quia vt patet per Gale. in. i. de differentii
223 260 721 298 febrium, hectica febris potest esse coniuncta cum
226 295 726 323 putrida, & tunc duae caliditates numero dif
224 322 727 358 ferentes simul sunt in eodem subiecto, sicut
220 354 723 391 patet. quia febris nihil aliud est, nisi calor
229 382 721 420 naturalis conuersus in igneum. Nisi esset, quod
228 412 722 449 in tali corpore, in quo est istarum duarum fe¬
221 444 730 474 brium complicatio, est vnamet numero calidi
223 477 728 514 tas. genera enim febrium non distinguuntur genere,
225 509 722 539 vel specie penes calorem, sed penes diuersita¬,
216 534 723 571 tem materierum, in quibo est calefectum esse. &
216 566 729 602 ideo non prohibet, vt vnamet caliditas, vt
218 604 723 634 est in facto esse, quae remota putrida febre
221 629 732 659 adhuc remaneret in mebris, illa ratione dicatur,
224 656 720 690 esse caliditas febris haecticae, quae secundum aliam
223 693 724 722 rationem, vt est in fieri ab humore putrido cau
221 715 721 754 sata dicatur esse caliditas putredinalis febris
216 746 720 780 stat enim absque repugnantia secundum diuersos respe
222 781 721 809 ctus: sed de hoc non est nobis locus in prae¬
216 810 727 842 sentia dubitandi, quia multa dici picuent hinc
220 840 664 875 inde, quae transcendunt nim negocium.
246 869 717 909 Quinta contradi. est in com.ia. Nomen ac
220 900 719 934 cidentale primo significat accidens. & secun
220 934 730 970 datio subiectum. Huius tamen oppositum dicere
224 959 731 994 videtur. eist phy. com. i.8. vbi habet, quod significat,
225 992 719 1027 nomen concretum duo scilicet subiectum & formam
220 1028 718 1058 quia dicit, quod album significat albedin est, & r
224 1052 723 1083 ceptiuum albedinis, &. i. de anima. con. 8. di¬
222 1082 719 1114 cit, quod nomnia rerum artificialium, quae accidentiae
216 1116 719 1146 sunt, primo significant subiectum, & secun¬
220 1142 720 1179 dario formam. Soluitur, nomen significat rem
216 1173 722 1214 secundum, quod est in actu. actus autem duplex est, sub¬
215 1205 725 1235 stantialis, & accidentalis. substantialis dat
224 1233 718 1273 esse simpliciter, & accidentalis dat esse, secundum quid
217 1263 723 1298 Et ideo, cum composita substantialia sint in
216 1300 721 1331 actu simpliciter nomen talium primo significa
216 1324 722 1354 formam, quia forma est ratio propter quam compo
222 1352 725 1387 situm est in actu simpliciter, secundario autem
222 1387 727 1419 importat compositum. In compositis vero per
217 1415 723 1450 accidens nomnia talium in concreto sumpta
218 1445 722 1484 orimo formam significant, & secundario su
224 1474 722 1506 biectum, quia a forma sit denominatio non
216 1504 726 1539 a materia. &, quia subiectum respectu acci
218 1535 724 1570 dentis est sicut materia. 8. nieta i. con i. idec
220 1571 721 1603 dicimus nos, quod talia primo significant for¬
218 1593 697 1635 mam per quam sunt in actu secundum quid
223 1626 726 1660 ipsum subiectum. Accedit ad hoc, quod si talia
218 1656 725 1694 prius significarent subiectum, quae formam, tunt
225 1686 727 1717 sequeretur, quod esset nugatio d. cendo homo
213 1715 724 1748 albus, sicut deducit pulchre Comien hic
212 1749 722 1780 contra Auice. De nominibus autem rerum artificia
223 1777 726 1810 lium quid primo significant an formam an su
216 1806 720 1842 hiectum dixi in com. s. secundi de anima. & idec
210 1836 728 1883 illuc recurre Quantum ad propositum spectat,
753 164 1264 207 dico nullam esse contradictionem in Auer. si
757 202 1261 245 quandoque dicit nomen concretum accidentale duo
759 231 1261 267 significare, scilicet subiectum & formam, seu com¬
756 261 1257 294 positum ex forma, & subiecto: sicut ipse ha¬
752 290 1260 322 bet. i. meta. con is. vbi habet nomnia denomi¬
753 324 1261 354 natiua significare vnum compositum: Quandoque
752 353 1264 386 autem dicit talia significare formam prinio, &
753 383 1263 416 secundario subie ctum. aliud enim est significare
751 412 1265 445 absolute, aliud est primo significare. dici¬
753 444 1259 481 mus talia nonia concreta significare vtrumque
753 477 1253 515 non in primo significare vtrumque dicimus,
757 503 1267 538 sed talia primo formam signisicant. denoml
757 533 1262 570 natio ab actu fit, non a potentia. . physic.
748 565 1264 601 ii. &. 8. meta. tex. con.v. &. 8. mera con. v. &. i.
756 595 1259 633 phy. 8i. &. i. cap. de substantia orbis. nam.
756 632 1266 662 quando amittitur forma substantialis rei, ibi ma
752 660 1263 690 teria ammittit nomen, & definitionem rei:
753 686 1269 722 cum autem destruitur forma accidentalis, ibi
752 721 1262 758 etiam anttitur denominatio, quo ad esse
754 746 1258 782 secundum quid. quod erat a tali forma, licet esse
751 778 1267 810 simpliciter, quod est a forma substantia li non
759 812 1269 842 amittatur per amissionem accidentalis formae.
754 841 1233 874 sic igitur solutio ad omnes authoritates patet
784 869 1260 900 Sexta contradi. est in tex. sine com. Aristo¬
757 893 1255 931 dicit in hoc cap. 8. non posse dici omnem So¬
758 928 1267 963 crantem musicum esse, quia Socrates non est
754 958 1269 994 in pluribus, sicut dicitur omnis homo mu
754 991 1259 1027 sicus. Sed huius oppositum habetur in. i. coeli &
757 1027 1259 1060 mundi, vbi dicit, quod omnis mundus est ex pio¬
758 1056 1260 1083 pria materia in tex. com. s s. vbi litera graeca
752 1082 1260 1115 habet & axac vdenos, & tamen mundus non est
750 1112 1267 1146 in pluribus, vt patet ibidem. Soluitur, & est
753 1142 1265 1173 sententia Alexan. ibidem referente Simpli¬
754 1173 1260 1203 cio, quod in indiuiduis, in quibus saluatur tota
752 1205 1268 1234 natura speciei, sicut est in sempiternis, potest
752 1232 1264 1274 poni signum vniversaliter distribuens, sicut est de mun¬
752 1265 1265 1298 do & Sole, & id geeus. secus autem est de indi
757 1292 1261 1328 uiduis rerum generabilium. in talibus enim to¬
758 1324 1265 1358 ta natura perpetuari non potest, nisi per sue¬
756 1353 1267 1393 cessionem. solicitudo enim diuina propter hoc
750 1389 1261 1422 miserta dedit talibus virtut est, vt possint per
753 1413 1267 1452 peruari in specie, vt dicit Commenta. in. i. de
754 1442 1195 1482 aninia. comnmen 8. Et nota bene hoc,
783 1475 1267 1508 Septima contradi. est in com. is. Inquit Con¬
760 1508 1256 1538 men. quod in intellu vniversale notius est particulari
761 1535 1261 1569 Huius tamen oppositum sequi videtur ex dictis eis
760 1565 1268 1596 in ti. meta. con. A8. vbi habet, quod vniversalia intelle¬
758 1595 1268 1627 cta apud Arist. sunt collecta ex similitudi¬
753 1630 1263 1666 ne, quam accipit intellectus ex particularibus.
759 1655 1269 1687 & facit ea intentionem vnam: & per consequens
759 1686 1257 1717 singularia notiora intellectui esse videntur,
758 1715 1256 1746 Nisi esset, quod anthoritas ista in oppositum ad
752 1749 1262 1778 ducta, procedit de vniversali pro secunda intentio¬
757 1774 1263 1811 ne, non autem pro prima. quia vniuersale, vt
752 1807 1268 1841 est de primo intellectis praecedit cognitio¬
749 1837 1265 1874 nem singularis. Singularis enim cognitio
