<?xml version="1.0" encoding="UTF-8" standalone="yes"?>
<PcGts xmlns="http://schema.primaresearch.org/PAGE/gts/pagecontent/2013-07-15" xmlns:xsi="http://www.w3.org/2001/XMLSchema-instance" xsi:schemaLocation="http://schema.primaresearch.org/PAGE/gts/pagecontent/2013-07-15 http://schema.primaresearch.org/PAGE/gts/pagecontent/2013-07-15/pagecontent.xsd">
    <Metadata>
        <Creator>prov=University of Rostock/Institute of Mathematics/CITlab|PLANET AI GmbH/Gundram Leifert/gundram.leifert@planet-ai.de:name=cod-AAssXX-m2(htr_id=27673)::::v=2.6.7
prov=University of Rostock/Institute of Mathematics/CITlab|PLANET AI GmbH/Tobias Gruening/tobias.gruening@planet-ai.de:name=de.uros.citlab.module.baseline2polygon.B2PSeamMultiOriented:v=2.6.7
prov=University of Rostock/Institute of Mathematics/CITlab|PLANET AI GmbH/Tobias Gruening/tobias.gruening@planet-ai.de:name=/net_tf/LA73_249_0mod360.pb:de.uros.citlab.segmentation.CITlab_LA_ML:v=2.6.6
Transkribus</Creator>
        <Created>2020-10-30T08:03:56.023-04:00</Created>
        <LastChange>2020-11-20T19:33:58.120+01:00</LastChange>
        <TranskribusMetadata docId="528931" pageId="22411241" pageNr="814" tsid="49382291" status="IN_PROGRESS" userId="25065" imgUrl="https://files.transkribus.eu/Get?id=UJIWSPQSWNCHDYNEFLTPVPLU&amp;fileType=view" xmlUrl="https://files.transkribus.eu/Get?id=WRCXXKDXELPGOWVPTSNFDRSI" imageId="17470622"/>
    </Metadata>
    <Page imageFilename="Averroes_Metaphysica_JuntSecunda_08-0814.jpg" imageWidth="1475" imageHeight="2066">
        <ReadingOrder>
            <OrderedGroup id="ro_1605972857642" caption="Regions reading order">
                <RegionRefIndexed index="0" regionRef="r2"/>
                <RegionRefIndexed index="1" regionRef="r3"/>
            </OrderedGroup>
        </ReadingOrder>
        <TextRegion orientation="0.0" id="r2" custom="readingOrder {index:0;}">
            <Coords points="221,123 221,1882 731,1882 731,123"/>
            <TextLine id="r2l2" custom="readingOrder {index:0;}">
                <Coords points="215,192 730,194 731,166 216,167"/>
                <Baseline points="221,183 246,182 271,182 296,182 322,181 347,181 372,181 397,181 423,181 448,181 473,182 498,182 524,182 549,182 574,182 599,182 625,182 650,183 675,183 700,183 726,183"/>
                <TextEquiv>
                    <Unicode>repugnat intellectui vt intellectus est secun¬</Unicode>
                </TextEquiv>
            </TextLine>
            <TextLine id="r2l3" custom="readingOrder {index:1;}">
                <Coords points="226,218 685,229 725,218 725,193 226,197"/>
                <Baseline points="231,213 256,213 282,213 308,213 333,213 359,213 385,213 411,213 436,213 462,213 488,213 514,213 539,213 565,213 591,214 617,214 642,214 668,214 694,213 720,213"/>
                <TextEquiv>
                    <Unicode>dum Philosophos, non inquantum singula</Unicode>
                </TextEquiv>
            </TextLine>
            <TextLine id="r2l4" custom="readingOrder {index:2;}">
                <Coords points="227,252 704,254 731,252 731,221 227,226"/>
                <Baseline points="232,246 258,245 284,245 310,245 336,245 362,245 388,245 414,245 440,245 466,245 492,246 518,246 544,246 570,246 596,246 622,246 648,245 674,245 700,245 726,245"/>
                <TextEquiv>
                    <Unicode>re, sed inquantum materiale. Et sil in tellectui</Unicode>
                </TextEquiv>
            </TextLine>
            <TextLine id="r2l5" custom="readingOrder {index:3;}">
                <Coords points="217,281 702,284 723,280 724,250 217,260"/>
                <Baseline points="222,276 248,276 274,275 300,275 326,275 352,275 378,275 404,275 430,276 456,276 483,276 509,276 535,276 561,276 587,276 613,276 639,276 665,276 691,276 718,276"/>
                <TextEquiv>
                    <Unicode>nostro cognitio singularis attribuitur, hoc est</Unicode>
                </TextEquiv>
            </TextLine>
            <TextLine id="r2l6" custom="readingOrder {index:4;}">
                <Coords points="226,314 726,315 726,288 675,280 226,284"/>
                <Baseline points="231,305 256,305 282,306 308,306 334,307 359,307 385,307 411,308 437,308 463,308 488,308 514,308 540,308 566,308 592,308 617,307 643,307 669,307 695,307 721,307"/>
                <TextEquiv>
                    <Unicode>vt habet respectum ad materiam &amp; ad sen¬</Unicode>
                </TextEquiv>
            </TextLine>
            <TextLine id="r2l7" custom="readingOrder {index:5;}">
                <Coords points="222,346 725,346 725,317 222,319"/>
                <Baseline points="227,335 252,335 278,336 304,336 330,336 356,336 382,336 408,337 434,337 460,337 486,337 512,338 538,338 564,338 590,338 616,338 642,337 668,337 694,336 720,336"/>
                <TextEquiv>
                    <Unicode>sum ex sui imperfectione, cum sit vltimis in</Unicode>
                </TextEquiv>
            </TextLine>
            <TextLine id="r2l8" custom="readingOrder {index:6;}">
                <Coords points="224,380 722,378 722,348 224,349"/>
                <Baseline points="229,368 254,367 280,367 306,367 331,367 357,367 383,367 408,368 434,368 460,368 485,369 511,369 537,369 562,369 588,369 614,369 639,369 665,369 691,368 717,368"/>
                <TextEquiv>
                    <Unicode>genere abstractor. i. de anima. com. is. &amp; idec</Unicode>
                </TextEquiv>
            </TextLine>
            <TextLine id="r2l9" custom="readingOrder {index:7;}">
                <Coords points="223,402 723,405 723,381 689,372 668,384 223,380"/>
                <Baseline points="228,398 253,398 279,399 305,399 331,399 356,399 382,399 408,399 434,399 460,399 485,400 511,400 537,400 563,400 589,400 614,399 640,399 666,399 692,399 718,398"/>
                <TextEquiv>
                    <Unicode>&amp;Comen super com. libri de Diuinatione dice</Unicode>
                </TextEquiv>
            </TextLine>
            <TextLine id="r2l10" custom="readingOrder {index:8;}">
                <Coords points="227,434 733,434 733,412 644,405 318,404 303,416 227,405"/>
                <Baseline points="232,429 258,429 284,429 310,429 336,429 362,429 388,429 414,429 440,429 466,429 493,429 519,430 545,430 571,430 597,429 623,429 649,429 675,429 701,429 728,428"/>
                <TextEquiv>
                    <Unicode>bat quod, si substantiae abstractae singular: ma</Unicode>
                </TextEquiv>
            </TextLine>
            <TextLine id="r2l11" custom="readingOrder {index:9;}">
                <Coords points="229,466 721,466 721,437 706,436 229,437"/>
                <Baseline points="234,459 259,459 284,459 310,459 335,459 360,459 386,459 411,459 436,459 462,459 487,459 513,459 538,460 563,460 589,460 614,460 639,460 665,460 690,459 716,459"/>
                <TextEquiv>
                    <Unicode>gtriale cognoscerent, contingeret illas ma</Unicode>
                </TextEquiv>
            </TextLine>
            <TextLine id="r2l12" custom="readingOrder {index:10;}">
                <Coords points="221,498 726,495 726,468 689,465 221,468"/>
                <Baseline points="226,490 252,489 278,489 304,489 330,489 356,489 382,489 408,489 434,489 460,489 486,489 512,489 538,490 564,490 590,490 616,490 642,490 668,490 694,489 721,489"/>
                <TextEquiv>
                    <Unicode>teriales esse. Et ideo intellectus noster piimo</Unicode>
                </TextEquiv>
            </TextLine>
            <TextLine id="r2l13" custom="readingOrder {index:11;}">
                <Coords points="225,531 731,529 731,500 225,501"/>
                <Baseline points="230,520 256,520 282,519 308,519 334,519 360,519 386,519 412,519 438,520 464,520 491,520 517,520 543,520 569,520 595,521 621,521 647,521 673,520 699,520 726,520"/>
                <TextEquiv>
                    <Unicode>aspectu vniuersale cognoscit, quia hoc con¬</Unicode>
                </TextEquiv>
            </TextLine>
            <TextLine id="r2l14" custom="readingOrder {index:12;}">
                <Coords points="220,566 726,562 726,526 656,541 640,525 220,532"/>
                <Baseline points="225,552 251,552 277,552 303,552 329,551 355,551 381,551 407,551 433,551 459,551 486,551 512,551 538,551 564,551 590,551 616,552 642,552 668,552 694,552 721,552"/>
                <TextEquiv>
                    <Unicode>petit sibi ratione, qua intellectus est, cum sit</Unicode>
                </TextEquiv>
            </TextLine>
            <TextLine id="r2l15" custom="readingOrder {index:13;}">
                <Coords points="226,588 728,586 728,564 680,557 226,564"/>
                <Baseline points="231,581 256,581 282,581 308,581 334,581 360,581 386,581 412,581 438,581 464,581 489,581 515,581 541,581 567,581 593,581 619,582 645,581 671,581 697,581 723,581"/>
                <TextEquiv>
                    <Unicode>abstractus a materia, &amp; habeat oppositum</Unicode>
                </TextEquiv>
            </TextLine>
            <TextLine id="r2l16" custom="readingOrder {index:14;}">
                <Coords points="221,619 564,627 735,618 735,595 221,596"/>
                <Baseline points="226,613 251,612 276,612 301,612 326,612 352,612 377,612 402,612 427,612 452,613 478,613 503,613 528,613 553,613 578,614 604,614 629,614 654,613 679,613 704,613 730,612"/>
                <TextEquiv>
                    <Unicode>receptionis modum modo, quo materia re</Unicode>
                </TextEquiv>
            </TextLine>
            <TextLine id="r2l17" custom="readingOrder {index:15;}">
                <Coords points="229,649 710,651 724,649 724,620 284,632 229,621"/>
                <Baseline points="234,644 259,643 285,643 310,643 336,643 361,643 387,643 412,643 438,643 463,644 489,644 514,644 540,644 565,644 591,644 616,644 642,644 667,644 693,643 719,643"/>
                <TextEquiv>
                    <Unicode>cipit. nam materia singulariter, &amp; intellectu</Unicode>
                </TextEquiv>
            </TextLine>
            <TextLine id="r2l18" custom="readingOrder {index:16;}">
                <Coords points="226,682 725,682 731,651 226,654"/>
                <Baseline points="231,673 257,673 283,673 309,673 335,673 361,673 387,673 413,673 439,673 465,673 491,674 517,674 543,674 569,674 595,674 621,674 647,674 673,674 699,674 726,673"/>
                <TextEquiv>
                    <Unicode>vniversaliter &amp; abstracte recipit. sic ergo directe vniversale</Unicode>
                </TextEquiv>
            </TextLine>
            <TextLine id="r2l19" custom="readingOrder {index:17;}">
                <Coords points="216,712 728,714 728,684 603,677 572,691 548,678 216,686"/>
                <Baseline points="221,705 246,704 271,704 296,704 321,704 346,704 371,704 396,704 421,704 446,704 472,704 497,704 522,704 547,705 572,705 597,705 622,705 647,705 672,704 697,704 723,704"/>
                <TextEquiv>
                    <Unicode>cognoscitur ab intellectu. singulare autem </Unicode>
                </TextEquiv>
            </TextLine>
            <TextLine id="r2l20" custom="readingOrder {index:18;}">
                <Coords points="220,739 699,746 730,739 730,716 220,717"/>
                <Baseline points="225,735 250,735 275,735 300,735 325,735 350,735 375,735 400,735 425,735 450,735 475,735 500,736 525,736 550,736 575,736 600,736 625,735 650,735 675,735 700,734 725,734"/>
                <TextEquiv>
                    <Unicode>cum non cognoscatur ab intellectu, nisi vt</Unicode>
                </TextEquiv>
            </TextLine>
            <TextLine id="r2l21" custom="readingOrder {index:19;}">
                <Coords points="225,772 692,778 725,771 725,741 695,754 643,741 225,742"/>
                <Baseline points="230,766 255,766 281,765 307,765 333,765 358,765 384,765 410,765 436,766 462,766 487,766 513,766 539,766 565,766 591,766 616,765 642,765 668,765 694,765 720,764"/>
                <TextEquiv>
                    <Unicode>ipse inclinationem habet ad materiam, sit</Unicode>
                </TextEquiv>
            </TextLine>
            <TextLine id="r2l22" custom="readingOrder {index:20;}">
                <Coords points="220,802 726,802 726,779 684,772 220,777"/>
                <Baseline points="225,797 251,797 277,797 303,796 329,796 355,796 381,796 407,796 433,796 459,796 486,796 512,797 538,797 564,797 590,797 616,797 642,797 668,797 694,797 721,797"/>
                <TextEquiv>
                    <Unicode>dicimus tale cognosci ab intellectu, vt super</Unicode>
                </TextEquiv>
            </TextLine>
            <TextLine id="r2l23" custom="readingOrder {index:21;}">
                <Coords points="223,840 729,833 729,806 715,805 624,818 596,801 544,813 223,804"/>
                <Baseline points="228,828 254,827 280,827 306,826 332,826 358,826 384,826 410,827 436,827 462,827 489,827 515,827 541,828 567,828 593,828 619,828 645,828 671,827 697,827 724,826"/>
                <TextEquiv>
                    <Unicode>phantasmata se conuertit. &amp; ista cognitio</Unicode>
                </TextEquiv>
            </TextLine>
            <TextLine id="r2l24" custom="readingOrder {index:22;}">
                <Coords points="225,867 731,866 731,833 225,841"/>
                <Baseline points="230,857 256,857 282,857 308,857 334,857 360,857 386,857 412,857 438,857 464,858 491,858 517,858 543,858 569,858 595,858 621,858 647,858 673,858 699,858 726,857"/>
                <TextEquiv>
                    <Unicode>refsexa est, &amp; non competit intellectui nisi</Unicode>
                </TextEquiv>
            </TextLine>
            <TextLine id="r2l25" custom="readingOrder {index:23;}">
                <Coords points="217,897 716,895 726,863 217,868"/>
                <Baseline points="222,888 248,888 274,887 300,887 327,887 353,887 379,887 405,887 432,888 458,888 484,888 510,888 537,888 563,888 589,888 615,888 642,888 668,888 694,887 721,887"/>
                <TextEquiv>
                    <Unicode>mediante sensu: sicut patet. i. de anima. con¬</Unicode>
                </TextEquiv>
            </TextLine>
            <TextLine id="r2l26" custom="readingOrder {index:24;}">
                <Coords points="217,929 710,930 729,924 729,901 217,902"/>
                <Baseline points="222,919 247,919 272,918 297,918 322,918 347,918 372,918 397,918 422,918 447,918 473,918 498,919 523,919 548,919 573,919 598,919 623,919 648,919 673,919 698,918 724,918"/>
                <TextEquiv>
                    <Unicode>8. Caueant ergo Nominales, &amp; Purleista</Unicode>
                </TextEquiv>
            </TextLine>
            <TextLine id="r2l27" custom="readingOrder {index:25;}">
                <Coords points="219,951 649,963 726,957 726,925 699,937 475,923 219,934"/>
                <Baseline points="224,949 250,949 276,949 302,950 328,950 354,950 380,950 407,950 433,950 459,950 485,950 511,951 537,951 564,951 590,951 616,951 642,951 668,951 694,950 721,950"/>
                <TextEquiv>
                    <Unicode>tenentes singulare esse primo cognitum ab</Unicode>
                </TextEquiv>
            </TextLine>
            <TextLine id="r2l28" custom="readingOrder {index:26;}">
                <Coords points="224,987 734,986 734,962 701,953 650,967 396,956 351,972 320,957 224,956"/>
                <Baseline points="229,980 254,980 279,980 304,980 329,980 354,980 379,980 404,980 429,980 454,980 479,980 504,980 529,980 554,980 579,980 604,980 629,980 654,981 679,981 704,981 729,982"/>
                <TextEquiv>
                    <Unicode>intellectu. Sed de hoc in quaestione nostra</Unicode>
                </TextEquiv>
            </TextLine>
            <TextLine id="r2l29" custom="readingOrder {index:27;}">
                <Coords points="222,1017 367,1018 381,1027 392,1017 596,1018 602,989 222,993"/>
                <Baseline points="227,1010 253,1010 279,1011 306,1011 332,1011 359,1011 385,1011 412,1011 438,1011 464,1011 491,1011 517,1011 544,1011 570,1011 597,1012"/>
                <TextEquiv>
                    <Unicode>de primo cognito diximus satis,</Unicode>
                </TextEquiv>
            </TextLine>
            <TextLine id="r2l30" custom="readingOrder {index:28;}">
                <Coords points="261,1051 735,1050 735,1015 261,1023"/>
                <Baseline points="266,1040 291,1041 317,1041 343,1041 369,1041 394,1042 420,1042 446,1042 472,1042 498,1042 523,1042 549,1041 575,1041 601,1041 626,1041 652,1041 678,1041 704,1040 730,1040"/>
                <TextEquiv>
                    <Unicode>Octaua contradi. est in tex. is. Arist. dicit</Unicode>
                </TextEquiv>
            </TextLine>
            <TextLine id="r2l31" custom="readingOrder {index:29;}">
                <Coords points="225,1082 727,1078 727,1053 225,1045"/>
                <Baseline points="230,1072 255,1072 281,1072 307,1072 333,1072 359,1072 385,1072 411,1072 437,1072 463,1072 488,1072 514,1072 540,1072 566,1072 592,1072 618,1072 644,1072 670,1072 696,1072 722,1072"/>
                <TextEquiv>
                    <Unicode>in tex. com. is. quod motus &amp; tempus sunt quar</Unicode>
                </TextEquiv>
            </TextLine>
            <TextLine id="r2l32" custom="readingOrder {index:30;}">
                <Coords points="221,1114 735,1114 735,1085 713,1079 221,1085"/>
                <Baseline points="226,1104 251,1104 276,1103 301,1103 326,1103 352,1103 377,1103 402,1103 427,1103 452,1103 478,1103 503,1104 528,1104 553,1104 578,1104 604,1104 629,1103 654,1103 679,1103 704,1103 730,1103"/>
                <TextEquiv>
                    <Unicode>ta per accidens. Sed oppositum habetur in</Unicode>
                </TextEquiv>
            </TextLine>
            <TextLine id="r2l33" custom="readingOrder {index:31;}">
                <Coords points="225,1146 726,1138 726,1117 666,1108 225,1117"/>
                <Baseline points="230,1134 255,1134 281,1134 307,1134 333,1134 359,1134 385,1134 410,1134 436,1134 462,1134 488,1134 514,1134 540,1134 565,1134 591,1134 617,1134 643,1134 669,1134 695,1134 721,1133"/>
                <TextEquiv>
                    <Unicode>praedicamentis, vbi tempus posuit esse per</Unicode>
                </TextEquiv>
            </TextLine>
            <TextLine id="r2l34" custom="readingOrder {index:32;}">
                <Coords points="226,1170 728,1170 728,1146 691,1141 565,1142 539,1158 517,1141 226,1146"/>
                <Baseline points="231,1163 256,1163 282,1163 308,1163 334,1164 360,1164 386,1164 412,1164 438,1164 464,1164 489,1164 515,1165 541,1165 567,1165 593,1165 619,1165 645,1164 671,1164 697,1164 723,1163"/>
                <TextEquiv>
                    <Unicode>se quantitatem continuam. Soluitur. tempus</Unicode>
                </TextEquiv>
            </TextLine>
            <TextLine id="r2l35" custom="readingOrder {index:33;}">
                <Coords points="225,1201 721,1202 721,1177 670,1170 225,1173"/>
                <Baseline points="230,1195 255,1194 281,1194 306,1194 332,1194 357,1194 383,1194 409,1194 434,1194 460,1194 485,1194 511,1195 536,1195 562,1195 588,1195 613,1195 639,1195 664,1195 690,1195 716,1195"/>
                <TextEquiv>
                    <Unicode>quiditatiue est numerus numeratus secun¬</Unicode>
                </TextEquiv>
            </TextLine>
            <TextLine id="r2l36" custom="readingOrder {index:34;}">
                <Coords points="221,1235 656,1229 694,1241 722,1231 722,1205 221,1210"/>
                <Baseline points="226,1226 251,1225 277,1225 303,1224 329,1224 355,1224 381,1224 406,1224 432,1224 458,1224 484,1224 510,1225 536,1225 561,1225 587,1225 613,1225 639,1226 665,1226 691,1225 717,1225"/>
                <TextEquiv>
                    <Unicode>dum prius &amp; posterius ipsius motus, &amp; pra</Unicode>
                </TextEquiv>
            </TextLine>
            <TextLine id="r2l37" custom="readingOrder {index:35;}">
                <Coords points="229,1266 673,1270 727,1266 727,1232 229,1237"/>
                <Baseline points="234,1256 259,1256 285,1256 311,1256 336,1256 362,1256 388,1256 413,1256 439,1256 465,1256 490,1256 516,1256 542,1256 567,1256 593,1256 619,1256 644,1256 670,1256 696,1256 722,1256"/>
                <TextEquiv>
                    <Unicode>cipue primi motus. &amp; quo ad hoc est per se</Unicode>
                </TextEquiv>
            </TextLine>
            <TextLine id="r2l38" custom="readingOrder {index:36;}">
                <Coords points="228,1300 473,1288 712,1298 725,1297 725,1268 228,1269"/>
                <Baseline points="233,1286 258,1286 284,1285 309,1285 335,1285 361,1285 386,1285 412,1285 438,1286 463,1286 489,1286 514,1286 540,1287 566,1287 591,1287 617,1287 643,1287 668,1286 694,1286 720,1285"/>
                <TextEquiv>
                    <Unicode>quantitas, quia talis nume rus numeratus</Unicode>
                </TextEquiv>
            </TextLine>
            <TextLine id="r2l39" custom="readingOrder {index:37;}">
                <Coords points="222,1331 728,1322 728,1301 694,1292 587,1305 340,1290 222,1299"/>
                <Baseline points="227,1317 253,1316 279,1316 305,1316 331,1316 357,1316 383,1316 409,1316 435,1316 461,1316 488,1317 514,1317 540,1317 566,1317 592,1317 618,1318 644,1318 670,1317 696,1317 723,1317"/>
                <TextEquiv>
                    <Unicode>potest esse quantiras continua, sicut tripe¬</Unicode>
                </TextEquiv>
            </TextLine>
            <TextLine id="r2l40" custom="readingOrder {index:38;}">
                <Coords points="222,1354 727,1354 727,1326 222,1332"/>
                <Baseline points="227,1347 253,1347 279,1347 305,1347 331,1347 357,1347 383,1347 409,1347 435,1347 461,1347 487,1347 513,1347 539,1347 565,1348 591,1348 617,1348 643,1348 669,1348 695,1347 722,1347"/>
                <TextEquiv>
                    <Unicode>daneum telum, vt dicit lucidissimus Themis</Unicode>
                </TextEquiv>
            </TextLine>
            <TextLine id="r2l41" custom="readingOrder {index:39;}">
                <Coords points="227,1386 735,1386 735,1356 227,1355"/>
                <Baseline points="232,1376 258,1376 284,1376 310,1377 336,1377 363,1378 389,1378 415,1378 441,1378 467,1378 494,1379 520,1379 546,1379 572,1378 598,1378 625,1378 651,1378 677,1378 703,1377 730,1377"/>
                <TextEquiv>
                    <Unicode>&amp; ideo quiditatiue consyderatum tempus</Unicode>
                </TextEquiv>
            </TextLine>
            <TextLine id="r2l42" custom="readingOrder {index:40;}">
                <Coords points="226,1419 699,1423 726,1418 727,1389 227,1389"/>
                <Baseline points="231,1408 256,1407 282,1407 308,1407 334,1407 359,1408 385,1408 411,1408 437,1408 463,1409 488,1409 514,1409 540,1409 566,1410 592,1410 617,1410 643,1410 669,1410 695,1409 721,1409"/>
                <TextEquiv>
                    <Unicode>est per se quantitas, quia nihil addit supra</Unicode>
                </TextEquiv>
            </TextLine>
            <TextLine id="r2l43" custom="readingOrder {index:41;}">
                <Coords points="222,1450 727,1444 727,1421 680,1415 222,1421"/>
                <Baseline points="227,1438 253,1438 279,1438 305,1438 331,1438 357,1439 383,1439 409,1439 435,1439 461,1439 487,1439 513,1439 539,1439 565,1440 591,1440 617,1440 643,1440 669,1440 695,1439 722,1439"/>
                <TextEquiv>
                    <Unicode>motum nisi numerum numeratum. Aliud</Unicode>
                </TextEquiv>
            </TextLine>
            <TextLine id="r2l44" custom="readingOrder {index:42;}">
                <Coords points="224,1477 724,1475 724,1454 694,1443 224,1452"/>
                <Baseline points="229,1469 254,1469 280,1469 306,1469 332,1469 357,1469 383,1469 409,1469 435,1469 461,1469 486,1469 512,1470 538,1470 564,1470 590,1470 615,1470 641,1470 667,1470 693,1469 719,1469"/>
                <TextEquiv>
                    <Unicode>autem est consyderare in empore, &amp; est quod hab</Unicode>
                </TextEquiv>
            </TextLine>
            <TextLine id="r2l45" custom="readingOrder {index:43;}">
                <Coords points="221,1506 731,1506 724,1482 221,1476"/>
                <Baseline points="226,1499 251,1499 276,1499 301,1499 326,1499 351,1499 376,1500 401,1500 426,1500 451,1500 476,1500 501,1500 526,1500 551,1500 576,1500 601,1500 626,1500 651,1500 676,1500 701,1499 726,1499"/>
                <TextEquiv>
                    <Unicode>bet per se mensurare motum. Motus autem </Unicode>
                </TextEquiv>
            </TextLine>
            <TextLine id="r2l46" custom="readingOrder {index:44;}">
                <Coords points="222,1538 726,1538 726,1511 677,1505 222,1510"/>
                <Baseline points="227,1530 253,1530 279,1530 305,1530 331,1530 357,1530 383,1530 409,1530 435,1530 461,1531 487,1531 513,1531 539,1531 565,1531 591,1531 617,1531 643,1531 669,1531 695,1532 721,1532"/>
                <TextEquiv>
                    <Unicode>mensurat tempus per accidens. &amp; hoc est acc</Unicode>
                </TextEquiv>
            </TextLine>
            <TextLine id="r2l47" custom="readingOrder {index:45;}">
                <Coords points="225,1568 630,1564 700,1576 724,1568 724,1537 225,1542"/>
                <Baseline points="230,1559 255,1559 281,1560 307,1560 332,1560 358,1561 384,1561 410,1561 435,1561 461,1561 487,1561 513,1561 538,1561 564,1561 590,1561 616,1561 641,1561 667,1561 693,1562 719,1562"/>
                <TextEquiv>
                    <Unicode>dens temporis, &amp; non est quiditas temporis, vt inqui</Unicode>
                </TextEquiv>
            </TextLine>
            <TextLine id="r2l48" custom="readingOrder {index:46;}">
                <Coords points="221,1601 700,1607 724,1598 724,1575 221,1577"/>
                <Baseline points="226,1592 251,1591 277,1591 303,1591 329,1591 355,1591 381,1591 407,1592 433,1592 459,1592 485,1592 511,1592 537,1592 563,1592 589,1592 615,1592 641,1592 667,1592 693,1591 719,1591"/>
                <TextEquiv>
                    <Unicode>Alex. in. A. phi. in expone tex. con. iis. &amp; qui</Unicode>
                </TextEquiv>
            </TextLine>
            <TextLine id="r2l49" custom="readingOrder {index:47;}">
                <Coords points="227,1634 733,1631 720,1599 227,1605"/>
                <Baseline points="232,1624 258,1623 284,1622 310,1622 336,1622 362,1622 388,1622 414,1622 440,1622 466,1622 493,1623 519,1623 545,1624 571,1624 597,1624 623,1624 649,1624 675,1624 701,1623 728,1623"/>
                <TextEquiv>
                    <Unicode>ad hoc tempus est quantum per accidens, pro quan¬</Unicode>
                </TextEquiv>
            </TextLine>
            <TextLine id="r2l50" custom="readingOrder {index:48;}">
                <Coords points="231,1658 664,1666 729,1661 729,1629 231,1636"/>
                <Baseline points="236,1654 261,1654 287,1653 313,1653 338,1653 364,1653 390,1653 415,1653 441,1654 467,1654 492,1654 518,1654 544,1654 569,1654 595,1654 621,1654 646,1653 672,1653 698,1653 724,1653"/>
                <TextEquiv>
                    <Unicode>ro imaginamur quod tempus mensurat per su</Unicode>
                </TextEquiv>
            </TextLine>
            <TextLine id="r2l51" custom="readingOrder {index:49;}">
                <Coords points="225,1691 627,1685 691,1699 735,1690 735,1661 225,1663"/>
                <Baseline points="230,1683 255,1683 280,1684 305,1684 330,1684 355,1684 380,1684 405,1684 430,1684 455,1684 480,1684 505,1684 530,1684 555,1684 580,1684 605,1684 630,1684 655,1684 680,1684 705,1685 730,1685"/>
                <TextEquiv>
                    <Unicode>quantitatem quantitatem motus, &amp; adaequatur</Unicode>
                </TextEquiv>
            </TextLine>
            <TextLine id="r2l52" custom="readingOrder {index:50;}">
                <Coords points="226,1722 664,1730 728,1722 728,1693 226,1699"/>
                <Baseline points="231,1715 256,1715 282,1715 308,1715 334,1715 360,1715 386,1715 412,1715 438,1715 464,1715 489,1715 515,1715 541,1715 567,1716 593,1716 619,1715 645,1715 671,1715 697,1715 723,1715"/>
                <TextEquiv>
                    <Unicode>ei. &amp; diuisio &amp; continuatio eius adaequatur</Unicode>
                </TextEquiv>
            </TextLine>
            <TextLine id="r2l53" custom="readingOrder {index:51;}">
                <Coords points="228,1755 724,1753 724,1725 228,1725"/>
                <Baseline points="233,1745 258,1745 284,1745 309,1746 335,1746 360,1746 386,1746 412,1746 437,1747 463,1747 488,1747 514,1747 539,1747 565,1747 591,1747 616,1747 642,1747 667,1747 693,1746 719,1745"/>
                <TextEquiv>
                    <Unicode>diuisioni &amp; continuationi motus, a quo tem</Unicode>
                </TextEquiv>
            </TextLine>
            <TextLine id="r2l54" custom="readingOrder {index:52;}">
                <Coords points="224,1792 638,1777 679,1793 721,1786 721,1756 224,1757"/>
                <Baseline points="229,1777 254,1777 280,1777 305,1777 331,1777 357,1777 382,1777 408,1777 434,1778 459,1778 485,1778 510,1778 536,1778 562,1778 587,1778 613,1778 639,1777 664,1777 690,1776 716,1775"/>
                <TextEquiv>
                    <Unicode>pus dependet, tanquam a causa, saltem in gene</Unicode>
                </TextEquiv>
            </TextLine>
            <TextLine id="r2l55" custom="readingOrder {index:53;}">
                <Coords points="226,1819 687,1824 730,1818 730,1788 226,1791"/>
                <Baseline points="231,1809 257,1809 283,1809 309,1809 335,1809 361,1809 387,1809 413,1809 439,1809 465,1809 491,1809 517,1809 543,1809 569,1809 595,1809 621,1809 647,1808 673,1808 699,1808 725,1807"/>
                <TextEquiv>
                    <Unicode>re causae materialis. &amp; sic dicit Philosophus</Unicode>
                </TextEquiv>
            </TextLine>
            <TextLine id="r2l56" custom="readingOrder {index:54;}">
                <Coords points="228,1852 730,1850 730,1820 228,1820"/>
                <Baseline points="233,1839 258,1839 284,1839 310,1839 336,1840 362,1840 388,1840 414,1840 440,1840 466,1840 491,1840 517,1840 543,1840 569,1840 595,1840 621,1840 647,1840 673,1840 699,1840 725,1840"/>
                <TextEquiv>
                    <Unicode>quod tempus est diuisibile &amp; continuum, propter</Unicode>
                </TextEquiv>
            </TextLine>
            <TextLine id="r2l57" custom="readingOrder {index:55;}">
                <Coords points="225,1876 599,1890 711,1881 728,1875 728,1853 225,1854"/>
                <Baseline points="230,1869 255,1870 281,1870 307,1870 333,1871 359,1871 385,1871 411,1872 437,1872 463,1872 489,1872 515,1872 541,1872 567,1872 593,1872 619,1872 645,1872 671,1871 697,1871 723,1871"/>
                <TextEquiv>
                    <Unicode>motum, &amp; motus propter magnitudinem</Unicode>
                </TextEquiv>
            </TextLine>
            <TextEquiv>
                <Unicode>repugnat intellectui vt intellectus est secun¬
dum Philosophos, non inquantum singula
re, sed inquantum materiale. Et sil in tellectui
nostro cognitio singularis attribuitur, hoc est
vt habet respectum ad materiam &amp; ad sen¬
sum ex sui imperfectione, cum sit vltimis in
genere abstractor. i. de anima. com. is. &amp; idec
&amp;Comen super com. libri de Diuinatione dice
bat quod, si substantiae abstractae singular: ma
gtriale cognoscerent, contingeret illas ma
teriales esse. Et ideo intellectus noster piimo
aspectu vniuersale cognoscit, quia hoc con¬
petit sibi ratione, qua intellectus est, cum sit
abstractus a materia, &amp; habeat oppositum
receptionis modum modo, quo materia re
cipit. nam materia singulariter, &amp; intellectu
vniversaliter &amp; abstracte recipit. sic ergo directe vniversale
cognoscitur ab intellectu. singulare autem 
cum non cognoscatur ab intellectu, nisi vt
ipse inclinationem habet ad materiam, sit
dicimus tale cognosci ab intellectu, vt super
phantasmata se conuertit. &amp; ista cognitio
refsexa est, &amp; non competit intellectui nisi
mediante sensu: sicut patet. i. de anima. con¬
8. Caueant ergo Nominales, &amp; Purleista
tenentes singulare esse primo cognitum ab
intellectu. Sed de hoc in quaestione nostra
de primo cognito diximus satis,
Octaua contradi. est in tex. is. Arist. dicit
in tex. com. is. quod motus &amp; tempus sunt quar
ta per accidens. Sed oppositum habetur in
praedicamentis, vbi tempus posuit esse per
se quantitatem continuam. Soluitur. tempus
quiditatiue est numerus numeratus secun¬
dum prius &amp; posterius ipsius motus, &amp; pra
cipue primi motus. &amp; quo ad hoc est per se
quantitas, quia talis nume rus numeratus
potest esse quantiras continua, sicut tripe¬
daneum telum, vt dicit lucidissimus Themis
&amp; ideo quiditatiue consyderatum tempus
est per se quantitas, quia nihil addit supra
motum nisi numerum numeratum. Aliud
autem est consyderare in empore, &amp; est quod hab
bet per se mensurare motum. Motus autem 
mensurat tempus per accidens. &amp; hoc est acc
dens temporis, &amp; non est quiditas temporis, vt inqui
Alex. in. A. phi. in expone tex. con. iis. &amp; qui
ad hoc tempus est quantum per accidens, pro quan¬
ro imaginamur quod tempus mensurat per su
quantitatem quantitatem motus, &amp; adaequatur
ei. &amp; diuisio &amp; continuatio eius adaequatur
diuisioni &amp; continuationi motus, a quo tem
pus dependet, tanquam a causa, saltem in gene
re causae materialis. &amp; sic dicit Philosophus
quod tempus est diuisibile &amp; continuum, propter
motum, &amp; motus propter magnitudinem</Unicode>
            </TextEquiv>
        </TextRegion>
        <TextRegion orientation="0.0" id="r3" custom="readingOrder {index:1;}">
            <Coords points="754,121 754,1910 1276,1910 1276,121"/>
            <TextLine id="r3l2" custom="readingOrder {index:0;}">
                <Coords points="761,188 1216,197 1281,181 1281,154 761,157"/>
                <Baseline points="766,182 791,182 817,181 842,181 868,181 893,181 919,181 944,181 970,181 995,181 1021,181 1046,181 1072,181 1097,181 1123,181 1148,181 1174,181 1199,181 1225,181 1250,181 1276,181"/>
                <TextEquiv>
                    <Unicode>Non inconvenit ergo tempus, quo ad id, quod </Unicode>
                </TextEquiv>
            </TextLine>
            <TextLine id="r3l3" custom="readingOrder {index:1;}">
                <Coords points="766,220 1231,218 1263,232 1255,194 766,196"/>
                <Baseline points="771,213 796,213 822,214 847,214 873,214 899,214 924,214 950,213 976,213 1001,213 1027,213 1052,213 1078,213 1104,213 1129,213 1155,213 1181,213 1206,213 1232,213 1258,214"/>
                <TextEquiv>
                    <Unicode>est secundum sui quiditatem esse quantitatem per</Unicode>
                </TextEquiv>
            </TextLine>
            <TextLine id="r3l4" custom="readingOrder {index:2;}">
                <Coords points="755,251 1269,250 1269,231 1216,218 755,222"/>
                <Baseline points="760,245 785,245 810,245 835,245 860,245 886,245 911,244 936,244 961,244 986,244 1012,244 1037,244 1062,244 1087,244 1112,244 1138,244 1163,244 1188,245 1213,245 1238,245 1264,245"/>
                <TextEquiv>
                    <Unicode>se, &amp; quo ad id, quod accidit ei. quod sit qui¬</Unicode>
                </TextEquiv>
            </TextLine>
            <TextLine id="r3l5" custom="readingOrder {index:3;}">
                <Coords points="757,281 1267,282 1261,253 757,252"/>
                <Baseline points="762,276 787,276 812,275 837,275 862,275 887,275 912,275 937,275 962,275 987,275 1012,275 1037,275 1062,275 1087,275 1112,275 1137,275 1162,275 1187,274 1212,274 1237,273 1262,273"/>
                <TextEquiv>
                    <Unicode>tum per accidens. nam vt inquit Alexam. quidi¬</Unicode>
                </TextEquiv>
            </TextLine>
            <TextLine id="r3l6" custom="readingOrder {index:4;}">
                <Coords points="759,312 1263,310 1263,285 1199,281 759,285"/>
                <Baseline points="764,306 790,306 816,306 842,307 868,307 894,307 920,307 946,307 972,307 998,307 1024,307 1050,306 1076,306 1102,306 1128,306 1154,306 1180,305 1206,305 1232,305 1258,305"/>
                <TextEquiv>
                    <Unicode>tas t pis est in numerato esse prioris &amp; po¬</Unicode>
                </TextEquiv>
            </TextLine>
            <TextLine id="r3l7" custom="readingOrder {index:5;}">
                <Coords points="758,342 1231,351 1265,342 1265,311 1115,311 1104,323 758,312"/>
                <Baseline points="763,335 789,336 815,336 841,336 867,337 893,337 919,337 946,337 972,337 998,337 1024,337 1050,336 1076,336 1103,336 1129,336 1155,336 1181,336 1207,335 1233,335 1260,335"/>
                <TextEquiv>
                    <Unicode>sterionis motus, secundum quod illud est pris</Unicode>
                </TextEquiv>
            </TextLine>
            <TextLine id="r3l8" custom="readingOrder {index:6;}">
                <Coords points="758,378 1266,370 1266,349 1215,342 758,344"/>
                <Baseline points="763,367 789,367 815,367 841,368 867,368 894,368 920,368 946,368 972,368 998,368 1025,368 1051,368 1077,368 1103,368 1129,367 1156,367 1182,367 1208,366 1234,366 1261,366"/>
                <TextEquiv>
                    <Unicode>&amp; illud posterius, sed mensurare motum ac¬</Unicode>
                </TextEquiv>
            </TextLine>
            <TextLine id="r3l9" custom="readingOrder {index:7;}">
                <Coords points="755,403 1244,410 1259,403 1259,374 755,381"/>
                <Baseline points="760,399 786,399 812,399 838,399 864,399 890,399 916,399 942,399 968,399 994,399 1020,399 1046,399 1072,399 1098,399 1124,399 1150,399 1176,398 1202,398 1228,397 1254,397"/>
                <TextEquiv>
                    <Unicode>cidit tempori, sicut propria passio accidit sub</Unicode>
                </TextEquiv>
            </TextLine>
            <TextLine id="r3l10" custom="readingOrder {index:8;}">
                <Coords points="758,435 1258,433 1258,411 1198,404 1180,415 758,405"/>
                <Baseline points="763,428 788,428 814,428 840,429 866,429 891,429 917,429 943,429 969,429 995,429 1020,429 1046,429 1072,429 1098,429 1124,429 1149,429 1175,429 1201,429 1227,429 1253,428"/>
                <TextEquiv>
                    <Unicode>iecto. Sed nunquid motus secundum sui qui</Unicode>
                </TextEquiv>
            </TextLine>
            <TextLine id="r3l11" custom="readingOrder {index:9;}">
                <Coords points="756,466 1227,474 1263,464 1263,436 756,437"/>
                <Baseline points="761,459 787,459 813,459 839,459 865,459 891,459 917,459 944,459 970,459 996,460 1022,460 1048,460 1074,460 1101,460 1127,459 1153,459 1179,459 1205,459 1231,459 1258,459"/>
                <TextEquiv>
                    <Unicode>ditatem sit oer se quititas: videtur quod sic. quia</Unicode>
                </TextEquiv>
            </TextLine>
            <TextLine id="r3l12" custom="readingOrder {index:10;}">
                <Coords points="754,497 1256,498 1262,466 754,469"/>
                <Baseline points="759,489 785,489 811,489 837,489 863,489 890,489 916,489 942,489 968,489 994,489 1021,489 1047,489 1073,489 1099,489 1125,489 1152,489 1178,489 1204,489 1230,489 1257,489"/>
                <TextEquiv>
                    <Unicode>Commen 8. phy. com. oo. declarans dictum Phi</Unicode>
                </TextEquiv>
            </TextLine>
            <TextLine id="r3l13" custom="readingOrder {index:11;}">
                <Coords points="758,529 1263,530 1263,500 1209,495 891,508 758,496"/>
                <Baseline points="763,519 789,519 815,520 841,520 867,520 893,520 919,520 945,520 971,520 997,520 1023,520 1049,520 1075,520 1101,520 1127,520 1153,520 1179,520 1205,520 1231,520 1258,520"/>
                <TextEquiv>
                    <Unicode>losophi ibi, quomodo motus &amp; prius &amp; posterius</Unicode>
                </TextEquiv>
            </TextLine>
            <TextLine id="r3l14" custom="readingOrder {index:12;}">
                <Coords points="759,558 1273,562 1273,532 1207,525 759,528"/>
                <Baseline points="764,551 789,551 814,551 839,551 864,551 890,551 915,551 940,551 965,552 990,552 1016,552 1041,552 1066,552 1091,552 1116,552 1142,552 1167,551 1192,551 1217,551 1242,551 1268,551"/>
                <TextEquiv>
                    <Unicode>in motu sunt eadem subiecto, sed differunt</Unicode>
                </TextEquiv>
            </TextLine>
            <TextLine id="r3l15" custom="readingOrder {index:13;}">
                <Coords points="759,587 1269,594 1269,566 1200,557 760,557"/>
                <Baseline points="764,581 789,581 814,581 839,581 864,581 889,581 914,581 939,581 964,581 989,581 1014,581 1039,581 1064,581 1089,581 1114,581 1139,582 1164,582 1189,582 1214,582 1239,582 1264,583"/>
                <TextEquiv>
                    <Unicode>secundum esse, inquit quod prius &amp; posterius, </Unicode>
                </TextEquiv>
            </TextLine>
            <TextLine id="r3l16" custom="readingOrder {index:14;}">
                <Coords points="756,618 1275,617 1275,597 1235,588 756,593"/>
                <Baseline points="761,611 786,611 811,612 837,612 862,612 888,612 913,613 939,613 964,613 990,613 1015,613 1040,613 1066,613 1091,613 1117,613 1142,613 1168,613 1193,612 1219,612 1244,612 1270,611"/>
                <TextEquiv>
                    <Unicode>cum fuerunt accepta secundum quod sunt in subie¬</Unicode>
                </TextEquiv>
            </TextLine>
            <TextLine id="r3l17" custom="readingOrder {index:15;}">
                <Coords points="763,650 1273,650 1273,622 1243,616 1151,629 763,619"/>
                <Baseline points="768,644 793,644 818,644 843,644 868,644 893,644 918,644 943,644 968,644 993,644 1018,644 1043,644 1068,644 1093,644 1118,644 1143,644 1168,644 1193,644 1218,644 1243,644 1268,644"/>
                <TextEquiv>
                    <Unicode>cto, tunc sunt partes motus: cum autem fue</Unicode>
                </TextEquiv>
            </TextLine>
            <TextLine id="r3l18" custom="readingOrder {index:16;}">
                <Coords points="761,681 1256,682 1268,650 761,654"/>
                <Baseline points="766,673 792,674 818,674 844,674 870,674 896,674 922,674 949,674 975,674 1001,674 1027,674 1053,674 1079,674 1106,674 1132,673 1158,673 1184,673 1210,673 1236,673 1263,674"/>
                <TextEquiv>
                    <Unicode>rint consyderata secundum definitionem &amp;</Unicode>
                </TextEquiv>
            </TextLine>
            <TextLine id="r3l19" custom="readingOrder {index:17;}">
                <Coords points="757,713 1270,714 1270,685 1256,681 935,692 757,681"/>
                <Baseline points="762,703 787,704 812,705 837,705 862,705 887,705 912,705 938,705 963,705 988,705 1013,704 1038,704 1063,704 1088,704 1114,703 1139,703 1164,704 1189,704 1214,704 1239,706 1265,706"/>
                <TextEquiv>
                    <Unicode>&amp; quiditatem, tunc prius &amp; posterius erit</Unicode>
                </TextEquiv>
            </TextLine>
            <TextLine id="r3l20" custom="readingOrder {index:18;}">
                <Coords points="759,741 1273,746 1273,721 1215,713 759,717"/>
                <Baseline points="764,735 789,736 814,736 839,736 864,736 890,735 915,735 940,735 965,735 990,735 1016,735 1041,735 1066,735 1091,735 1116,735 1142,735 1167,735 1192,735 1217,736 1242,736 1268,737"/>
                <TextEquiv>
                    <Unicode>aliud a motu, quoniam motus est in quantitate,</Unicode>
                </TextEquiv>
            </TextLine>
            <TextLine id="r3l21" custom="readingOrder {index:19;}">
                <Coords points="763,770 1233,781 1273,770 1273,749 763,742"/>
                <Baseline points="768,765 793,765 818,765 843,765 868,765 893,765 918,766 943,766 968,766 993,766 1018,766 1043,766 1068,766 1093,766 1118,766 1143,765 1168,765 1193,765 1218,765 1243,765 1268,765"/>
                <TextEquiv>
                    <Unicode>&amp; prius &amp; posterius sunt in numero. ex quo</Unicode>
                </TextEquiv>
            </TextLine>
            <TextLine id="r3l22" custom="readingOrder {index:20;}">
                <Coords points="756,798 932,798 947,811 1268,801 1268,772 756,774"/>
                <Baseline points="761,795 786,795 811,796 836,796 861,797 886,797 911,797 936,797 961,797 986,797 1012,797 1037,797 1062,797 1087,797 1112,797 1137,797 1162,797 1187,797 1212,797 1237,797 1263,797"/>
                <TextEquiv>
                    <Unicode>videtur motum quiditatiue esse quantitatem. &amp; </Unicode>
                </TextEquiv>
            </TextLine>
            <TextLine id="r3l23" custom="readingOrder {index:21;}">
                <Coords points="761,834 1264,835 1254,803 1064,813 991,801 943,814 761,801"/>
                <Baseline points="766,825 791,826 817,827 843,827 869,827 895,827 921,828 947,827 973,827 999,827 1025,827 1051,827 1077,827 1103,827 1129,827 1155,827 1181,827 1207,827 1233,827 1259,828"/>
                <TextEquiv>
                    <Unicode>hoc Furleus, &amp; multi alii Auerroistae tenent</Unicode>
                </TextEquiv>
            </TextLine>
            <TextLine id="r3l24" custom="readingOrder {index:22;}">
                <Coords points="759,865 1270,866 1270,836 759,834"/>
                <Baseline points="764,858 789,858 814,857 839,857 864,857 889,857 914,857 939,857 964,857 989,857 1014,857 1039,857 1064,857 1089,857 1114,857 1139,857 1164,858 1189,858 1214,858 1239,858 1265,857"/>
                <TextEquiv>
                    <Unicode>Ex aduerso autem instatur ex authoritate</Unicode>
                </TextEquiv>
            </TextLine>
            <TextLine id="r3l25" custom="readingOrder {index:23;}">
                <Coords points="756,898 1276,897 1276,871 1252,865 756,869"/>
                <Baseline points="761,887 786,887 812,887 837,887 863,888 888,888 914,888 939,888 965,888 990,888 1016,888 1041,888 1067,887 1092,887 1118,887 1143,887 1169,887 1194,887 1220,887 1245,888 1271,888"/>
                <TextEquiv>
                    <Unicode>Philosophi in 8. meta. collocantis motum in </Unicode>
                </TextEquiv>
            </TextLine>
            <TextLine id="r3l26" custom="readingOrder {index:24;}">
                <Coords points="756,925 1272,930 1272,895 1258,893 756,900"/>
                <Baseline points="761,919 786,919 811,919 836,919 862,919 887,919 912,919 938,919 963,919 988,919 1014,919 1039,919 1064,919 1089,918 1115,918 1140,918 1165,918 1191,919 1216,919 1241,919 1267,919"/>
                <TextEquiv>
                    <Unicode>quantis per accidens. Amplius autem. A. physi.</Unicode>
                </TextEquiv>
            </TextLine>
            <TextLine id="r3l27" custom="readingOrder {index:25;}">
                <Coords points="765,954 1263,960 1275,932 765,934"/>
                <Baseline points="770,950 795,950 820,950 845,950 870,950 895,950 920,950 945,950 970,950 995,950 1020,950 1045,950 1070,950 1095,950 1120,950 1145,950 1170,949 1195,949 1220,949 1245,949 1270,948"/>
                <TextEquiv>
                    <Unicode>eom. &amp; tex. iis. &amp;. nis. dicit quod tempus men¬</Unicode>
                </TextEquiv>
            </TextLine>
            <TextLine id="r3l28" custom="readingOrder {index:26;}">
                <Coords points="756,986 1276,986 1276,962 1174,955 756,956"/>
                <Baseline points="761,980 786,980 812,981 837,981 863,981 888,981 914,981 939,981 965,981 990,981 1016,980 1041,980 1067,980 1092,980 1118,980 1143,980 1169,980 1194,980 1220,980 1245,980 1271,980"/>
                <TextEquiv>
                    <Unicode>surat rem motam, non simpliciter secundum quod mo</Unicode>
                </TextEquiv>
            </TextLine>
            <TextLine id="r3l29" custom="readingOrder {index:27;}">
                <Coords points="759,1018 1147,1027 1272,1013 1272,992 1245,986 1156,998 1109,984 1052,996 759,989"/>
                <Baseline points="764,1011 789,1011 814,1011 839,1011 864,1011 889,1011 914,1011 940,1012 965,1012 990,1012 1015,1012 1040,1011 1065,1011 1090,1011 1116,1011 1141,1010 1166,1010 1191,1010 1216,1009 1241,1008 1267,1007"/>
                <TextEquiv>
                    <Unicode>tum est quantum, sed secundum quod mots ip¬</Unicode>
                </TextEquiv>
            </TextLine>
            <TextLine id="r3l30" custom="readingOrder {index:28;}">
                <Coords points="760,1050 1219,1057 1269,1050 1269,1017 760,1020"/>
                <Baseline points="765,1039 791,1040 817,1040 843,1041 870,1041 896,1041 922,1041 948,1041 975,1041 1001,1041 1027,1041 1053,1041 1080,1041 1106,1041 1132,1040 1158,1040 1185,1040 1211,1040 1237,1040 1264,1040"/>
                <TextEquiv>
                    <Unicode>sius quantus est. vbi Commen in com. dicit quod tem¬</Unicode>
                </TextEquiv>
            </TextLine>
            <TextLine id="r3l31" custom="readingOrder {index:29;}">
                <Coords points="756,1085 1245,1082 1265,1078 1265,1052 756,1053"/>
                <Baseline points="761,1072 787,1072 813,1072 839,1072 866,1072 892,1072 918,1072 944,1072 971,1072 997,1072 1023,1071 1049,1071 1076,1071 1102,1071 1128,1071 1154,1071 1181,1071 1207,1071 1233,1071 1260,1071"/>
                <TextEquiv>
                    <Unicode>pus menfurat quantitatem accidentem mo¬</Unicode>
                </TextEquiv>
            </TextLine>
            <TextLine id="r3l32" custom="readingOrder {index:30;}">
                <Coords points="761,1109 1198,1114 1273,1104 1273,1084 761,1086"/>
                <Baseline points="766,1104 791,1104 816,1104 841,1104 866,1103 891,1103 916,1103 941,1103 966,1103 991,1103 1017,1103 1042,1103 1067,1103 1092,1103 1117,1102 1142,1102 1167,1102 1192,1102 1217,1101 1242,1101 1268,1101"/>
                <TextEquiv>
                    <Unicode>tui, &amp; per consequens, si quantiras motus acci¬</Unicode>
                </TextEquiv>
            </TextLine>
            <TextLine id="r3l33" custom="readingOrder {index:31;}">
                <Coords points="758,1138 1250,1142 1277,1139 1277,1109 758,1117"/>
                <Baseline points="763,1134 788,1134 813,1134 839,1134 864,1134 890,1134 915,1134 941,1134 966,1134 992,1133 1017,1133 1042,1133 1068,1133 1093,1133 1119,1133 1144,1133 1170,1133 1195,1133 1221,1133 1246,1133 1272,1133"/>
                <TextEquiv>
                    <Unicode>dit motui, essentia &amp; quiditas motus est ali¬</Unicode>
                </TextEquiv>
            </TextLine>
            <TextLine id="r3l34" custom="readingOrder {index:32;}">
                <Coords points="763,1174 1275,1170 1275,1139 763,1145"/>
                <Baseline points="768,1164 793,1164 818,1164 843,1165 868,1165 893,1165 918,1165 943,1165 968,1165 993,1165 1019,1165 1044,1165 1069,1164 1094,1164 1119,1164 1144,1164 1169,1164 1194,1163 1219,1163 1244,1163 1270,1163"/>
                <TextEquiv>
                    <Unicode>quid, cui illa quantitas aduenit, qui a nihil dicitur</Unicode>
                </TextEquiv>
            </TextLine>
            <TextLine id="r3l35" custom="readingOrder {index:33;}">
                <Coords points="759,1202 1265,1203 1275,1173 1150,1170 1124,1184 993,1171 965,1185 759,1174"/>
                <Baseline points="764,1194 789,1194 814,1195 839,1195 865,1195 890,1195 915,1195 941,1195 966,1194 991,1194 1017,1194 1042,1194 1067,1194 1092,1194 1118,1194 1143,1194 1168,1194 1194,1194 1219,1194 1244,1194 1270,1194"/>
                <TextEquiv>
                    <Unicode>sib imet accidere. vbi Comment. elicit vnum</Unicode>
                </TextEquiv>
            </TextLine>
            <TextLine id="r3l36" custom="readingOrder {index:34;}">
                <Coords points="757,1239 1269,1232 1269,1205 1206,1198 757,1205"/>
                <Baseline points="762,1226 787,1226 812,1226 837,1226 862,1225 887,1225 912,1225 937,1225 962,1225 987,1225 1013,1225 1038,1225 1063,1225 1088,1225 1113,1225 1138,1225 1163,1225 1188,1225 1213,1225 1238,1225 1264,1225"/>
                <TextEquiv>
                    <Unicode>pulchrum documentum per locum a ma¬</Unicode>
                </TextEquiv>
            </TextLine>
            <TextLine id="r3l37" custom="readingOrder {index:35;}">
                <Coords points="756,1267 1235,1266 1265,1262 1265,1231 756,1241"/>
                <Baseline points="761,1257 787,1257 813,1257 839,1257 866,1257 892,1257 918,1256 944,1256 971,1256 997,1256 1023,1256 1049,1256 1076,1255 1102,1256 1128,1256 1154,1256 1181,1256 1207,1256 1233,1257 1260,1257"/>
                <TextEquiv>
                    <Unicode>iori, quod, si tempus non mensurat rem motam</Unicode>
                </TextEquiv>
            </TextLine>
            <TextLine id="r3l38" custom="readingOrder {index:36;}">
                <Coords points="759,1293 1133,1302 1273,1290 1273,1269 1227,1262 759,1265"/>
                <Baseline points="764,1288 789,1287 814,1287 839,1287 864,1287 890,1286 915,1286 940,1286 965,1287 990,1287 1016,1287 1041,1287 1066,1287 1091,1287 1116,1287 1142,1287 1167,1287 1192,1287 1217,1286 1242,1286 1268,1286"/>
                <TextEquiv>
                    <Unicode>secundum quod est mota simpliciter, d ignius est ip¬</Unicode>
                </TextEquiv>
            </TextLine>
            <TextLine id="r3l39" custom="readingOrder {index:37;}">
                <Coords points="765,1322 1003,1321 1051,1335 1068,1322 1275,1323 1266,1289 1236,1304 765,1292"/>
                <Baseline points="770,1318 795,1318 820,1317 845,1317 870,1317 895,1317 920,1317 945,1317 970,1317 995,1317 1020,1317 1045,1317 1070,1317 1095,1317 1120,1317 1145,1317 1170,1317 1195,1317 1220,1317 1245,1317 1270,1317"/>
                <TextEquiv>
                    <Unicode>sum non mensurare aliquid secundum quod est </Unicode>
                </TextEquiv>
            </TextLine>
            <TextLine id="r3l40" custom="readingOrder {index:38;}">
                <Coords points="758,1355 1238,1357 1272,1354 1272,1327 758,1333"/>
                <Baseline points="763,1347 788,1347 813,1347 838,1347 863,1347 889,1348 914,1348 939,1348 964,1348 989,1348 1015,1348 1040,1348 1065,1348 1090,1348 1115,1348 1141,1348 1166,1348 1191,1348 1216,1348 1241,1348 1267,1348"/>
                <TextEquiv>
                    <Unicode>ens, ex quo vte quod, si essentia motus non men¬</Unicode>
                </TextEquiv>
            </TextLine>
            <TextLine id="r3l41" custom="readingOrder {index:39;}">
                <Coords points="761,1385 1273,1385 1273,1363 1233,1353 1197,1368 1151,1353 956,1353 932,1366 761,1356"/>
                <Baseline points="766,1380 791,1380 816,1380 841,1380 866,1379 891,1379 916,1379 941,1379 966,1379 991,1379 1017,1379 1042,1379 1067,1379 1092,1379 1117,1379 1142,1379 1167,1379 1192,1379 1217,1379 1242,1379 1268,1379"/>
                <TextEquiv>
                    <Unicode>suratur a tempore, sed quantitas accidens essen </Unicode>
                </TextEquiv>
            </TextLine>
            <TextLine id="r3l42" custom="readingOrder {index:40;}">
                <Coords points="764,1418 1265,1416 1265,1389 1230,1384 764,1389"/>
                <Baseline points="769,1409 794,1410 820,1410 846,1410 872,1410 898,1410 924,1410 949,1410 975,1410 1001,1410 1027,1410 1053,1410 1079,1410 1104,1410 1130,1410 1156,1410 1182,1410 1208,1410 1234,1410 1260,1410"/>
                <TextEquiv>
                    <Unicode>tiae motus, multo minus essentiae aliarum re¬</Unicode>
                </TextEquiv>
            </TextLine>
            <TextLine id="r3l43" custom="readingOrder {index:41;}">
                <Coords points="756,1450 1197,1445 1233,1458 1273,1450 1273,1420 756,1421"/>
                <Baseline points="761,1441 786,1440 811,1440 837,1440 862,1440 887,1440 913,1439 938,1439 963,1439 989,1440 1014,1440 1039,1440 1065,1440 1090,1440 1115,1440 1141,1440 1166,1440 1191,1440 1217,1440 1242,1440 1268,1440"/>
                <TextEquiv>
                    <Unicode>rum a tempore mensurabantur. &amp; ratio est, quia</Unicode>
                </TextEquiv>
            </TextLine>
            <TextLine id="r3l44" custom="readingOrder {index:42;}">
                <Coords points="756,1482 1255,1480 1264,1452 756,1453"/>
                <Baseline points="761,1470 787,1471 813,1471 839,1471 865,1471 892,1471 918,1471 944,1471 970,1471 996,1471 1023,1471 1049,1471 1075,1471 1101,1471 1127,1471 1154,1471 1180,1471 1206,1471 1232,1472 1259,1472"/>
                <TextEquiv>
                    <Unicode>vt inquit Philosophus. ii. meta. tex. com. i.S</Unicode>
                </TextEquiv>
            </TextLine>
            <TextLine id="r3l45" custom="readingOrder {index:43;}">
                <Coords points="754,1507 1205,1514 1264,1506 1264,1482 754,1485"/>
                <Baseline points="759,1501 784,1501 809,1501 834,1501 859,1501 884,1501 909,1502 934,1502 959,1502 984,1502 1009,1502 1034,1502 1059,1502 1084,1502 1109,1501 1134,1501 1159,1501 1184,1501 1209,1500 1234,1500 1259,1500"/>
                <TextEquiv>
                    <Unicode>tempus aute inotus est, aut est motus passio</Unicode>
                </TextEquiv>
            </TextLine>
            <TextLine id="r3l46" custom="readingOrder {index:44;}">
                <Coords points="762,1545 1165,1547 1273,1537 1273,1508 762,1514"/>
                <Baseline points="767,1531 792,1531 817,1532 842,1532 867,1532 892,1532 917,1532 942,1532 967,1532 992,1531 1017,1531 1042,1531 1067,1531 1092,1531 1117,1531 1142,1531 1167,1531 1192,1531 1217,1531 1242,1531 1268,1531"/>
                <TextEquiv>
                    <Unicode>quaedam. Et ideo magis vt quod tempos habeat</Unicode>
                </TextEquiv>
            </TextLine>
            <TextLine id="r3l47" custom="readingOrder {index:45;}">
                <Coords points="758,1569 1270,1570 1270,1542 758,1547"/>
                <Baseline points="763,1563 788,1563 813,1563 838,1563 863,1563 888,1563 913,1563 938,1563 963,1563 988,1563 1014,1563 1039,1563 1064,1563 1089,1563 1114,1563 1139,1563 1164,1563 1189,1563 1214,1563 1239,1562 1265,1562"/>
                <TextEquiv>
                    <Unicode>mensurare essentiam motus, quae essentiam alia</Unicode>
                </TextEquiv>
            </TextLine>
            <TextLine id="r3l48" custom="readingOrder {index:46;}">
                <Coords points="763,1602 1252,1603 1265,1601 1265,1572 763,1573"/>
                <Baseline points="768,1594 793,1594 819,1593 845,1593 871,1593 897,1593 923,1593 949,1593 975,1593 1001,1593 1026,1593 1052,1593 1078,1593 1104,1593 1130,1593 1156,1593 1182,1593 1208,1593 1234,1593 1260,1592"/>
                <TextEquiv>
                    <Unicode>rum rerum. &amp; ideo, si non mensurat mote</Unicode>
                </TextEquiv>
            </TextLine>
            <TextLine id="r3l49" custom="readingOrder {index:47;}">
                <Coords points="763,1634 1265,1635 1265,1605 1208,1600 763,1605"/>
                <Baseline points="768,1624 793,1624 819,1624 845,1624 871,1624 897,1624 923,1624 949,1624 975,1624 1001,1624 1026,1624 1052,1624 1078,1624 1104,1624 1130,1624 1156,1624 1182,1623 1208,1623 1234,1623 1260,1623"/>
                <TextEquiv>
                    <Unicode>essenam, sed quantita tem accidentem mo¬</Unicode>
                </TextEquiv>
            </TextLine>
            <TextLine id="r3l50" custom="readingOrder {index:48;}">
                <Coords points="758,1660 1269,1661 1269,1636 1187,1628 758,1637"/>
                <Baseline points="763,1655 788,1655 813,1655 838,1655 863,1654 888,1654 913,1654 938,1654 963,1654 988,1654 1013,1654 1038,1654 1063,1654 1088,1654 1113,1654 1138,1654 1163,1654 1188,1654 1213,1654 1238,1654 1264,1655"/>
                <TextEquiv>
                    <Unicode>tui, nmulto minus mensurabit essentiam</Unicode>
                </TextEquiv>
            </TextLine>
            <TextLine id="r3l51" custom="readingOrder {index:49;}">
                <Coords points="760,1695 1238,1695 1267,1690 1267,1664 759,1669"/>
                <Baseline points="764,1686 790,1686 816,1685 842,1685 868,1685 895,1685 921,1685 947,1685 973,1685 999,1685 1026,1685 1052,1685 1078,1685 1104,1685 1130,1685 1157,1685 1183,1685 1209,1685 1235,1685 1262,1685"/>
                <TextEquiv>
                    <Unicode>aliarum rerum. &amp; ista etiam fuit sententia Alexa.</Unicode>
                </TextEquiv>
            </TextLine>
            <TextLine id="r3l52" custom="readingOrder {index:50;}">
                <Coords points="757,1722 1236,1730 1275,1721 1275,1697 757,1699"/>
                <Baseline points="762,1716 787,1716 812,1716 838,1716 863,1715 889,1715 914,1715 939,1716 965,1716 990,1716 1016,1716 1041,1716 1066,1716 1092,1716 1117,1716 1143,1716 1168,1716 1193,1716 1219,1716 1244,1715 1270,1715"/>
                <TextEquiv>
                    <Unicode>vt recitat Commen. 8. phy. con. ioi. quod tempus</Unicode>
                </TextEquiv>
            </TextLine>
            <TextLine id="r3l53" custom="readingOrder {index:51;}">
                <Coords points="759,1754 1099,1762 1273,1747 1273,1725 759,1725"/>
                <Baseline points="764,1747 789,1746 814,1746 839,1746 864,1746 890,1746 915,1746 940,1746 965,1746 990,1746 1016,1746 1041,1746 1066,1747 1091,1747 1116,1747 1142,1747 1167,1747 1192,1746 1217,1746 1242,1746 1268,1745"/>
                <TextEquiv>
                    <Unicode>non est numetus motus, i. quod non est incre¬</Unicode>
                </TextEquiv>
            </TextLine>
            <TextLine id="r3l54" custom="readingOrder {index:52;}">
                <Coords points="760,1785 1171,1782 1221,1794 1272,1786 1272,1750 760,1757"/>
                <Baseline points="765,1778 790,1778 815,1778 840,1778 865,1778 890,1777 915,1777 940,1777 965,1777 990,1776 1016,1776 1041,1776 1066,1776 1091,1776 1116,1776 1141,1776 1166,1776 1191,1777 1216,1777 1241,1777 1267,1778"/>
                <TextEquiv>
                    <Unicode>mentum tempus numerare motum. quod</Unicode>
                </TextEquiv>
            </TextLine>
            <TextLine id="r3l55" custom="readingOrder {index:53;}">
                <Coords points="758,1818 1272,1818 1272,1788 758,1785"/>
                <Baseline points="763,1809 788,1809 813,1809 838,1809 863,1809 889,1809 914,1809 939,1809 964,1808 989,1808 1015,1808 1040,1808 1065,1808 1090,1807 1115,1807 1141,1807 1166,1807 1191,1807 1216,1808 1241,1808 1267,1809"/>
                <TextEquiv>
                    <Unicode>ideo dicit, quia secundum Alex. quiditas tem</Unicode>
                </TextEquiv>
            </TextLine>
            <TextLine id="r3l56" custom="readingOrder {index:54;}">
                <Coords points="764,1854 1238,1849 1275,1845 1275,1821 764,1822"/>
                <Baseline points="769,1841 794,1841 819,1840 844,1840 869,1840 894,1840 919,1840 944,1839 969,1839 994,1839 1019,1839 1044,1839 1069,1839 1094,1839 1119,1839 1144,1839 1169,1839 1194,1839 1219,1839 1244,1839 1270,1838"/>
                <TextEquiv>
                    <Unicode>poris non consistit in numeratione actius</Unicode>
                </TextEquiv>
            </TextLine>
            <TextLine id="r3l57" custom="readingOrder {index:55;}">
                <Coords points="759,1883 1096,1882 1154,1868 1202,1881 1268,1874 1268,1843 759,1854"/>
                <Baseline points="764,1872 790,1872 816,1872 842,1872 869,1872 895,1872 921,1871 947,1871 974,1871 1000,1871 1026,1870 1052,1870 1079,1870 1105,1869 1131,1869 1157,1869 1184,1869 1210,1869 1236,1869 1263,1869"/>
                <TextEquiv>
                    <Unicode>respectu motus, sed in numerato esse priori</Unicode>
                </TextEquiv>
            </TextLine>
            <TextEquiv>
                <Unicode>Non inconvenit ergo tempus, quo ad id, quod 
est secundum sui quiditatem esse quantitatem per
se, &amp; quo ad id, quod accidit ei. quod sit qui¬
tum per accidens. nam vt inquit Alexam. quidi¬
tas t pis est in numerato esse prioris &amp; po¬
sterionis motus, secundum quod illud est pris
&amp; illud posterius, sed mensurare motum ac¬
cidit tempori, sicut propria passio accidit sub
iecto. Sed nunquid motus secundum sui qui
ditatem sit oer se quititas: videtur quod sic. quia
Commen 8. phy. com. oo. declarans dictum Phi
losophi ibi, quomodo motus &amp; prius &amp; posterius
in motu sunt eadem subiecto, sed differunt
secundum esse, inquit quod prius &amp; posterius, 
cum fuerunt accepta secundum quod sunt in subie¬
cto, tunc sunt partes motus: cum autem fue
rint consyderata secundum definitionem &amp;
&amp; quiditatem, tunc prius &amp; posterius erit
aliud a motu, quoniam motus est in quantitate,
&amp; prius &amp; posterius sunt in numero. ex quo
videtur motum quiditatiue esse quantitatem. &amp; 
hoc Furleus, &amp; multi alii Auerroistae tenent
Ex aduerso autem instatur ex authoritate
Philosophi in 8. meta. collocantis motum in 
quantis per accidens. Amplius autem. A. physi.
eom. &amp; tex. iis. &amp;. nis. dicit quod tempus men¬
surat rem motam, non simpliciter secundum quod mo
tum est quantum, sed secundum quod mots ip¬
sius quantus est. vbi Commen in com. dicit quod tem¬
pus menfurat quantitatem accidentem mo¬
tui, &amp; per consequens, si quantiras motus acci¬
dit motui, essentia &amp; quiditas motus est ali¬
quid, cui illa quantitas aduenit, qui a nihil dicitur
sib imet accidere. vbi Comment. elicit vnum
pulchrum documentum per locum a ma¬
iori, quod, si tempus non mensurat rem motam
secundum quod est mota simpliciter, d ignius est ip¬
sum non mensurare aliquid secundum quod est 
ens, ex quo vte quod, si essentia motus non men¬
suratur a tempore, sed quantitas accidens essen 
tiae motus, multo minus essentiae aliarum re¬
rum a tempore mensurabantur. &amp; ratio est, quia
vt inquit Philosophus. ii. meta. tex. com. i.S
tempus aute inotus est, aut est motus passio
quaedam. Et ideo magis vt quod tempos habeat
mensurare essentiam motus, quae essentiam alia
rum rerum. &amp; ideo, si non mensurat mote
essenam, sed quantita tem accidentem mo¬
tui, nmulto minus mensurabit essentiam
aliarum rerum. &amp; ista etiam fuit sententia Alexa.
vt recitat Commen. 8. phy. con. ioi. quod tempus
non est numetus motus, i. quod non est incre¬
mentum tempus numerare motum. quod
ideo dicit, quia secundum Alex. quiditas tem
poris non consistit in numeratione actius
respectu motus, sed in numerato esse priori</Unicode>
            </TextEquiv>
        </TextRegion>
    </Page>
</PcGts>
