1475 2066
191 131 701 174 convenit plura esse genera prima. teste Porphi¬
188 162 702 195 rio, capilo de specie dicente decem praedicam esta
191 193 684 227 ta esse tanquam decem rerum principia.
228 224 694 253 Secunda contradictio est in eodem com¬
188 252 694 283 mento. Inquit Commentator quod non est de
190 284 697 322 monstratio ad geneus artis, neque ad species i
192 313 706 355 lius. hoc idem habet. a. de anima conm. a v. Sed
185 349 691 378 oppositum fuit adductum per nos in mai
187 374 699 418 gine de esse ignis, quod demonstratum est
193 405 693 444 A. coeli. tex. co. ii. cum tamen ignis sit pars sub
190 434 707 465 fiectiua illius libri. Soluunt aliqui quod ibi non
188 465 696 506 demonstratur esse ignis, sed demonstratur
198 494 702 533 gnem esse in loco. Ista solutio non est de
189 526 695 562 intentione Auerr. quia ipse habet ibi in com¬
191 556 691 588 mento, quod ibi demonstratur species sub
196 586 694 620 ecti artis Ideo dicamus non inconuenire
192 621 690 650 demonstrari species seu partes subiectiuas
186 650 695 689 quod idem est, in scientia, vbi illae ignota
190 680 701 714 fuerint. & nulla alia ratione mouemur ad
190 708 699 741 hoc asserendum, nisi in casu, quo illae fue¬
190 743 701 771 rint ignotae. nam quid prohibet eas in scientia
192 770 699 805 demonstrari posse demonstratione signi
196 803 702 834 vbi in tali scientia fuerint ignotae:s & cum
191 832 698 867 hoc in tali scientia fuerit medium notius,
188 864 694 902 per quod in illa scientia demonstrari queant
191 892 697 930 quod dico propter substantias separatas, quae
198 921 695 961 licet sint partes subiectiuae entis, inquantum
191 956 694 986 ens, quod est adaequatum subiectum Meta
184 985 692 1018 physicae, non tamen possunt demonstrari ex de
194 1015 699 1049 fectu medii. quia nullum aliud est medium,
195 1042 701 1076 vt dicit Commentator ad probandum sub¬
195 1077 693 1105 stantias separatas esse, nisi motus, vt dicit. Ia
194 1105 697 1143 metaphysi. com. 8. hoc autem raro contingit in
192 1134 695 1170 scientia, quod tales partes subiectiuae in scientia de¬
189 1167 690 1203 monstrantur: vel quia raro contingit quo
195 1195 692 1234 sint ignotae: vel quia raro contingit illam sciet
195 1226 693 1259 tiam habere medium notius in illa scienti
195 1260 693 1293 ad illas demonstrandas. Vnde Comment. A
195 1284 699 1323 coeli. ii. expresse dicit raro istud contingere.
195 1315 699 1346 & vt ego put o, hoc non contingit, nisi, propter
193 1346 701 1386 alteram istarum duarum causarum. Proposi¬
195 1377 698 1411 tio igitur ista Auer. non habet veritatem, nisi
199 1406 697 1442 vt in pluribus, non semper. & ita est de mul¬
192 1436 697 1479 tis, propotenibus naturalibus, quae non sunt verae,
194 1466 696 1498 nisi vt in pluribus. Et de hoc non debemus
199 1501 697 1530 admirari. nam. a. phy. A{ 8. ea, quae sunt a natura,
189 1526 665 1561 aut sunt semper, aut sunt vt in pluribus,
226 1561 693 1593 Tertia contradictio est in eodem primo
197 1589 701 1622 comiento. Dicitur quod eiusdem scientiae est
198 1618 689 1650 scire quia est rei, & quid sit res illa. IIluiu
196 1652 699 1682 tamen oppositum sequitur ex dictis Auerro. a
198 1681 692 1715 phy. com. i. 8. vbi habet quod scientia Natur:
198 1714 689 1746 lis benc cognoscit esse abstractorum, non
203 1738 692 1781 autem cognoscit quiditatem. Soluitur. dictum
195 1770 701 1802 Philosophi habet locum hic, quando si est
201 1802 697 1842 inuestigatum fuerit a priori: fallit auteni,
732 133 1254 165 quando tale si est inuestigatum fuerit a posterio
728 166 1240 201 ri: sicut procedit instantia ex. . 8. secundi phi¬
728 191 1251 226 Et ista giosa est ipsius Aristote. id e. poster. &
735 225 1209 258 Auer. tex. com. enim sicut clare videre poteris
767 251 1248 286 Quaria contradi. est in tex. 2. Arist. dicit
732 281 1249 314 iu. 8. mera. tex. cmm id es. quod formae naturales
730 316 1244 346 sunt sicut simum, & formae mathematieae
729 342 1249 378 sunt, sicut concauum. vbi colligitur formas
735 373 1242 411 naturales non posse secundum tationem con¬
731 411 1249 444 cipi sine materia. Sed huius oppositum ex¬
734 436 1244 474 presse colligitur. i. coeli. tex com. Si. vbi dicitur
734 469 1247 507 quod tam in rebus natura qua etiam arte con
737 496 1237 530 stantibus aliud est secundum seipsam conce
728 533 1246 562 pra forma, & aliud vt est mixta cum materia.
734 556 1251 590 Et confirmatur per Auerr. ii. meta. con. 2D.
735 587 1246 618 vbi habet quod intellectus natus est diuide
734 620 1249 650 re coniuncta in esse, sicut diuidit matetiam
732 648 1243 683 a forma, & formam a congregato ex mate
733 684 1241 714 ria & forma. Soluitur. aliud est formam na
734 711 1245 746 turalem ratione esse separabiler i a materia,
733 741 1239 770 aliud est eam definiri posse sine materia
734 770 1241 808 primum verum est. i. phsicice. ii. forma est na
729 803 1251 834 tura, quae non est separabilis nisi ratione, tamen
735 830 1239 866 definiti non potest. nam definitio est ratio
732 868 1245 893 complete significans rem suam esse. Vnde
732 892 1243 922 Commen. i. de anima, con. i. 8. dicit quod formae na
728 923 1241 956 turales non possunt definiri sine materia,
734 956 1239 991 alioquin talis intentio erit accepta alio mo
735 980 1238 1014 do quae est. Et, quia Arist. in. 8. primae philoso
735 1013 1244 1050 phiae scientiarum speculatiuar distinctionem
732 1041 1242 1084 venatur penes distinctum modum definiendi,
726 1072 1238 1107 ideo dixit quod naturales formae sine nia
728 1103 1243 1138 teria definiri non possunt, possunt tamen intelli¬
735 1138 1236 1170 gi & abstrahi a materia. Et hic nota errorem
729 1162 1235 1194 illorum, qui non distinxerunt inter modum
729 1195 1237 1226 abstrahendi, & definiendi. & est differentia
730 1222 1235 1256 magna valde, sicut vides. vtrum autem ista
731 1254 1231 1287 abstractio sit naturalis vel mathematica
728 1285 1242 1322 de hoc vide quae scripsi super consimili diffi¬
734 1313 1110 1346 cultate in. a. physi. in tex. con.i
769 1341 1228 1378 uinta contradi. est super eodem tex. Atif
732 1377 1226 1410 venatur diuisionem Philosophiae theorica
730 1407 1228 1439 extriplici modo diuerso definiendi, & ost.
726 1436 1235 1467 dit quod sunt tres, videlicet Naturalis. Ma
731 1466 1241 1507 thematica. & Theologia. Sed huius opposi¬
728 1497 1238 1531 tum inuenimus ab eodem in it. primae: phi
726 1526 1232 1562 losophiae, in cap. i. vbi concludit Mathema
727 1560 1239 1595 ticam Naturalemque: partes esse sapientiae.
728 1586 1232 1623 consueuit autem Anst. Meraphysicam nuncu
724 1621 1232 1657 pare plerunque primam Philosophiam Sapien
731 1653 1228 1682 tiam, & interdum Theologiam, sicut notat
729 1685 1233 1714 Alex. in. 8. meta. impossibile est autem vt
730 1717 1237 1746 vnum & idem sit pars condiuidens geneus,
731 1741 1235 1771 & sit pars postmodum speciei alterius con
727 1773 1224 1803 diuidentis, sicut si irrationale condiuidit cum
720 1805 1228 1834 rationali animal. impossibile est irrationale esse partem
