1475 2066
206 165 723 227 i complementum alicuius actionis,
228 216 730 275 & actiones omnes fiunt per mo¬
227 260 727 328 tum. Notum est igitur quod im¬
226 308 724 371 possibile est quod iste finis sit in re
222 357 726 418 bus immobilibus, et in eis aliquod
226 405 723 466 bonum per se non est. Et ideo in
222 452 717 506 scientuis Mathematicis nihil de¬
223 500 725 546 claratur per istam causam. et nul
217 548 719 598 la demonstratio sit per illam, neu
221 597 715 658 quia est melior, neque quia est vi¬
224 637 723 690 lior. Et vniuersaliter nullus homi¬
216 691 722 746 num inuenit istam talem causam
206 738 713 799 in mathematicis scientiis. Et ide¬
222 784 712 842 quidam Sophistarum dimiserunt
213 834 721 891 sicut fecit Aristippus, in aliis au
219 881 719 946 tem artificus, verbi gratia Car¬
216 924 712 987 pentaria & Sutoria, illis dicitur
218 972 713 1037 melius et vilius, et artifices istiu¬
218 1021 711 1082 artis non perscrutatur omnino d.¬
218 1069 713 1124 bonis, & malis. Manifestum est
214 1117 716 1178 igitur, quod scientiae causarum
218 1165 704 1222 multae sunt. & omni, causa, &
212 1212 710 1278 principium habet aliam scientia,
215 1261 708 1322 scilicet principium alterius scien
206 1313 719 1373 tiae. Quaerendum est igitur, qualis,
216 1357 707 1418 scientia istarum est digna, vt di¬
221 1403 713 1466 catur Philosophia: & qualis sci¬
219 1452 711 1516 ens est dignus vt vocetur Philo¬
212 1500 718 1562 sophus. & sic notificabitur illud,
220 1549 710 1611 quod quaerendum est hic. impossi¬
220 1595 717 1658 bile est enim vt species omnium causari
213 1644 719 1702 sint eiusdem rei, sicut domus. cau¬
218 1693 715 1754 sa enim domus, ex qua fit motus, est
212 1741 721 1799 artificium, & aedificator: & cau
211 1788 719 1850 sa, propter quam sit domus, est opes
219 1837 714 1898 ratio: & materia domus est lu¬
755 165 1275 226 tum, & lateres: & forma do¬
759 213 1263 265 mus est terminus eius. Secundum
761 261 1257 324 igitur quod distinximus, & di¬
756 308 1263 371 xcimus qualis scientia debet voca
759 357 1255 418 ri philosophia, contincet vt om¬
755 404 1261 462 nis scientia vocetur Philosophia.
751 452 1246 517 philosophia autem alia & prior
758 501 1257 562 & nobilior, quam scientiae aliae
749 549 1257 611 consequutur, necesse est vt sit cau
746 596 1258 650 sa complementi, & boni. aliae enim
749 645 1248 706 causae sunt propter istam causam.
746 693 1253 754 Et iam diximus primo, quod Phi
748 746 1239 802 losophia primarum causarum, &
751 788 1259 846 illud, quod est valde scitu, est scientia
745 833 1253 891 substantiae. Ees enim multis modis sci¬
751 893 1259 945 tur. & plus quod scitur est de sua
742 932 1246 985 substantia. Et, cum voluerimus
747 980 1259 1042 scire vnamquanque, rerum habentum,
751 1028 1253 1075 demonstrationem, nos existimabi
751 1077 1255 1136 mus notificare eas, quando scie¬
751 1122 1255 1187 mus quid sunt. v.g. quid est qua¬
750 1172 1258 1236 dratura. dicemus igitur, quod qua
741 1221 1255 1275 dratura est mediu inuenire. & si¬
751 1268 1253 1326 militer de aluis. Generationes au¬
745 1316 1241 1371 tem, & actiones, & omnis trans
744 1362 1252 1421 mutatio sciuntur a nobis, quando
744 1420 1247 1467 sciuerimus principium motus. &
749 1457 1253 1515 ista causa est alia a causa comple¬
741 1507 1233 1572 menti. Manifestum est igitur
751 1556 1259 1621 quod cognitio vniuscuiusque, istarum
748 1603 1251 1658 causarum, habet aliam scietiam.
793 1685 1247 1722 Dicamus nunc primo, &c. Inten¬
751 1720 1255 1762 dit per omnia genera ceusarum qua¬
752 1759 1257 1812 tuor causas, & quasi dicit, vtrum
753 1796 1257 1846 perscrutatio de generibus causarum
749 1837 1259 1890 entium est vnius scientiae, aut pluriumus
