1475 2066
194 133 719 170 distinguitur contra principium assimilan¬
194 173 714 203 di. si primum sic dico, quod quemadmodum
194 206 718 234 a forma indiuiduum habet esse & non a ma
208 231 714 262 teria, ita etiam ab ea recipit distinctionem
202 263 718 298 quis, vt dicit lucidissimus Them. in princi¬
206 300 718 323 x. de anima, a forma res habent vt essent,
208 323 712 354 sed a materia res habuerunt vt fierent. ma
210 356 721 386 teria enim est, ex quo fit aliquid: sed forma est,
205 388 724 421 per quam est hoc aliquid. & hanc sententiam
204 411 706 450 asseruit etiam Commen in. v. met. in com¬¬
204 445 724 482 vbi dicit forma est, quae cum fuerit, erit res: sed
208 478 712 516 materia cum fuerit non erit res. sic igitur a for¬
210 506 720 542 ma principaliter indiuiduum habet esse, & per
204 541 719 570 formam principaliter recipit distinctionem,
205 567 720 603 a priori loquendo. a materia autem non rec i¬
202 597 717 634 pit distinctionem principaliter, sed secunda¬
207 628 719 662 rio, vt comparat ad formam. Sed, si distin¬
209 658 716 701 ctio indiuidui per materiam comparetur ad distin
204 691 715 722 ctionem a posteriori, quam habet indiuiduum per
208 720 721 761 quantitat et, & per alia accidentia, sic dico, quod
205 751 723 785 indiuiduum principaliter distinguitur ab alio per
207 784 719 818 materiam, & non per accidentia, nisi concomi¬
211 813 725 844 tanter. & hoc colligitur ex intentione Auer. in
204 843 717 875 lib. destructio destructionum in dispu. prima
210 873 717 906 in soio. v. dubii. vbi dicit inconueniens est in
208 902 722 938 diuiduum distingui ab alio indiuiduo solum
208 935 714 974 per accidentia, immo indiuidua ab inuicem
207 964 713 997 distitiguuntur materia. &. v. primae philoso¬
204 1000 722 1035 phiae. con iexpresse scribit, quod indiuiduum sub
209 1029 721 1059 stantiae praecedit indiuidua aliorum acciden
213 1058 713 1097 tium. sic igitur distinctio a materia est prior di¬
211 1087 714 1122 stinctione per accidentia. Quod etiam rationem
213 1117 717 1148 onditur nam, si indiuiduum principaliter esset hoc
213 1148 713 1179 & distinctum ab alio eiusdem speciei per aliquid
206 1180 720 1211 accidens, tunc aut hoc esset per accidentia
209 1213 716 1242 terminata, aut per accidentia interminata:
210 1240 714 1274 non per accidentia terminata, quia illa ad
204 1276 719 1306 ueniunt composito post formam secundum naturam.
213 1300 715 1338 vt dicit Com. in. i. cap. de substa. orbis, & per
211 1331 721 1369 conse quens in illo priori indiuiduum est hoc,
213 1360 712 1394 & non illud, & non per aliquod accidens tet
207 1396 711 1426 minatum, nec etiam per accidentia intermina
208 1428 708 1458 ra, quia talia fundantur in materia, & sunt in
208 1454 717 1490 differentia ad qualibet formam. Et ideo ca¬
215 1486 710 1521 ueant, qui ponunt quantitatem esse principium
213 1516 702 1546 indiuiduationis a priori, & distinctionis
213 1545 711 1577 sed solum est a posteriori. sic enim intelligo di¬
209 1576 714 1611 ctum Con. in. i. pliy. con¬s. & sicubi habet simile
206 1610 715 1642 modum, quod multiuido, aut est rerum differetium
206 1639 711 1673 secundum formam, aut est rerum differentium secundum quam
211 1676 716 1706 titatem. vbi per differentiam secundum quantitateni
207 1701 713 1731 intelligit differentiam eorum, quae sunt vnis speciei
211 1729 711 1762 sed licet Philosophis inspicientibus multi
211 1764 720 1794 tudinem in eadem specie apparuit, quod non inue
211 1793 717 1826 nitur nisi in rebs materialibs, & quantis, quam¬
212 1828 717 1866 titas tamen non ust principium uiuinsecum, & prin¬
746 133 1257 172 cipale istius multitudinis, & distinctionis,
757 169 1263 200 & per se, sed necessario requisitum, & secun¬
744 201 1264 241 darium. dixi autem necessario requisitum. quia, si
751 233 1259 266 materia non esset diuisa per quantitatem in
745 261 1265 292 suis partibus, non posset habere in eadem ho
751 292 1257 322 ra plures formas in actu, vt seribit Con. in li¬
748 324 1254 361 bro de substantia orbis. Si autem quaestio quae
750 352 1259 386 rat, vtrum distinguendo principium assimilan¬
752 383 1259 414 di contra principium distinguendi, a quo in¬
748 413 1263 450 diuiduum principaliter, & approptiate recipit
751 445 1265 477 dist instionem, & similitudinem, vtrum a materia
747 475 1265 517 vel a forma, Soluo sine aliquo dubio, quod di¬
746 506 1262 538 stinctionem appropriate recipit a materia, &
744 536 1257 570 assimilationem appropriate recipit a forma.
754 568 1259 603 Nam impossibile est assimilationem fieri a mate
752 597 1263 634 ria, a qua est omnis infirmitas, sed hoc est a
747 629 1259 666 forma. & hoc est, quod pulchre notauit Arist.
749 658 1259 691 in praesenti tex. com. i. 8 quod quae sunt differentia pro¬
747 693 1257 728 pter materiam, vt Socrates, & Callias, sunt ea¬
748 725 1257 755 dem in forma: ecce quod identiras est a forma
754 751 1263 786 & diuersitas est a materia. Vnde Con. in comn¬
749 788 1261 818 dicit quod multitudo indiuiduorum proueniens
751 814 1263 850 ab vno generante est propter multitudinem
748 846 1262 882 materietum in quas agit. & est ratio, quia
751 874 1257 905 fundamentum proximum identiatis est vnitas i
744 908 1255 938 substantia. dicitur enim in. 8. meta. tex. conm. io¬
750 934 1257 970 eadem sunt, quorum substantia est vna. sed
751 973 1261 997 cum vnitas sit principaliter a forma: dicitur,
752 997 1265 1026 eninm in. i. de anima. tex. con. v. Ens & vnum
750 1026 1254 1058 cum multipliciter dicantur, quod vere est, actus est
744 1055 1264 1090 &. i. phy. con. Ss. inquit Commen causa, propter
745 1094 1263 1122 quam vnum est indiuisibile, est quia omnis
745 1118 1267 1151 res est vna per suam forniam. forma autem est
747 1148 1259 1178 indiuisibilis per se. & hoc etiam sentit in in
753 1176 1254 1213 finitis aliis locis. Materia autem appropriate di
750 1212 1258 1242 citur esse principium distinctionis illo modo
745 1237 1250 1274 quia ex quo non potuit esse principium con¬
750 1277 1257 1307 uenientiae, & similitudinis, secutum est, vt
747 1307 1259 1336 esset principium diuersitatis. Et hoc bene
751 1333 1253 1362 enucleauit nobilis Peripateticus Auerro. in
749 1360 1255 1394 lib. destructionum disputa. prima. in solutio¬
744 1394 1254 1426 ne. v. dubii, vbi sic scribit ad literam. Nam
749 1425 1255 1459 causa multitudinis numeralis est materia
750 1460 1257 1491 apud eos: causa vero distinctionis in multi¬
746 1490 1254 1523 tudine numerali est forma. Eeperiri auteni
751 1515 1257 1546 multa numero, eadem tamen forma absque ma¬
752 1549 1251 1578 teria, est quid dubium. nam non cognoscitur, nec di¬
752 1576 1253 1611 stinguitur indiuiduum ab indiuiduo aliquo
744 1612 1257 1647 attributo, nisi per accidens. quoniam reperitur
745 1638 1253 1674 aliud, quod communicat ei in attrihuto illo:
751 1669 1253 1706 distinguitur tamen indiuiduum ab indiuiduo ex
754 1700 1255 1736 parte materiae. Adde etiam quod Philosophi, &
749 1731 1253 1769 praecipue Peripatetici, cum viderini multitu¬
746 1759 1253 1794 dinem sine necessitate in natura non esse
749 1794 1253 1830 ponendam, dixerunt multiplicationem indi¬
751 1823 1255 1858 tuduorum in eadem specie ex dininutione
