1475 2066
207 165 720 202 autem vir summae authoritatis in omni scien
210 203 718 234 tia, & Latinorum gloria, asseuerat ibidem
210 231 719 265 scientiam illam post Aristo. tempora inuen
205 262 725 292 tam fuisse. sed ipse breuitati studens voluit
207 291 729 322 supersedere a ialidemonstiatione. Nos igitur
209 324 723 355 dicamus non inconuenire aliqua conueni¬
208 356 720 390 re magnitudinibus mathematice consyde
214 383 725 418 ratis, quae tamen repugnant magnitudinibus
214 412 731 450 eisdem, vt a Natura: in consyderantur. sicut
212 444 723 483 pulchre declarat Commen i. coeli com. i2
217 477 725 507 vbi dicit motui circulari mathemarice ali¬
213 505 725 538 quid contrarian, non naturaliter. simili¬
219 535 722 571 ter. 8. phy. vi. linca mathematica in infini¬
218 566 725 602 tum potest diuidi, non autem vt est terrestris,
220 598 719 634 vel ignea. Sic etiam naturaliter consyderan¬
215 629 727 659 do magnitudinem circularem, & rectani,
219 659 729 691 non sunt comparabiles: quia iste consyde¬
218 690 731 723 rat res, vt sunt in motu, et in re extra, & quia,
218 723 733 761 vt dicebatur, cum aequalia sint illa, quae inuicem,
221 752 725 787 superposita non se excedunt, nec excedunt
222 783 728 815 a se inuicem. & ideo secundum rem curuum, & re
219 813 731 851 ctum non possunt aequari, quia tunc curuum
221 846 733 875 non esset curuum. sed Matheniaticus, cuius
223 877 729 914 propositiones omnes sunt verae ad imaginatio¬
216 907 733 938 nem. i. phy. So. tenet siguram rectam com¬
216 941 724 974 parabilem esse sigurae circulari: quia ipse ima
216 972 728 1004 ginatur, quod est possibile, quod linea recta incur)
223 1000 728 1034 uetur, & fiat circularis. & ideo ipse etian¬
228 1027 737 1063 dicit quod linea recta est breuissima, quae duci
226 1061 734 1098 potest inter duo puncta. ex hoc patet, quod Geo
223 1092 731 1126 metra comparat lineam rectam curuae, cum
222 1123 724 1162 tamen aequalitas secundum rem dicatur fere aequiuo
227 1149 726 1186 ce. sed istud dictum est large verum, & ac
223 1182 732 1222 imaginantionem. & ita etiam ad imagina¬
228 1216 729 1246 tionem dicit siguram multorum angulorum
220 1243 729 1275 comparabilem esse sigurae rectae. Et ista est
227 1274 733 1306 solutio Auer. expresse. A8. Phy. com. i8. sicut
227 1304 737 1337 videre poteris. Et per hoc possumus modet
220 1341 729 1377 nos cum Poetio concordare de quandratur
230 1370 733 1402 ra circulari, quod est possibilis mathematice,
222 1402 726 1434 & sic locutus est hFoetius in praedicamentis
227 1433 732 1466 naturaliter autem dictum Modernorum pro¬
228 1460 739 1492 cedit, non autem absolute, & simpliciter. Et
230 1489 736 1522 istud multotiens est, quod ducit doctores
226 1520 736 1565 in graues errores, quia nesciunt discernere
230 1553 743 1586 consyderationem a consyderatione. & sic
232 1582 735 1622 quae repugnant vni consyderationi credunt
238 1617 735 1646 alij repugnare. sed non est ita, sicut vides,
233 1646 735 1683 & hoc forte fuit in causa, quod Arist. in praedi¬
239 1674 736 1706 camentis locutus est sub conditione, dum
234 1705 735 1738 dixit, si scibilis est. quia ipse videbat non secundum
232 1736 738 1777 qualibet consyderationem scibilem esse ta
238 1772 550 1802 lem cuculi quandrationem
271 1797 740 1834 Quarta contrad. est in con.ti. Dicit Conm¬
233 1837 737 1867 quod contrarietas in loco est causa contrarie¬
229 1861 745 1898 tatis in substantiis. Huius tamen oppositum patet
756 157 1268 207 S. phy. conmio. vbi habet contra Alexandrum
754 196 1259 229 in substantiis nullam esse contrarietatem
755 229 1265 258 Soluitur in substantiis est contrarietas, quan¬
752 260 1260 298 tum ad qualitates suas. ideo Philosophus in
754 291 1261 327 i. de generatione & corruptione. cex. com.& S
758 320 1275 353 dicit quod igni contrariatur aqua, vt contingit,
755 352 1275 387 substanuam substantiae contrariam esse. &
757 382 1269 418 hoc non propter aliud dixit, nisi quia vide¬
759 412 1265 445 bat formas substantiales secundum se non habere
759 444 1266 483 contrarium, sed ratione suarum qualitatum,
754 473 1268 506 sicut ipsemet seipsu ni declarando in eodem,
765 509 1275 538 t. in tex. com. i. A. dicit. elenienta omnia ha¬
756 533 1272 570 bent contrarietatem adinuicem, quia diffe¬
761 572 1271 609 rentiae contrariae insunt his. Sic igitur con¬
758 600 1276 634 trarietas in loco est causa contrarietatis in
765 629 1274 666 substantiis, non quantum ad esse substan¬
760 661 1253 689 tiale, sed quantum ad esse qualitatiuum.
794 689 1268 723 Quinta cotradi. est in com. Mi. Habet. Com
756 720 1272 755 men scientiam esse in qualitate, & scitum
761 753 1273 786 in substantia. Sed. v. phy. i.o. dicitur quod scien
760 784 1287 816 tia est in relatione. Soluitur. non inconvenit,
763 812 1275 850 idem in diuersis praedicamentis esse secundum di¬
763 851 1270 884 uersas rationes. sic scientia nostra, quae cau¬
763 875 1279 907 satur a rebus, qualitas est, sed est relatio secundum di
766 906 1276 939 ci, quia ad scibile refertur, licet scibile ad
760 936 1269 971 scientiam, aut non referatur, aut relatione
761 968 1275 1002 rationis refertur. Assimilatur etiam scientia
761 999 1274 1034 relationi inquantum in indiuisibili consi¬
764 1029 1271 1066 stit, & inquantum in ea non est per se mots,
794 1060 1264 1096 Sexta contradi. est in comai. Ait Common
769 1090 1277 1127 quod partes in composito sunt in potentia. Sed
764 1125 1277 1162 oppositum dixit ipse i est physi. 8. i. 8. & o. &
765 1154 1275 1186 nos paulo ante oppositum determinauimus
760 1181 1273 1218 in com v. Soluitur sic. ibi. per potentiam non
760 1213 1266 1246 intellexit potentiam puram abiicientem om¬
763 1249 1274 1285 nem actum, sed potentiam actui permixtan¬
766 1276 1280 1306 vnde partes, vt sunt in toto, non habent tan¬
763 1306 1281 1342 tam actualitatem, quantam habent ipsae,
766 1339 1271 1370 cum sunt totum. & ideo vt in toto inexistunt,
767 1367 1275 1402 dicuntur esse in potentia, i. in quodam modo
760 1399 1238 1443 potentiae; qui modus permixtus est actui
796 1429 1269 1469 Septima contradi. est in tex. IA. dicit Phi
765 1460 1273 1495 losophus, quod materia negatione ostenditur,
767 1491 1273 1538 Sed huius oppositum habetur in. i. phy. tex¬
767 1520 1279 1554 com. & o. vbi nabetur quod cognoscitur per ana¬
769 1553 1275 1586 logiam ad formam. Soluitur. duplex est ma
773 1583 1275 1618 teriae notio. vna est, quam dat nobis prima
769 1616 1273 1650 scientia Naturalis. & istam venamur per
772 1644 1281 1677 transmutationem, sicut processit Philoso¬
776 1677 1270 1710 phus in. i. phy. & illo modo materia cogno¬
767 1706 1271 1740 scitur oeo comparationem ad formam. Alia
774 1739 1272 1771 est posterior secundum ordinem doctrinae. & isti
769 1765 1271 1801 tradit nobis scientia Diuina, & in tali con¬
770 1800 1272 1833 syderatione materia abstrahitur ab omni
766 1833 1275 1866 forma, & cognoscitur per negationem om¬
767 1864 1271 1899 nium formarum. intellectus enim, vt scribiu
