1475 2066
226 173 747 217 scientiam, quae dicitur philosophia:
235 220 739 258 quaerendum est quae est illa scientia
235 252 741 297 quoniam, si vna scientia esset omnium
234 291 739 330 rerum, tunc illa scientia deberet dici
228 330 741 372 Philosophia. D.d. impossibile est
236 367 735 412 enim, vt species causarum, &c. idest
236 405 742 451 & necesse est, vt quaedam scientiae sint
236 448 732 494 propriae ad dandam aliquam causam si¬
231 484 743 530 ne alia. quoniam non quodlibet geneus, de
235 533 732 574 quo scientia consyderat, habet qua¬
232 565 740 604 tuor causas, sicut domus habet. Et
233 597 739 643 intendit, quod hoc non inuenitur nisi
241 638 731 677 in scientia Naturali tantum: D.d. Secun
240 677 742 731 dum igitur quod narrauimus, &c. idest
236 717 736 768 & causae sunt plures, & Philosophia
236 757 742 807 est cognitio causarum: & in omni
232 792 743 846 scientia continetur cognitio causarum,
236 833 743 883 quae sunt in illo genere: contingit vt
229 868 733 914 omnis scientia debeat dici Philoso¬
228 909 734 954 phia. sed nos posuimus hoc esse scien
237 957 735 999 tiam aliam a scientiis particularibus
236 985 741 1028 quae dicitur Philosophia, quod est
234 1025 745 1066 dubitatio. D.d. Philosophia autem
228 1064 732 1106 astera, &c. idest, sed si concesserimus
237 1099 737 1146 quod omnis scientia dicitur Philosophia
236 1142 737 1190 tamen necesse est, vt scientia, quae dici¬
230 1179 741 1230 tur Philosophia simpliciter, sit illa, quae
234 1216 741 1258 consyderat in causa finali vltima
235 1261 743 1299 omnium entium, omnes autem causae sunt,
232 1301 742 1340 propter istam causam. D.d. Et iam
229 1334 734 1384 diximus primo, quod Philosophia cau
233 1370 737 1422 sarum, &c. i. quod illud, quod dicitur Phi¬
238 1404 739 1461 losophia, est quae notificat cum causa¬
239 1446 737 1498 finali prima causam primam, quae est
239 1484 737 1531 forma, & substantia. scientia enim, quae
235 1527 735 1576 attribuitur cognitioni causarum pri
239 1565 741 1600 marum, est scientia, quae est magis di¬
236 1599 736 1652 gna, vt dicatur Philosophia. Mes. eni
234 1640 739 1682 vt dixit, notificatur multis modis:
242 1677 737 1733 & magis quod notificatur est per suam
235 1717 745 1762 substantiam. & propter hoc ista scientia
241 1756 733 1802 debet dici Philosophia, & non Na¬
238 1797 736 1834 turalis scientia. Scientia enim Naturalis con¬
233 1838 735 1882 syderat etiam de duabus primis cau¬
775 173 1291 218 sis, scilicet motore, & materia: ista
776 214 1269 258 autem de duabus causis vltimis, scili
774 253 1275 302 cet forma & fine. Et, quia hae duae
774 293 1268 330 causae sunt meliores illis, ideo ist
769 333 1275 370 scientia est melior Naturali. Finis autem
772 367 1267 410 est melior aliis causis, quia aliae causa¬
767 407 1270 450 sunt propter illam. Forma autem est melior
769 444 1266 498 aliis, quia scientia rei per illam est per
767 485 1267 534 fectior quam scientia rei per aliam. D.d.
774 525 1275 577 testimonium super hoc, quod scientia
772 563 1260 605 substantiae est perfectior scientia,
773 605 1264 642 fit per aliam rem omnium rerum
769 638 1267 682 existentium in re, & d. Et cum vo
768 682 1274 732 luerimus scire vnanquamque rerum, &c.
773 717 1269 761 idest & signum eius, quod scientia substan¬
770 757 1291 801 tiae est perfectior omni scientia, est,
773 795 1273 842 quod cum nos quaesiuerimus scire ali¬
777 844 1277 882 quid per demonstrationem, non re¬
771 871 1275 923 putamus ipsum esse scitum, nisi quandom
774 909 1267 959 nos intellexerimus in nobis, quod sci¬
775 949 1275 1002 mus illud secundum quid. i. per suam
767 988 1273 1026 substantiam, & definitionem. Dein¬
768 1037 1271 1077 de dedit exemplum, & d. ver. gra¬
770 1062 1279 1106 quid est quandratura, &c. idest verbi
768 1103 1264 1154 gratia quod nos non videmus nos sci
771 1143 1268 1193 re * quandratum aequale superficiei
767 1181 1265 1227 nisi quando sciuerimus quod est illud
770 1217 1271 1258 cuius latus medium inter quo latera
768 1258 1270 1298 superficiei est aequale. D.d. Genera¬
769 1300 1269 1338 tiones autem & actiones, &c. i. genera¬
765 1333 1275 1378 tiones autem, & actiones non sciuntur ve¬
769 1380 1277 1419 re, nisi quando sciuerimus naturam mo¬
771 1409 1277 1461 tus, & agens eum. Deinde d. & ista cau¬
764 1446 1274 1491 sa est alia a causa complementi. &
766 1485 1273 1535 intendit causam, quae est principium
775 1523 1269 1573 passionis, scilicet subiectum, & ma¬
772 1565 1273 1617 teriam. D.d. Manifestum est igitur,
777 1610 1281 1655 quod cognitio, &c. idest declaratum est
777 1640 1260 1693 igitur ex hoc, quod cognitio vniuscu
771 1680 1267 1735 iusque generum istarum causarum ha
770 1722 1264 1763 bet scientiam propriam: & quod est
773 1756 1261 1807 haec vna scientia, quae dicitur Philo
770 1797 1269 1849 sophia, quae proprie consyderat de¬
768 1837 1170 1890 prima forma, & primo fine¬
