1475 2066
227 133 735 175 dimensione interminata, esset diuisa. sed
229 168 733 208 dicebat quod est ratio diuersitatis: quia intell
231 197 731 236 gentia aduenit orbi non praeexistente ali¬
228 228 732 264 qua alia forma substantiali. & ideo, si me
233 256 737 291 diante diniensione vniretur per informa¬
232 292 732 331 tionem ipsi materiae, cum omne receptum
230 318 740 354 recipiatur per modum recipientis, sequitur
231 349 739 384 intelligentiam esse extensam. sed anima in
234 385 736 418 tellectiua vnitur homini mediante alia for
231 413 737 452 ma substantiali, quia mediante anima co¬
233 438 737 479 gitatiua, quae sufficienter terminat quanti¬
231 477 737 508 tatum interminatarum interminationem,
228 504 739 538 ne progredi possit vsque ad animam intel¬
230 530 743 566 lectiuam. Sed contra, quandocunque est ali¬
230 560 732 595 qua per se ratio adaequata alicuius effectus
229 591 731 634 facta quacunque variatione in accidentalibus
229 621 741 658 causis respectu illius effectus, ille effectus
234 652 737 685 re mariet, remanente sua per se, & adaequa¬
233 682 739 715 ta causa, patet ista ex terminis. sicut in exen¬
231 712 743 751 plo dicimus. si rationalitas in homine est
228 748 743 783 per se & adaequata causa respectu risibilita
237 775 738 811 ti hominis, esto quod rationalitas coniungere
226 802 737 835 tur, vel albedini, vel nigredini, adhuc ma¬
225 837 737 868 nente rationalitante maneret risibilitas. sed
235 865 739 899 tunc sic. ratio per se adaequata extensionis
228 895 741 933 formarum in materia inductarum est ipsa
234 924 738 964 quantitas secundum Auerroem primo capitulo
229 956 730 994 de substantia orbis, & non est praeexistentia
236 983 740 1018 vel non praeexistentia formae praecedentis
234 1015 736 1045 in materia. aliter enim formae mixtorum, &
230 1044 736 1081 formae accidentium aduenientium ipsit
226 1078 735 1109 mixtis non essent diuisae, cum tales adue
237 1114 742 1140 niant materiae post aduentum aliarum for¬
232 1141 733 1170 marum. Sed dicebat quod hoc est verum de for¬
237 1173 736 1202 mis eductis de potentia materiae, fallit autem
233 1199 735 1234 de formis dantibus esse materiae, non edu¬
241 1230 739 1267 ctis tamen de potentia matetiae. Sed contra.
239 1263 738 1299 tu negas ergo Conimentatorem tuum. quem
235 1289 733 1322 defendis. quia a pari sibi dicam in conse¬
232 1321 733 1362 quentia, quam facit in primo capituto de
236 1352 733 1390 substantia orbis de intelligentia, quod esto, quo
234 1382 737 1417 illa vniretur orbi mediante dimensione,
236 1417 737 1451 propter hoc non sequitur ipsam extendit,
235 1447 732 1483 quia dicam sibi, quod non valet hoc in formi¬
232 1476 727 1511 non eductis de potentia materiae: sed dice
238 1505 740 1538 bat quod procedit de intelligentia, & non de
240 1533 731 1570 anima intellectiua, quia vna aduenit me
236 1571 736 1610 diante priori forma, alia non. Contra. con¬
232 1596 738 1635 similis responsio exigit consimilem repli¬
237 1629 739 1658 eam Commen ratio solum innititur ratio
238 1658 734 1698 ni quantitatis praecise tanquam medio, qui¬
236 1687 737 1722 dicit si vniretur orbi mediante dimensio¬
230 1718 730 1751 ne, nullans faciens mentionem de praeext
237 1749 735 1787 stenti, form. substantiali, vel non praeexi¬
237 1778 735 1810 stenti, quia videbat quod illud non erat nisi ac
232 1812 745 1849 cidentale respectu diuisibilitatis. Praeterea.
770 132 1279 175 si tu dicis ideo animam intellectiuam noqe
764 172 1275 207 extendi, licet secundum esse vniatur materiae, quia
771 198 1275 229 talis aduenit post formam cogitatiuam, quae
765 229 1275 258 sufficienter terminat materiam, & inter¬
766 260 1275 290 minationem quantitatum existentium in
765 287 1267 322 ea, vt vlterius progredi non possint ad sub¬
773 317 1281 348 sequentem formam. Contra, ergo anima in¬
771 346 1278 379 tellectiua aduen t materiae sufficienter ter
766 378 1276 414 minatae per priorem formam. ergo, si vnitu
768 413 1269 442 materiae informatae per cogitatiuam, tunc
768 438 1272 470 ipsa erit accidens. Sic arguit Comien. contta
770 467 1276 499 Auic. i. phy. conimen & i. qui ponebat for¬
769 498 1281 530 mam corporeitatis vniri materiae per infor¬
768 533 1270 563 mationem ante aduentum aliarum for¬
773 558 1273 598 marum. deducit enim eum ad hoc, quod
766 591 1274 618 omnes subsequentes formae essent acci¬
771 619 1279 652 dentia: quia aduenirent materiae existenti
770 649 1281 682 in actu simpliciter. Et si ratio ista apud
775 681 1267 714 Auerro. concludit de forma corporeitatis
771 711 1273 746 quae secundum Auic. erat imperfectissima forma,
772 741 1272 774 quare igitur argumentum consimile non
777 774 1269 812 procedet contra ipsum de anima cogitati¬
774 804 1268 834 ua, quae est formarum perfectissima. sed di
769 830 1277 865 cebat quod in formis dantibus esse materiae,
773 860 1277 897 quae sunt edunctae de potentia materiae, in¬
767 901 1283 928 conueniens est duas formas substantiales¬
776 921 1274 953 perfectas non intensibiles, neque remissibi
775 951 1274 987 les esse in eodem subiecto, quia sic, vt aiutem,
768 985 1273 1018 intelligitur dictum Auer. i. cap. de substan
772 1015 1280 1049 tia orbis, dicentis vnum subiectum habere
773 1051 1273 1080 plusquam vnam formam impossibile est.
775 1073 1267 1106 Dicitur, intensibilitate carentes, propter for¬
766 1109 1274 1139 mam elementi. dicitur eductis de potentia¬
768 1136 1276 1170 materiae, quia in talibus, quae non sunt aedu
768 1167 1272 1197 ctae, stat vnum subiectum habere plures
766 1196 1279 1234 substantiales formas, quarum vna dat esse.
768 1227 1270 1261 & est educta de potentia materiae, & alia
767 1257 1279 1292 etiam non educta de potentia materiae dat
766 1292 1272 1328 esse etiam. sicut est de facto in homine, qui
769 1321 1269 1354 habet esse a duabus formis substantialibs.
766 1352 1274 1387 scilicet a cogitariua & ab intellectiua. Sed
768 1388 1272 1420 contra. a pari dicam pro Auic. quod esto
769 1420 1279 1450 quod forma corporeitatis substantiae prae¬
769 1445 1267 1474 existat in materia, non sequitur alias for¬
773 1476 1275 1506 mas accidentia esse. quia secundum Auicennam,
769 1502 1275 1538 aliae formae, quae de nouo inducuntur in ma
764 1535 1274 1571 teria, non sunt eductae de potentia materiae,
764 1564 1278 1595 sed sunt ab extrinseco motore, quem dato
765 1597 1269 1634 rem formarum ippellat seu coleodeam, si¬
766 1629 1274 1658 cut inquit de ipso Comnmen. septimo me¬
771 1657 1270 1690 taphysicae conm.. i. Et confirmatur. quia, da¬
766 1690 1272 1723 to quod istae formae aduenientes post formam
763 1725 1268 1754 corporeitatis essent eductae de potentia ma
772 1747 1274 1786 teriae, tunc ahudc magis videtur, quod ex forma
768 1778 1275 1811 corporeitatis, quae materialis est, & aliis for¬
760 1811 1272 1850 mis materialibus, fiat vnum per se, quam
