1475 2066
225 157 736 194 fuae dispositiones partibiliter acquirantur,
232 197 728 231 propter hoc, tamen non sequitur quod aliud sit dispe
232 222 731 258 nens materiam, & aliud sit inducens formam
226 253 729 294 Nec valet cauillario tua data. quia a par
236 285 730 323 Auicen. diceret ad argumenta eius, quod si for
232 316 733 346 mae, quas ipse ponebat aduenire materia
228 344 727 378 ab extrinseco motore, essent eductae de po
230 376 735 411 tentia materiae, bene inconueneniret aliud
229 405 737 436 esse disponens materiam, & aliud inducens
233 434 729 466 formam. modo secundum Auic. omnes istae for¬
222 467 733 498 mae substantiales rerum materialium sunt
230 496 737 530 a datore formarum infundente eas in ma¬
233 526 732 558 teria disposita per agens naturale. Praeterea
231 558 730 586 inconuenientia illa, quae adducit Com. ibi
231 585 735 618 aeque procedunt de forma educta, sicut de
228 616 736 651 forma non educta. & econuerso. Amplius,
227 647 733 682 accideret animam intellectiuam moueri lo¬
228 678 729 709 caliter saltem per accidens, quod Com habe
232 705 737 744 pro inconuenienti de quolibet abstracto¬
230 741 727 776 patet consequentia. nam motis nobis, mo
233 772 729 802 uentur omnia, quae sunt formaliter in no¬
229 798 728 835 bis. si igitur anima intellectiua est forma ho
232 828 737 866 minis: igitur mouebitur ad motum forma
232 858 724 891 ti. quia non potest sine implicatione con
228 888 732 922 tra dictionis intelligi aliquam esse formam
228 920 738 954 dantem esse, & quod formatum moueatur, &
230 950 729 990 quod sua forma non moueatur saltem per ac
230 989 738 1018 cidens. Sed dicebat, dundo instantiam de
228 1011 733 1050 polis niundi, qui sunt formaliter & actuali
230 1042 729 1082 ter in orbe, & tamen orbe moto sunt simplici
227 1072 737 1116 ter immobiles tam per se, quae per accidens.
233 1101 731 1138 Sed contra, quia quies poloru est transum
232 1132 729 1174 ptiua, & non est vera quies. Sed hoc, quod di¬
230 1173 732 1203 eunt Mathematici polos quiescere est ac
228 1191 735 1226 imaginationem, sicut sunt propositiones
233 1227 732 1259 Mathematieorum. sed naturaliter hoc non
228 1260 731 1289 est verum, sicut expresse dicit Com. in. i. co
230 1284 735 1320 li con. is. &. 8. phy. com. iis. Quomodo autem
232 1318 739 1347 implicet contradictionem, ego sic deduco. nam
230 1345 736 1378 sumpto hoc homine, quaero an in illo loco,
234 1375 739 1410 in quo est ipse, sit sua forma, per quam ipse
230 1411 728 1444 est homo, vel non: si sic, habeo intentum, quod
237 1444 726 1474 est in loco per accidens, quia locatur ad lo
232 1476 731 1501 ationem totius. si non est in illo loco, tunc
244 1499 730 1540 gitur ibi erit homo sine sua forma substan
232 1527 740 1568 tiali, per quam homo est homo. Nec potest
241 1560 726 1594 dici; quod anima intellectiua sit in loco per ope
232 1595 732 1626 rantionem, quia operatio eius non est moue
224 1621 733 1650 re secundum locum, sed intelligere. licet enim intelle¬
232 1652 736 1687 ctus pra cticus concurrat, vt dicitur in . de
228 1680 730 1714 anima ad motum progressiuum, tamen illud,
230 1713 730 1747 quod exequitur motum, est a causa cogita¬
230 1740 733 1772 tiua, mediante virture motiua, quae est in
227 1772 732 1808 membris. Et ideo posito quod Plato quie scat:
230 1804 731 1841 motu progressiuo, quaerendum est vt prius
227 1830 739 1866 an in illo loco, in quo est Plato, sit anima
767 157 1230 195 intellectiua, aut non & deducatur, vt pre¬
766 196 1265 230 Amplius, si anima intellectiua est formaip¬
764 228 1276 259 ter vnita corpori, secundum esse, sequitur operatio
765 253 1268 286 nem eius, quae est intelligere, esse signatam,
762 283 1275 325 & materialem. patet sequela, qui a non potest
764 317 1275 346 esse operatio propria alicuius formae magis
764 348 1273 383 abstracta, quod sit essentia, a qua prouenit ope¬
760 375 1270 409 ratio. si igitur anima intellectiua est forma
762 405 1274 437 in materia secundum esse, ergo & intelligere. Con
763 436 1271 467 firmatur. quia tertio de anima tex. conm. A.
764 465 1270 498 demonstratur intellectum possibilem esse
760 495 1268 531 abstractum secundum esse a materia, & non esse
769 528 1272 563 corpus, neque virtutem in corpore. Forte di
768 564 1269 592 ces quod Arist. & Com. demonstrant intelle¬
771 585 1271 619 ctum esse separatum a materia secundum esse ad
766 617 1271 649 hunc sensum, quia videlicet non sit virtus
760 644 1276 682 educta de potentia materiae, non autem quin
759 677 1275 714 sit forma dans esse materiae. Sed contra, hoc
762 716 1273 746 non potest stare secundum expositionem, & vsam
761 736 1267 771 Com nam. i. de anima. con.e. deridet Alex.¬
764 772 1272 802 tenentem actum positum in definitione
764 802 1273 835 animae vniuoce dici. & ideo tenuit animam
761 831 1269 867 intellectiuam, secundum quod sibi imponit Conni. es¬
762 861 1277 892 se formam eductam de potentia materlae:
766 891 1270 925 quia actus & finis & perfectio conuertuntur.
769 926 1275 954 si igitur omnis anima est actus corporis: er¬
766 956 1279 991 go nulla est a corpore separabilis. Com. autem,
766 981 1275 1018 dicit quod actus positus in definitione animae
769 1013 1269 1046 dicitur aequiuoce. oportet autem, si ipse in¬
764 1044 1264 1074 tendit Alex. contradicere, vt ipse sumat actum
767 1071 1273 1106 aequiuoce dictum modo opposito, quo Alex.
764 1104 1272 1139 sumebat ipsum vniuoce dici. sed Alex. omnem
761 1140 1275 1175 animam appellat actum, pro quanto quae¬
764 1165 1275 1196 libet anima secundum ipsum est perfectio. & finis
764 1198 1265 1233 corporis. hoc autem non conipetit animae in
766 1228 1266 1259 quantum est educta de potentia materiae
764 1255 1274 1287 quia vt sic consyderata, forma potis est cau
763 1284 1271 1324 sata a materia in genere tausae materialis, quae
764 1315 1278 1353 quod sit causa eius. si igitur anima est actus, est
764 1352 1273 1384 pro quanto quaelibet secundum esse vnita est ma¬
766 1383 1271 1411 teriae. ergo secundum Auer. si menti Alex. vult ob¬
766 1408 1275 1442 uiare, non omnis anima est actus vniuoce
767 1436 1273 1470 dictus: qui a non omnis dat esse: quia anima
766 1467 1279 1498 intelle. ctiua secundum ipsum est acts vtens
765 1498 1281 1530 corpore, non perficiens corpus, sicut etiam
767 1527 1271 1562 Simplicius dicit in i. de anima in expositio
762 1564 1268 1595 ne illius definitionis. Et confirmatur autho
761 1588 1272 1619 ritate Commen i. de anima con. ii. vbi habet
763 1616 1275 1653 haec verba. Ex sermonibus praedictis manife¬
766 1648 1283 1682 stum est ex definitione animae, quod aliae par¬
763 1679 1285 1715 tes animae non sunt abstractae. Et reddens
769 1712 1279 1746 causam huius dicit, det laratum est enim in¬
766 1746 1278 1782 vnaquaque istarum, quod est perfectio corporis
767 1775 1275 1809 organici perfectio enim est finis & complemen¬
765 1801 1283 1843 tum perfecti: finis autem non separatur a fini¬
767 1831 1274 1868 to: vnde necesse est vt illae sint non abstractae,
