1475 2066
218 179 720 234 quidem esse Deos, sed formae si
222 221 724 266 milis hominibus, nec enim ist
229 269 731 306 aliud faciebant, nisi homines gen¬
232 302 724 351 piternos, nec illi formas, nisi ser¬
224 348 730 395 sibilia sempiterna. Item siquis
228 388 721 435 praeter formas, & sensibilia po
228 428 721 473 nat media, multas dubitatione
221 471 729 514 habebit. Patet etenim quod simili¬
227 514 725 554 ter, & lineae praeter etiam ipsas sern
227 556 729 598 sibiles erunt, & aliorum generum
223 596 725 642 singula. Quare cum Astrologia
224 642 719 681 vna earum sit, erit & coelum ali¬
230 684 727 730 quod praeter sensibile coelum, &
228 724 717 762 Sol, & Luna, & caetera similiter
230 772 729 811 quae in coelo sunt. At quo modo
226 809 723 849 credendum est talibus:s nam im
229 847 727 890 mobile non est rationabile esse.
225 889 726 930 mobile autem & omnino est im
230 933 718 984 possibile. Similiter & de quibs
229 973 729 1018 Perspectiua tractat, & qua in Ma¬
225 1011 725 1058 thematicis Harmonica. & haec
222 1058 727 1098 enim impossibile est praeter sen
229 1094 729 1138 sibilia esse propter similes cau¬
228 1141 719 1179 sas. si enim sensibilia sunt media
228 1178 735 1227 & sensus, patet quod animalia
222 1221 723 1268 etiam erunt eorum mediorum
224 1261 665 1306 & quidem corruptibilium,
281 1302 709 1363 Et etiam persrutandum est
218 1349 730 1411 vtrum oportet dicere, quod substan
227 1396 711 1459 tiae sensibiles habeant esse tatum
231 1444 735 1506 aut aliae substantiae sint ab istis. sen
228 1493 716 1555 sibilibus. Et vtrum geneus substan
225 1541 736 1603 tiarum est vnum, aut plura, sicut
218 1588 725 1651 illi dicunt, quod illa, quae sunt intel
226 1636 727 1698 formas & sensibilia, sunt substan
225 1685 732 1750 tiae, & quod scientiae Mathemati
226 1733 731 1794 eae sunt istae substantiae, quae sunt
226 1780 731 1850 inter formas, & sensibilia. Nos ai
227 1834 722 1899 tem iam diximus in sermonibus
756 173 1287 242 quos diximus de formis, quomodo
759 228 1276 283 dicimus, quod formae sunt substan
765 276 1276 323 tiae, & causae. Sermonibus autem
757 322 1271 386 istorum contingit inopinabilitas
757 372 1273 426 multis modis, & maxime sermo¬
756 417 1272 474 nibus dicentiu, quod aliae sunt sub
764 465 1276 531 stantiae a substatus, quae sunt intra
760 510 1267 570 coelum, & quod illae substantiae sunt
761 561 1273 622 sicut substantiae sensibiles, praeter.
765 611 1267 670 quam quod illae sunt aeternae, hae au¬
766 656 1256 719 tem sensibiles. sunt corruptibiles.
759 705 1271 766 Fincunt enim quod homo in illis,
758 743 1268 811 substantiis est sicut homo sensibilis
762 804 1265 864 hic, & similiter equus, & taurus.
764 852 1263 912 sermo igitur istorum est similis set
762 898 1273 960 moni fingentiu Deos esse, & quod
756 948 1274 1001 formae eorum sunt sicut formae ho¬
762 993 1263 1042 minum. illi enim nihil dixerunt
763 1041 1262 1106 aliud, quam quod homines sunt
766 1092 1262 1139 aeternm. & isti etiam sic dixerunt.
761 1137 1269 1196 Et etiam, si aliquis finxerit substa
757 1186 1264 1235 tias esse inter formas, & substan¬
761 1234 1273 1299 tias sensibiles alias a formis sensi¬
761 1283 1275 1347 bilibus, contingunt ei quaestiones
756 1332 1287 1394 multae difficiles. Quoniam, si aliae:
755 1378 1258 1434 substantiae sunt inter formas, &
756 1425 1267 1490 sensibilia aliae ab eis, manifestum
758 1476 1268 1534 est, quod sic etiam erunt lineae aliae
761 1525 1277 1586 a lineis formarum, & a lineis sen
752 1572 1263 1635 sibilibus. et similiter vnumquodque,
765 1621 1271 1682 aliorum generum. Si igitur scien¬
765 1663 1263 1730 tia Stellarum est vna istarum rerum¬
757 1717 1275 1779 erit etiam aliud coelum a coelo sensi¬
762 1765 1271 1818 bili, & alius Sol, & alia Luna, et
759 1811 1269 1874 sic de aliis, qui sunt in coelo sensibili.
757 1859 1271 1914 Sed quuodo oportet nos credere istis
