1475 2066
227 165 735 202 dici nisi in substantiis rerum natu¬
227 212 732 255 ralium. nullus enim potest dicere do¬
240 252 740 282 mum esse vniuersalem existentem extra
238 282 745 322 animam artificis aliam a domibus
238 319 733 365 particularibus, & literam vniuersa¬
238 362 731 402 lem esse aliam a literis particularibus
281 405 733 450 Et ad haec vtrum vna erit om¬
230 453 738 499 nium substantia, vtputa homi¬
236 500 741 538 num. Sed absurdum est. non enim
234 531 744 578 vnum essent omnia, quorum sub¬
228 574 739 633 stantia vna, sed multa atque diuer¬
227 621 739 666 sa. sed hoc etiam inconueniens
228 661 732 706 est. Simul autem quomodo ma¬
234 703 737 754 teria vnumquodque horum est,
228 745 627 786 & est totum haec ambos
277 787 730 845 Et cum hoc perscrutadum est,
232 834 745 890 vtrum substantia omnium homi¬
235 894 740 942 nis est vna, aut no. Si enim dixerimus
236 932 736 994 quod substantia eorum est vna.
232 980 737 1044 cotinget inopinabile. quoniam om
230 1027 737 1087 nia, quorum substantia est vna,
229 1077 747 1142 sunt vnum. &, si dixerimus quod
228 1121 743 1179 substantiae eorum diuersae sunt, hoc
231 1172 739 1232 etiam erit impos sibile. Et cum hoc
229 1221 742 1283 quo modo potest esse ut materia sit
230 1268 743 1331 in aliqua hora quaelibet istarum.
230 1316 743 1378 cum omne sit vtrunque, scilicet vni
229 1365 627 1426 uersalia & particularia.
274 1413 749 1466 Et persrutandum est etiam, vtrum
234 1452 734 1498 substantia omnium entium est vna sub
241 1494 745 1547 stantia, aut plures. Si igitur vna, aufert
232 1533 744 1581 multitudo, & erit ens vnum, quoid est
233 1572 745 1618 contra sensum. Et, si substantiae en¬
234 1609 735 1662 tium fuerint plures, nihil erit in spe
237 1644 745 1701 cie omnino, in quo conicent duo, quod
238 1685 738 1730 est impossibile. Et, si dixerimus quod nihi
235 1732 739 1775 est vnum omnino, quomodo est possibile vt ma¬
234 1764 735 1814 teria sit in aliqua hora eadem cum omnibus
234 1807 740 1843 particularibus, in quibus existit: &
230 1844 753 1898 hoc est vtrunque scilicet materia, & quod reci¬
774 156 1301 213 pit materiam. Et intendit sicut dixi¬l
774 205 1284 252 mus quod nihil est vnum omnino. potest enim ali¬
775 245 1277 282 quis dicere quod materia inuenitur di¬
777 282 1285 330 stincta in aliqua hora ab indiuiduis,
776 320 1083 370 quorum est materia.
780 380 1285 438 Vtrum principia sint eadem numero, vel
809 421 1239 474 specie. Et an corruptibilium, & in¬
849 458 1210 509 corruptibilium eadem sint prin¬
886 501 1152 547 cipia, vel ne. Cap. A
820 540 1287 587 Tem de principiis hoc etiam
817 580 1290 636 aliquis dubitabit. nam si specie
825 628 1284 666 sunt vnum, nihil erit numero
779 667 1283 722 vnum, nec ipsum vnum, & ipsum ens.
768 706 1288 747 Ipsumque scire quomodo erit, si non ali¬
777 749 1275 796 quod vnum in omnibus erit. At ve¬
776 790 1276 834 ro si vnum numero, quodque prin¬
775 830 1272 875 cipiorum vnum, & non, vt in ser¬
764 871 1270 914 sibilibus, alia aliorum, vt puta hu
775 916 1258 969 ius syllabae cum specie sit eadem
773 957 1275 1015 etaem principia specie eadem sunt. ete¬
769 997 1285 1050 nim haec numnero alia sunt. Quod
773 1045 1280 1082 si non ita, sed principia entium nu
775 1085 1276 1130 mero sunt vnum, non erit praeter
779 1132 1281 1171 elementa aliquid aliud. numero
776 1172 1275 1219 enim vnum dicere, aut singula¬
777 1207 1281 1258 re, nil differt. ita enim singulare di¬
772 1249 1288 1297 cimus, quod vnum numero est:
778 1292 1275 1338 vniversale vero, quod in his. quemad,
775 1333 1277 1389 modum si vocis elementa, eo quod
778 1382 1284 1418 vnum numero est: determinata es
777 1420 1277 1466 sent, necesse esset tot omnes lite¬
772 1459 1289 1507 ras esse, quot elementa, cum non
768 1502 1226 1546 essent duo, aut plura eadem.
825 1544 1285 1607 Et quaerendum est etiam quae¬
772 1589 1270 1660 stionem difficilem de principis
780 1644 1280 1704 quoniam, si principia sint vnu in
772 1689 1284 1747 forma, nihil est vnum in numero.
776 1736 1278 1794 neque, unum generabile.Eet siita sit,
779 1786 1285 1842 & nullum vnum sit praedicatum
773 1831 1289 1899 de omnibus rebuss uomodo est scien
