1475 2066
223 173 738 221 stum est quod causae generabilium &
224 197 724 249 corruptibilium aliae sunt a causis aeter
227 248 732 296 norum. D.d. Si igitur aliquis existit
231 284 721 330 mauerit se dicere, &c. i. & ideo, si ali¬
230 322 726 363 quis voluerit dare rationem in hoc, con
233 359 727 401 tinget eni quaestio similis contingen
232 396 718 440 ti Empedocli. Empe enim dixit in hoc
231 443 731 487 quod lis est causa corruptionis, & quod amici¬
224 477 728 526 tia est causa generationis: & quod en¬
224 513 734 564 tium quaedam sunt facta ex quatuor,
226 552 728 594 elementis, & lite & amicitia, & sunt
228 597 728 642 generabilia & corruptibilia: & quae¬
231 628 729 674 damsunt facta ex quatuor elemen¬
234 677 726 707 tis, & amicitia sine lite. & hoc est co¬
226 706 725 746 lam, quod est Deus apud ipsum. Et, cum
231 743 718 786 narrauit sermonem Emped. indu
223 783 732 836 xit sermonem eius, ne aliquis singat
228 822 725 866 quod diminutus erat Arist. in illo, & a
230 861 731 913 Eingit enim in suo sermone esse mani¬
226 900 729 938 festum, &c. i. quoniam Empedo. in
226 941 719 978 hoc, quod ponit litem causam corruptio
228 981 725 1027 nis, contradicit sibi in hoc, quod ponit
229 1021 727 1058 eam necessariam in generatione om¬
228 1052 719 1105 nium generabilium. Deinde indu¬
230 1094 733 1138 xit causam, propter quam ponebat
230 1132 712 1186 litem esse necessariam in omnibus ge
227 1172 721 1225 nerabilibus, & d. Et fingit, quod si lis
228 1213 725 1260 non esset, &c. i. & Emped. opinaba¬
223 1259 730 1291 tur quod amicitia, quando dominatur, facit
225 1286 719 1330 entia esse vnum: & ideo lis est ne¬
223 1326 714 1381 cessaria in multiplicando & dispar
228 1365 728 1411 gendo, & amicitia in adunando. D.
226 1396 718 1450 dedit inopinabile contingens ex il
223 1445 725 1496 lis, & d Accidit igitur ex hoc sermo
231 1492 723 1531 ne, vt Deus &c. i. & contingit Empe
233 1522 723 1574 docli in hac opinione, vt Deus sit
229 1559 728 1603 minoris scientiae aliis. Scientia enim
229 1598 718 1651 apud ipsum, & alios Antiquos sit p
233 1633 714 1682 simile. Dicunt enim quod terra cognosci
231 1685 723 1730 tur per terram, quae est in nobis, & aqua
230 1720 721 1763 per aquam, & amicitia per amicitiam
232 1757 721 1794 & lis per litem: sed in Deo non est lis: et
226 1792 718 1842 go non cognoscit litem, neque quod fit ex
223 1833 727 1890 ea: ergo est minoris scientiae omnibus enti
756 164 1275 223 bus. D.d. Manifestum est igitur quod ac¬
763 205 1258 250 cidit ex suo sermone, &c. i. contingit
757 245 1257 297 igitur ex sermone Empe. dicentis quod
765 282 1257 335 lis est causa corruptionis, vt lis sit cau¬
762 322 1263 362 sa corruptionis, ipsa & amicitia. D.
756 364 1267 403 dedit causam propter quam accidit, vt
758 399 1256 439 amicitia sit cauma corruptionis, & d. quoniam,
761 437 1255 492 cum congregata fuerint aliqua in vnum
758 477 1257 525 corrumpentur alia. D.d. & cum hoc Em¬
764 517 1250 565 ped. non narrauit, &c. i. & cum hoc, quod
758 552 1256 595 iste homo ponit causas mouentes, tamen non
756 588 1261 642 potest dare nobis causas generationis
764 636 1259 677 & corruptionis. Quaeritur enim ab eo qua
761 674 1265 724 re amicitia agit in aliqua hora, & lis
757 708 1249 759 in alia tunc enim cogetur ad dicendum ser¬
763 749 1249 801 monem negantium causam agentem, quid di¬
758 785 1255 826 cunt, quod natura entium queritur denen¬
759 821 1261 875 cessitate generationem & corruptio¬
759 861 1263 906 nem. Deinde induxit sermonem eius,
756 901 1259 955 ex quo contingit hoc, & d. & finxit
764 947 1256 983 quod cum lis maxima, &c. idest & iste
759 979 1259 1018 homo in rei veritate nullam causam
757 1019 1253 1059 dedit in generatione. D. enim quod,
759 1060 1249 1099 cum lis maxima imposita est in ma¬iore,
760 1092 1261 1138 bris animalium, tunc membra eius
756 1133 1262 1178 fuerunt generata: quia distinguit,
764 1172 1248 1226 vnum congregatum, deinde in fi¬
753 1220 1257 1250 ne temporis venient omnia ad corru¬
764 1252 1255 1302 ptionem propter litem. Scum igitur
754 1279 1247 1340 hunc sermonem contingit vt res gene
756 1326 1256 1370 rentur per se, & corrumpantur per se.
759 1365 1253 1410 & sic nihil prodest ponere hanc causam
755 1405 1259 1456 mouentem in generatione & corru¬
756 1450 1258 1491 ptione, sed erunt sicut illi, qui non
758 1492 1256 1531 ponunt in generatione, neque in corru
760 1524 1258 1568 ptione causam mouentem omnino,
758 1559 1257 1602 & sunt dicentes materiam. Deinde
756 1599 1258 1642 dicit neque narrauit, quae est causa¬
757 1636 1259 1682 huiusmodi necessitatis, &c. idest &
755 1677 1255 1714 secundum hoc, sermo eius erit im¬
754 1724 1246 1762 perfectior sermone dicentium ne¬
753 1755 1259 1794 cessitatem esse. Illi enim dicunt ne¬
756 1795 1252 1834 cessitatem, & dant causam necessi¬
752 1832 1255 1875 tatis, & est materia: iste autem nullam
