1475 2066
208 165 728 230 cesse est etiam vt sit, quia omnia
216 218 728 284 aut sunt vnum, aut plura compos¬
220 265 726 323 ta ex vnis. Et, etiam si hoc vnu est
220 313 732 375 indiuisibile, erit secundum hoc, quod
221 362 731 424 & eno opinabatur, nihil esse omni¬
220 409 728 474 no. Eingit enim, quod illud, quod
216 458 723 522 non augmentatur apud additionem,
212 507 723 566 neque diminuitur apud diminutio
218 553 729 602 nem, non est entium. manifestum
214 602 731 667 est igitur, quod entia secundum sui
216 650 710 715 sigmentum sunt magnitudines
220 694 725 758 si igitur entia sunt magnitudines,
219 746 723 806 sunt magnitudines corporales: qui
213 793 727 856 niam magnitudo corporalis est ens,
212 836 733 898 omnibus modis. aliorum autem quae
218 885 717 946 dam sunt, quae quando componun¬
212 933 716 994 tur, sit ex eis magnitudo: & quae
219 981 712 1042 dam sunt, quae quando componun¬
216 1029 733 1090 tur, non fit magnitudo, secundum
217 1077 720 1132 quod diximus, finxcit enim quod supe¬.
220 1121 723 1179 ficies & linea, quando componur¬
217 1170 721 1230 tur, faciunt magnitudinem, pun¬
219 1218 725 1269 ctus autem, & vnum non faciut
222 1260 725 1323 magnitudinem. Quia igitur ist.
208 1316 721 1370 geno errat in suo sermone & te¬
212 1356 724 1418 net opinionem tortuosam, & posst
216 1404 719 1458 bile est vt aliquid sit indiuisibile¬
221 1452 722 1506 oportet nos respondere isti sermon¬
223 1501 725 1565 aliquantulum. & dicamus, quod
218 1545 731 1607 quado vni additur aliquid non ma
225 1592 727 1643 ius erit, sed plus: & ideo non erit
225 1641 732 1706 magnitudo. Quoniam quo modo est
220 1679 733 1750 possibile vt magnitudo sit ex tali¬
226 1737 724 1803 vno, & ex pluribus, quae non sunt
225 1785 728 1834 vnume Et dicens hoc, est similis di
219 1836 729 1898 tenti lineam componi ex punctis.
757 174 1287 234 Et, si aliquis existimauerit hoc es.
764 220 1278 269 se, & quod numerus sit ex hoc v¬
758 268 1268 314 no, & ex alio, quod non est vnum,
765 316 1274 380 sicut quidam dicunt, quaeratur ab
763 364 1276 424 eo, quare hoc non est in numero in
760 420 1273 474 quibusdam generibus numerus, et
760 458 1279 525 in quibusdam magnitudo, si illud,
756 505 1271 570 quod non est vnu, est aequale vni,
767 553 1277 602 & habeat candem naturam. Nom
764 603 1270 651 enim est manifestum, quomodo ni
758 649 1275 707 meri fiunt ex vno, & ex alio, quod
761 702 1269 765 non est vnum: neque quo modo est
760 745 1287 803 possibile vt magnitudines sint ex
763 792 1270 851 aliquo numerorum & ex hoc,
760 840 1059 899 quod non est vnum.
797 908 1271 947 Et nos videmus, &c. vtrum ens,
763 944 1274 986 & vnum &c. i. & ista quaestio est vtrum
756 994 1277 1026 ens, & vnum significent substantias
759 1022 1273 1066 entium, & vnumquodque eorum, quid
761 1061 1269 1106 significant non attribuitur alicui alii
756 1105 1269 1149 entium, ita quod subiectum eius, quod
759 1141 1259 1191 significant haec nomina vnum & ens
758 1177 1269 1230 non sit aliud: aut si significant de en
758 1217 1269 1258 tibus aliqua constituta per aliqua¬
759 1255 1263 1298 alia, i. aliqua in subiecto. Et hoc in¬
761 1301 1267 1347 tendebat cum d. aut oportet quaere¬
760 1333 1261 1383 re quid est ens, &c. i. quod, cum quaesiue
761 1372 1265 1418 rimus definitionem entis, & vnius,
761 1413 1260 1457 definiemus illa, secundum quod definiuntur res
761 1451 1265 1497 quae constituuntur per aliam natu¬
761 1485 1265 1531 ram. D.d. Quidam enim homines existi¬
760 1526 1267 1578 mant, &c. i. quidam enim homines reputant
764 1568 1265 1617 vnum, & ens significare naturas exi
762 1604 1271 1655 stentes per alias, & quidam existimant
763 1642 1269 1683 ea si gnificare naturas existentes per se.
766 1682 1271 1725 D.d. Plato autem & Pythagorici &c. i.
759 1723 1271 1771 Plato & Pythagorici opinati non
759 1757 1270 1809 sunt quod vnum, & ens significent de en
760 1797 1265 1838 tibus naturas compositas, sed fingunt,
757 1837 1263 1890 quod vtrumque conum significet vnam in
