1475 2066
145 203 683 242 & illa ad dictas causas applicentur
188 239 686 282 clare quidem ab eis non est deter.
197 285 682 330 minatum: videntur tamen, vt in mate
190 333 694 370 riae specie ponere elementa. ex his
188 368 689 410 enim tanquam intrinsecis consta¬
186 413 694 459 re, ac singi substantiam aiunt.
198 453 692 508 Veterum itaque, ac plura elemen¬
196 501 687 536 ta naturae dicentium mentem ex
190 540 555 594 his satis speculari licet.
193 589 691 644 Opiniones ponentium vniuersum esse vnum,
230 645 656 683 nonnullaque de ijs, quae antea recita¬
265 674 633 722 tae sunt, opinionibus. Cap. A
215 716 686 765 n Vnt autem qui de vniuerso
207 742 690 818 Qqu tanquam si vna natura esset,
264 796 688 842 ita asseruerunt. non tamen
190 840 684 882 modo eodem omnes, neque eius, quod
188 884 690 930 bene, neque eius, quod secundum naturam
192 924 686 971 est. In praesenti itaque causarum
182 965 688 1018 consyderatione nullo modo con¬
191 1008 697 1058 uenit sermo de eis. Nom enim, vt
189 1053 691 1102 quidam Physieorum, vnum sup¬
180 1097 690 1146 ponentes ipsum ens, nihilomi¬
184 1137 697 1178 nus ex vno tanquam ex materia
190 1181 691 1226 generant, sed alio modo hi dicunt.
180 1221 682 1275 illi enim, cum generent vniuer
184 1264 687 1306 sum, addunt tamen motum. hi ve
188 1308 689 1346 ro immobile esse aiunt. Attamen
190 1348 694 1402 aliquatenus praesenti perscruta
184 1397 698 1450 tioni proprium est. Parmenides
188 1440 696 1482 etenim vnum secundum rationem,
186 1477 688 1522 attigisse videtur: Melissus vero
181 1522 693 1574 secundum materiam. Quare & id
177 1564 691 1610 ille quidem finitum, hic vero infi¬
186 1604 689 1658 nitum ait esse. Senophanes autem,
180 1649 686 1690 quanquam prior istis, vnum po¬
183 1693 688 1738 suerat (nam Parmenides eius au
180 1733 694 1780 ditor fuisse dicitur) nihil tamen
180 1777 686 1818 clarum dixit, & neutrius horum
186 1817 688 1871 naturam attigisse videtur. sed
188 1865 689 1918 ad totum coelum respiciens, ip¬
182 1903 693 1961 sum vnum ait esse Deum. Hi igitur,
724 194 1261 242 vt diximus, in praesenti quaestio E
718 241 1225 290 ne om:n ttendi. duo quidem, & pe
723 284 1225 337 nitus tanquam paululum agre¬
718 324 1222 371 stiores, Senophanes, atque Melis¬
716 373 1223 424 sus. Parmenides vero magis in¬
719 413 1229 462 spiciens, dicere, quo quo modo vi
723 453 1221 498 detur. quod enim est praeter ip¬
715 496 1224 538 sum ens ipsum non ens nihil iu¬
729 541 1225 587 dicans esse, necessario vnum putat
727 581 1227 633 ipsum ens esse, & nihil aliud. de
727 634 1226 669 quo clarius in de naturalibus di¬
716 669 1227 714 ximus. Coactus vero illa, quae
717 712 1219 755 apparent, sequi, & vnum ratione,
727 756 1228 802 plura vero secundum sensum pu
724 797 1228 841 tans esse, duas causas rursum, ac
724 844 1226 882 duo principia ponit calidum &
717 884 1237 926 frigidum, velut ignem & terram
726 931 1224 978 dicens. Horum autem alterum,
726 965 1221 1010 calidum scilicet cum ente, alte,
716 1012 1225 1058 rum vero cum non ente collocat
725 1053 1233 1098 Ex dictis itaque, ac ab illis, qui ra¬
721 1095 1227 1142 tioni incubuerunt, sapientibus,
714 1134 1233 1186 ista accepimus. A primis quidem
716 1187 1230 1225 & corporeum principium. aqua
724 1220 1229 1275 nanque, & ignis: & similia corpo
720 1261 1228 1306 ra sunt. & horum, a quibusdam
729 1305 1227 1347 vnum, a quibusdam plura cor¬
718 1348 1228 1401 porea principia. vtriusque tamen ista
725 1393 1213 1435 vt in materiae specie ponentibus
724 1437 1219 1477 A caeteris vero & hanc causam
722 1485 1235 1522 & cum ista etiam eam vnde mo
717 1519 1226 1562 tus statuentibus. & hanc a quibus
727 1561 1229 1617 dam vnam, a quibusdam duas.
757 1605 1235 1659 Posuerunt principium cuius
720 1646 1216 1691 libet speciei corporum vnum
720 1689 1235 1747 quasi species materiae. Quidam,
722 1733 1220 1786 autem posuerunt istam causam
716 1776 1237 1827 & coniunxerunt illud, ex quo
765 1820 1187 1874 fit motus. & quidam po¬
801 1861 1151 1914 suerunt ista do, &
840 1908 1109 1962 quidam vnum.
