1475 2066
222 157 734 211 tunc possibile esset vt semisigura rei
228 205 734 242 auferretur, remanente tota sigura
240 237 740 285 & hoc intendebat cum d. possibile eest
236 273 742 325 vt semisigura gratdinis sit in tota
239 313 735 363 sigura grandinis. Et dedit exemplum
232 356 730 387 de tunica, quia tunica est de rebus
240 389 734 426 qua non habent hoc nomen, nisi secundum
234 427 731 479 siguram habendam. sigura igitur ei
236 466 739 506 est differentia eius, quae distinguit eam ab aliis
237 502 737 556 indumentis. Et intendit, declarare
235 540 731 591 ex hoc capitulo quod cum posuerimus,
234 587 739 626 quod dimensiones sunt accidentia, tunc
237 621 727 659 corpus erit accidens. &, si posuerimus,
236 655 735 706 quod corpus est substantia, tunc ista erunt
235 693 742 738 substantiae. D.d. Et cum hoc, quod
236 733 735 770 diximus, &c. i. & cum istis inopina¬
235 773 735 823 bilibus contingentibus huic positio,
232 811 743 862 nim scilicet corpora esse substantias, accidunt
233 849 740 898 etiam alia inopinabilia ex apparen
237 892 733 930 tibus in rebus generabilibus & cor
233 921 735 974 ruptibilibus. D.d. Existimant enim quod
231 965 743 1002 substantia, &c. i. existimatur enim & po
234 1000 735 1042 nitur. & est concessum ab omnibus,
234 1038 735 1089 quod substantia generatur & corrum
232 1079 739 1131 pitur, & accidunt ei passiones apud
234 1129 735 1171 generationenm & corruptionem, scilicet quod
236 1165 744 1207 cum generatur, sit substantia, quae¬
229 1184 734 1244 non fuit: & cum corrumpitur, corn
228 1234 739 1274 rumpitur illud, quod fuit. D.d. Pun
236 1272 745 1314 cta autem, & lineae, &c. i. puncta autem,
240 1316 742 1361 & lineae, & superficies nec generantu
238 1356 741 1397 nec corrumpuntur, neque sunt quan
236 1388 743 1427 doque & quandoque non, cum linea non
231 1436 747 1476 corrumpitur in non lineam, neque
234 1468 748 1507 oeneratur ex non linea. & similiter est etiam
233 1501 741 1555 de corporibus. D. incoepit declara
231 1541 743 1585 re hoc, & d. Corpora enim continua,
228 1581 745 1618 & discreta, &c. i. & d. quod nihil corrum
234 1616 736 1665 pitur, nisi corruptio contingat ei. i
236 1652 733 1702 & non omnis compositio est gene¬
233 1694 739 1745 ratio, neque omnis dissolutio est corru¬
238 1733 739 1779 ptio: vt quidam Antiquorum dicunt,
228 1773 746 1826 scilicet quod congregatio est generatio, & se¬
235 1820 748 1867 gregatio corruptio. sed generatum
765 156 1270 207 est illud, in quo sit substantia, quae non
769 201 1272 248 fuit, & corruptum est illud, in quo cor
765 236 1275 286 rupta est substantia, quae fuit. D.d.
766 275 1268 315 & ea, quae diuiduntur, non sunt sine
768 312 1270 362 generatione, i. ea, quae diuiduntur,
772 355 1275 394 in partes conuenientes secundum nomen &
767 388 1277 443 definitionem, non sunt sine generatione.
772 429 1280 466 Et, quia accidit ei in hac intentione
768 469 1274 514 punctus: punctus enim non diuiditur, &
770 509 1272 546 non habet generationem: & dixerunt etiam
768 550 1277 587 quod illud, quod diuiditur in talia semper secundum
768 580 1272 624 nomen & definitionem, non habet ge
772 623 1277 659 nerationem, d. & illa, quae non diuidun¬
765 657 1277 698 tur ex re diuisibili, non sunt sine ge
772 698 1272 748 neratione. minima enim partium corpo
764 734 1274 785 ris sensibilis, quae non diuiditur secundum quod est
774 773 1271 824 illud corpus, est composita. v. g. quod mi
775 821 1271 862 nima pars ignis est composita ex ma¬
764 848 1266 890 teria & forma. D.d. Punctus autem, s
771 889 1277 931 non diuiditur, &c. i. punctus autem, si est
769 928 1271 978 indiuisibilis, non generabitur: cum puncus
771 966 1269 1018 non diuiditur in duo puncta, ergo non
774 1005 1271 1055 habet generationem. quoniam, si haberet ge
775 1041 1277 1084 nerationem, esset compositus & hoc
772 1079 1279 1123 intendebat, cum d. est necessario ex
774 1117 1275 1162 aliquo illud. i. & cum punctus genera¬
774 1156 1282 1195 tur, & corrumpitur, necessario genera
770 1204 1287 1234 tur ex aliquo. & sic erit diuisibilis:
777 1233 1072 1290 quod est impossibile¬
811 1293 1235 1346 Dubitationes de Ideis. Cap. 2
895 1349 1281 1400 Mnino autem aliquis du¬.
896 1389 1284 1443 bitabit, quare oportet
899 1433 1287 1475 alia quaedam praeter sen
768 1478 1285 1527 sibilia, & media quaerere: vt pu¬
781 1524 1258 1570 ta eas, quas ponimus, formas,
775 1557 1279 1602 Si enim propterea quod mathema¬
778 1601 1268 1642 tica quidem ab his, quae hic sunt,
774 1640 1282 1682 alio quodam differunt, in eo sa¬
776 1682 1271 1735 nem, quod plura eiusdem speciei sunt
780 1724 1291 1770 nihil differunt. & ideo non erunt
776 1768 1283 1818 eorum principia, numero de¬
775 1804 1284 1866 terminata, sicuti etiam literarum
