<?xml version="1.0" encoding="UTF-8" standalone="yes"?>
<PcGts xmlns="http://schema.primaresearch.org/PAGE/gts/pagecontent/2013-07-15" xmlns:xsi="http://www.w3.org/2001/XMLSchema-instance" xsi:schemaLocation="http://schema.primaresearch.org/PAGE/gts/pagecontent/2013-07-15 http://schema.primaresearch.org/PAGE/gts/pagecontent/2013-07-15/pagecontent.xsd">
    <Metadata>
        <Creator>prov=University of Rostock/Institute of Mathematics/CITlab|PLANET AI GmbH/Gundram Leifert/gundram.leifert@planet-ai.de:name=cod-AAssXX-m2(htr_id=27673)::::v=2.6.7
prov=University of Rostock/Institute of Mathematics/CITlab|PLANET AI GmbH/Tobias Gruening/tobias.gruening@planet-ai.de:name=de.uros.citlab.module.baseline2polygon.B2PSeamMultiOriented:v=2.6.7
prov=University of Rostock/Institute of Mathematics/CITlab|PLANET AI GmbH/Tobias Gruening/tobias.gruening@planet-ai.de:name=/net_tf/LA73_249_0mod360.pb:de.uros.citlab.segmentation.CITlab_LA_ML:v=2.6.6
Transkribus</Creator>
        <Created>2020-10-30T08:03:19.528-04:00</Created>
        <LastChange>2020-11-20T15:34:17.499+01:00</LastChange>
        <TranskribusMetadata docId="528931" pageId="22410540" pageNr="128" tsid="49362180" status="IN_PROGRESS" userId="25065" imgUrl="https://files.transkribus.eu/Get?id=VRYSYJNEQWSLFOFXUWAUINMO&amp;fileType=view" xmlUrl="https://files.transkribus.eu/Get?id=BDYTTHBTOYKPFCNSBSSKFJYX" imageId="17469921"/>
    </Metadata>
    <Page imageFilename="Averroes_Metaphysica_JuntSecunda_08-0128.jpg" imageWidth="1475" imageHeight="2066">
        <ReadingOrder>
            <OrderedGroup id="ro_1605972698258" caption="Regions reading order">
                <RegionRefIndexed index="0" regionRef="TextRegion_1604151790190_890"/>
                <RegionRefIndexed index="1" regionRef="TextRegion_1604151751146_871"/>
            </OrderedGroup>
        </ReadingOrder>
        <TextRegion orientation="0.0" id="TextRegion_1604151790190_890" custom="readingOrder {index:0;}">
            <Coords points="228,144 757,144 757,1944 228,1944"/>
            <TextLine id="line_1604151790280_893" custom="readingOrder {index:0;}">
                <Coords points="223,220 735,226 735,195 721,194 223,190"/>
                <Baseline points="228,215 249,216 276,217 302,217 329,217 356,217 382,217 409,217 436,217 463,216 489,216 516,216 543,216 569,216 596,216 623,216 649,216 676,217 703,217 730,219"/>
                <TextEquiv>
                    <Unicode>sunt hic, sint determinata numero,</Unicode>
                </TextEquiv>
            </TextLine>
            <TextLine id="r3l4" custom="readingOrder {index:1;}">
                <Coords points="224,260 259,272 737,266 738,227 225,233"/>
                <Baseline points="229,253 254,253 279,253 304,253 329,253 354,254 379,254 405,254 430,254 455,254 480,255 505,255 530,255 555,255 581,255 606,255 631,255 656,255 681,256 706,256 732,255"/>
                <TextEquiv>
                    <Unicode>idest diuersa numero tantum, &amp; non</Unicode>
                </TextEquiv>
            </TextLine>
            <TextLine id="r3l6" custom="readingOrder {index:2;}">
                <Coords points="227,298 729,299 729,269 227,267"/>
                <Baseline points="232,291 257,292 283,292 309,292 335,292 361,292 387,293 413,293 439,293 465,293 490,293 516,293 542,293 568,293 594,293 620,293 646,293 672,294 698,294 724,293"/>
                <TextEquiv>
                    <Unicode>forma. &amp; hoc intendebat, cum d. ma¬</Unicode>
                </TextEquiv>
            </TextLine>
            <TextLine id="r3l8" custom="readingOrder {index:3;}">
                <Coords points="228,338 390,337 433,351 492,337 514,351 557,336 600,354 620,338 733,338 725,308 228,309"/>
                <Baseline points="233,331 259,330 285,329 311,329 337,329 363,329 389,330 415,330 441,330 467,331 493,332 519,332 545,333 571,333 597,333 623,333 649,333 675,333 701,332 728,331"/>
                <TextEquiv>
                    <Unicode>nifestum est igitur per se, quod res, quae</Unicode>
                </TextEquiv>
            </TextLine>
            <TextLine id="r3l10" custom="readingOrder {index:4;}">
                <Coords points="230,379 735,386 736,351 231,344"/>
                <Baseline points="235,368 261,369 287,369 313,370 339,370 365,370 391,370 417,371 443,371 469,371 495,371 521,371 547,371 573,371 599,372 625,372 651,372 677,372 703,372 730,372"/>
                <TextEquiv>
                    <Unicode>sunt hic diuersae numero, &amp; forma,</Unicode>
                </TextEquiv>
            </TextLine>
            <TextLine id="r3l12" custom="readingOrder {index:5;}">
                <Coords points="225,418 732,418 732,389 687,381 225,381"/>
                <Baseline points="230,407 256,407 282,408 308,408 334,408 360,408 386,409 413,409 439,409 465,410 491,410 517,410 543,411 570,411 596,411 622,411 648,411 674,412 700,412 727,412"/>
                <TextEquiv>
                    <Unicode>sunt dispositio in qualitate, id est ma</Unicode>
                </TextEquiv>
            </TextLine>
            <TextLine id="r3l14" custom="readingOrder {index:6;}">
                <Coords points="231,457 447,466 534,453 617,470 735,458 735,428 640,415 598,431 575,414 551,430 400,417 332,429 278,413 231,428"/>
                <Baseline points="236,447 262,447 288,447 314,447 340,447 366,447 392,447 418,448 444,448 470,448 496,448 522,448 548,448 574,448 600,449 626,449 652,449 678,449 704,449 730,449"/>
                <TextEquiv>
                    <Unicode>nifestum est igitur per se, quod sunt res</Unicode>
                </TextEquiv>
            </TextLine>
            <TextLine id="r3l15" custom="readingOrder {index:7;}">
                <Coords points="237,498 735,498 735,462 678,454 586,474 506,456 459,470 336,456 313,476 237,461"/>
                <Baseline points="242,485 267,486 293,486 319,486 344,487 370,487 396,487 421,487 447,487 473,487 498,488 524,488 550,488 575,488 601,488 627,488 652,488 678,487 704,487 730,487"/>
                <TextEquiv>
                    <Unicode>tales. Et hoc intendebat, cum dicit,</Unicode>
                </TextEquiv>
            </TextLine>
            <TextLine id="r3l17" custom="readingOrder {index:8;}">
                <Coords points="232,542 296,528 444,547 462,531 731,530 731,501 711,495 658,493 632,509 596,493 573,506 232,501"/>
                <Baseline points="237,525 262,525 288,525 314,525 339,525 365,526 391,526 417,526 442,526 468,527 494,527 520,527 545,527 571,527 597,527 623,527 648,527 674,527 700,526 726,525"/>
                <TextEquiv>
                    <Unicode>quae sunt hic: quia sunt diuersae for</Unicode>
                </TextEquiv>
            </TextLine>
            <TextLine id="r3l19" custom="readingOrder {index:9;}">
                <Coords points="236,570 612,567 688,585 731,570 731,533 236,544"/>
                <Baseline points="241,564 266,564 292,564 317,564 343,564 368,564 394,564 419,565 445,565 470,565 496,565 521,565 547,565 572,565 598,565 623,565 649,565 674,565 700,564 726,563"/>
                <TextEquiv>
                    <Unicode>ma &amp; numero, sicut literae compos¬</Unicode>
                </TextEquiv>
            </TextLine>
            <TextLine id="r3l21" custom="readingOrder {index:10;}">
                <Coords points="237,610 598,609 612,623 630,610 734,610 734,581 663,573 237,581"/>
                <Baseline points="242,604 267,604 293,603 318,603 344,603 370,603 395,603 421,603 447,604 472,604 498,604 523,604 549,604 575,604 600,604 626,604 652,604 677,604 703,603 729,603"/>
                <TextEquiv>
                    <Unicode>tae ex literis, &amp; voces compositae ex</Unicode>
                </TextEquiv>
            </TextLine>
            <TextLine id="r3l23" custom="readingOrder {index:11;}">
                <Coords points="232,648 649,658 733,650 733,613 232,621"/>
                <Baseline points="237,641 262,641 288,642 314,642 340,642 366,642 392,642 417,642 443,642 469,642 495,642 521,642 547,642 572,642 598,642 624,642 650,641 676,641 702,641 728,641"/>
                <TextEquiv>
                    <Unicode>vocibus: quia necesse est vt princi¬</Unicode>
                </TextEquiv>
            </TextLine>
            <TextLine id="r3l24" custom="readingOrder {index:12;}">
                <Coords points="230,699 252,687 728,690 728,653 230,661"/>
                <Baseline points="235,681 260,681 286,681 312,680 337,680 363,680 389,681 414,681 440,681 466,681 491,681 517,682 543,682 568,682 594,682 620,682 645,681 671,681 697,680 723,680"/>
                <TextEquiv>
                    <Unicode>pia istorum sint diuersa numero &amp;</Unicode>
                </TextEquiv>
            </TextLine>
            <TextLine id="r3l26" custom="readingOrder {index:13;}">
                <Coords points="230,730 410,728 425,741 489,726 732,729 732,700 664,689 636,704 606,688 572,702 411,704 390,687 332,704 230,699"/>
                <Baseline points="235,720 260,720 286,719 312,719 338,719 364,719 390,719 416,719 442,720 468,720 493,720 519,720 545,720 571,720 597,720 623,720 649,720 675,720 701,720 727,720"/>
                <TextEquiv>
                    <Unicode>forma. &amp; sic ponunt media, dicentes</Unicode>
                </TextEquiv>
            </TextLine>
            <TextLine id="r3l28" custom="readingOrder {index:14;}">
                <Coords points="232,770 701,770 729,765 729,733 510,742 488,726 449,741 410,728 339,740 296,726 276,745 232,741"/>
                <Baseline points="237,759 262,759 288,759 313,759 339,759 365,759 390,759 416,759 442,759 467,759 493,759 518,759 544,759 570,759 595,759 621,759 647,759 672,759 698,759 724,759"/>
                <TextEquiv>
                    <Unicode>ea, scilicet diuersa numero &amp; for¬</Unicode>
                </TextEquiv>
            </TextLine>
            <TextLine id="r3l30" custom="readingOrder {index:15;}">
                <Coords points="230,807 693,810 731,802 731,767 694,781 677,765 230,781"/>
                <Baseline points="235,798 260,798 286,797 312,797 338,797 364,797 390,797 415,798 441,798 467,798 493,798 519,798 545,798 570,799 596,799 622,799 648,798 674,798 700,798 726,797"/>
                <TextEquiv>
                    <Unicode>ma. &amp; hoc intendebat, cum dicit. E</Unicode>
                </TextEquiv>
            </TextLine>
            <TextLine id="r3l32" custom="readingOrder {index:16;}">
                <Coords points="225,841 735,842 735,814 703,805 649,805 633,821 607,805 225,810"/>
                <Baseline points="230,836 255,837 280,837 305,837 330,837 355,837 380,837 405,837 430,837 455,837 480,837 505,837 530,837 555,837 580,836 605,836 630,836 655,836 680,835 705,835 730,835"/>
                <TextEquiv>
                    <Unicode>sic erit etiam in rebus medijis. Dein¬</Unicode>
                </TextEquiv>
            </TextLine>
            <TextLine id="r3l33" custom="readingOrder {index:17;}">
                <Coords points="228,882 639,890 724,881 724,845 228,852"/>
                <Baseline points="233,875 258,875 284,875 309,875 335,875 360,875 386,875 412,875 437,875 463,875 488,875 514,875 539,875 565,875 591,875 616,875 642,875 667,875 693,875 719,875"/>
                <TextEquiv>
                    <Unicode>de dicit. Si igitur non fuerint sub¬</Unicode>
                </TextEquiv>
            </TextLine>
            <TextLine id="r3l35" custom="readingOrder {index:18;}">
                <Coords points="232,922 731,923 731,893 679,894 664,880 645,894 558,884 478,896 416,880 319,896 232,885"/>
                <Baseline points="237,914 262,914 288,914 314,914 339,914 365,914 391,914 417,914 442,914 468,914 494,914 520,914 545,914 571,914 597,914 623,914 648,914 674,914 700,913 726,913"/>
                <TextEquiv>
                    <Unicode>stantiae aliae, &amp;c. idest &amp; cum deter¬</Unicode>
                </TextEquiv>
            </TextLine>
            <TextLine id="r3l37" custom="readingOrder {index:19;}">
                <Coords points="224,959 668,955 685,970 733,963 733,919 660,937 536,921 482,933 468,920 446,935 414,922 224,934"/>
                <Baseline points="229,953 255,953 281,952 307,952 334,951 360,951 386,951 412,951 439,952 465,952 491,952 517,952 544,953 570,953 596,953 622,953 649,954 675,953 701,953 728,953"/>
                <TextEquiv>
                    <Unicode>minatum est ex hoc sermone, quod non</Unicode>
                </TextEquiv>
            </TextLine>
            <TextLine id="r3l39" custom="readingOrder {index:20;}">
                <Coords points="230,1002 734,1003 734,967 702,958 606,962 590,976 444,958 414,973 230,964"/>
                <Baseline points="235,992 261,992 287,991 313,991 339,991 365,991 391,991 417,991 443,991 469,992 495,992 521,992 547,992 573,992 599,992 625,992 651,992 677,992 703,992 729,992"/>
                <TextEquiv>
                    <Unicode>sunt nisi duae substantiae, sensibilis,</Unicode>
                </TextEquiv>
            </TextLine>
            <TextLine id="r3l41" custom="readingOrder {index:21;}">
                <Coords points="232,1034 691,1034 737,1050 737,1004 701,997 669,1011 603,997 537,1013 490,1004 474,1017 429,998 232,1005"/>
                <Baseline points="237,1029 263,1029 289,1029 315,1029 341,1029 367,1030 393,1030 419,1030 445,1030 471,1031 497,1031 523,1031 549,1031 575,1031 601,1031 627,1031 653,1030 679,1030 705,1030 732,1029"/>
                <TextEquiv>
                    <Unicode>&amp; mathematica, manifestum est quod</Unicode>
                </TextEquiv>
            </TextLine>
            <TextLine id="r3l42" custom="readingOrder {index:22;}">
                <Coords points="230,1073 729,1074 729,1031 706,1045 483,1040 463,1060 407,1037 230,1037"/>
                <Baseline points="235,1067 260,1067 286,1068 312,1068 337,1069 363,1069 389,1069 415,1069 440,1069 466,1069 492,1069 518,1069 543,1069 569,1069 595,1069 621,1069 646,1070 672,1070 698,1070 724,1070"/>
                <TextEquiv>
                    <Unicode>formae non sunt. Deinde dicit: Sed </Unicode>
                </TextEquiv>
            </TextLine>
            <TextLine id="r3l44" custom="readingOrder {index:23;}">
                <Coords points="232,1114 727,1113 727,1087 623,1077 315,1088 233,1077"/>
                <Baseline points="237,1107 262,1106 288,1106 313,1106 339,1106 364,1106 390,1106 415,1106 441,1107 466,1107 492,1107 517,1107 543,1107 568,1108 594,1108 619,1108 645,1108 670,1108 696,1108 722,1107"/>
                <TextEquiv>
                    <Unicode>si concesserimus, &amp;c. idest iam nar</Unicode>
                </TextEquiv>
            </TextLine>
            <TextLine id="r3l46" custom="readingOrder {index:24;}">
                <Coords points="228,1154 731,1154 731,1125 697,1117 228,1125"/>
                <Baseline points="233,1146 258,1145 284,1145 310,1145 336,1145 362,1146 388,1146 414,1146 440,1146 466,1147 492,1147 518,1147 544,1147 570,1147 596,1147 622,1147 648,1147 674,1146 700,1146 726,1145"/>
                <TextEquiv>
                    <Unicode>ranimus quod accidit ex hoc de im</Unicode>
                </TextEquiv>
            </TextLine>
            <TextLine id="r3l48" custom="readingOrder {index:25;}">
                <Coords points="224,1200 730,1194 730,1165 680,1153 664,1165 303,1153 224,1164"/>
                <Baseline points="229,1181 255,1182 281,1183 307,1183 333,1184 359,1184 385,1184 411,1185 437,1185 463,1185 490,1185 516,1185 542,1185 568,1185 594,1185 620,1185 646,1185 672,1185 698,1185 725,1185"/>
                <TextEquiv>
                    <Unicode>possibili quaestione, de qua persru</Unicode>
                </TextEquiv>
            </TextLine>
            <TextLine id="r3l50" custom="readingOrder {index:26;}">
                <Coords points="230,1235 728,1234 728,1205 710,1203 336,1206 303,1193 230,1205"/>
                <Baseline points="235,1222 260,1223 286,1223 312,1223 337,1223 363,1223 389,1223 414,1223 440,1223 466,1223 491,1223 517,1223 543,1223 568,1223 594,1223 620,1224 645,1224 671,1224 697,1224 723,1224"/>
                <TextEquiv>
                    <Unicode>tati sumus, vtrum sit vna numero</Unicode>
                </TextEquiv>
            </TextLine>
            <TextLine id="r3l51" custom="readingOrder {index:27;}">
                <Coords points="234,1274 400,1275 400,1249 390,1245 330,1245 312,1231 304,1231 293,1242 279,1237 255,1242 235,1237"/>
                <Baseline points="239,1262 265,1261 291,1261 317,1262 343,1262 369,1263 395,1264"/>
                <TextEquiv>
                    <Unicode>aut forma.</Unicode>
                </TextEquiv>
            </TextLine>
            <TextLine id="r3l54" custom="readingOrder {index:28;}">
                <Coords points="249,1312 354,1328 368,1315 464,1330 485,1314 723,1322 723,1283 706,1277 664,1276 645,1293 551,1276 488,1291 456,1277 402,1291 249,1286"/>
                <Baseline points="254,1310 279,1310 305,1309 331,1309 357,1309 382,1309 408,1309 434,1309 460,1309 486,1309 511,1310 537,1310 563,1310 589,1310 614,1310 640,1310 666,1310 692,1310 718,1310"/>
                <TextEquiv>
                    <Unicode>Vtrum principia potentia sint, vel alio</Unicode>
                </TextEquiv>
            </TextLine>
            <TextLine id="r3l56" custom="readingOrder {index:29;}">
                <Coords points="290,1361 542,1353 646,1362 683,1354 683,1328 646,1331 609,1316 530,1334 348,1322 290,1333"/>
                <Baseline points="295,1350 320,1349 346,1348 371,1348 397,1348 422,1348 448,1348 473,1348 499,1349 524,1349 550,1349 575,1350 601,1350 626,1350 652,1349 678,1349"/>
                <TextEquiv>
                    <Unicode>modo: Et vtrum viauersalia, an</Unicode>
                </TextEquiv>
            </TextLine>
            <TextLine id="r3l58" custom="readingOrder {index:30;}">
                <Coords points="353,1400 368,1395 387,1410 414,1394 518,1386 566,1407 583,1394 630,1394 629,1366 615,1357 587,1368 525,1364 509,1377 491,1377 479,1365 466,1373 427,1356 392,1365 352,1360"/>
                <Baseline points="357,1390 383,1389 410,1388 437,1388 463,1388 490,1388 517,1388 543,1388 570,1388 597,1388 624,1388"/>
                <TextEquiv>
                    <Unicode>singularia. Cap. 8.</Unicode>
                </TextEquiv>
            </TextLine>
            <TextLine id="r3l60" custom="readingOrder {index:31;}">
                <Coords points="353,1442 545,1443 557,1453 578,1439 730,1443 723,1397 387,1412 353,1400"/>
                <Baseline points="358,1430 384,1430 410,1430 436,1430 462,1430 489,1430 515,1430 541,1430 567,1430 593,1430 620,1430 646,1430 672,1430 698,1430 725,1429"/>
                <TextEquiv>
                    <Unicode>ls autem prope est dubi</Unicode>
                </TextEquiv>
            </TextLine>
            <TextLine id="r3l62" custom="readingOrder {index:32;}">
                <Coords points="350,1482 544,1491 732,1482 732,1452 714,1449 694,1461 597,1445 350,1447"/>
                <Baseline points="355,1473 381,1473 408,1473 434,1473 461,1473 487,1473 514,1473 541,1473 567,1473 594,1473 620,1473 647,1473 673,1473 700,1473 727,1472"/>
                <TextEquiv>
                    <Unicode>tare, vtrum potentia, ar</Unicode>
                </TextEquiv>
            </TextLine>
            <TextLine id="r3l65" custom="readingOrder {index:33;}">
                <Coords points="350,1522 735,1523 735,1493 717,1484 684,1496 655,1485 571,1496 513,1485 350,1492"/>
                <Baseline points="355,1513 380,1513 405,1514 430,1514 455,1515 480,1515 505,1515 530,1516 555,1516 580,1516 605,1516 630,1516 655,1515 680,1515 705,1515 730,1514"/>
                <TextEquiv>
                    <Unicode>alio quodam modo ele¬</Unicode>
                </TextEquiv>
            </TextLine>
            <TextLine id="r3l67" custom="readingOrder {index:34;}">
                <Coords points="240,1563 553,1560 644,1576 737,1562 738,1533 241,1533"/>
                <Baseline points="245,1557 270,1557 296,1557 321,1557 347,1557 373,1557 398,1557 424,1557 450,1558 475,1558 501,1558 526,1558 552,1558 578,1559 603,1559 629,1559 655,1558 680,1558 706,1558 732,1557"/>
                <TextEquiv>
                    <Unicode>menta sint. Si enim alio qudam</Unicode>
                </TextEquiv>
            </TextLine>
            <TextLine id="r3l69" custom="readingOrder {index:35;}">
                <Coords points="242,1610 734,1610 735,1565 640,1577 618,1565 595,1581 567,1566 491,1579 454,1564 415,1580 346,1584 316,1565 243,1577"/>
                <Baseline points="247,1600 272,1599 297,1599 323,1599 348,1599 373,1599 399,1599 424,1599 449,1600 475,1600 500,1600 526,1601 551,1601 576,1601 602,1601 627,1601 652,1601 678,1601 703,1601 729,1600"/>
                <TextEquiv>
                    <Unicode>modo, erit aliquid aliud princi¬</Unicode>
                </TextEquiv>
            </TextLine>
            <TextLine id="r3l71" custom="readingOrder {index:36;}">
                <Coords points="244,1656 741,1649 741,1620 706,1609 688,1621 244,1620"/>
                <Baseline points="249,1641 274,1641 300,1641 325,1641 351,1641 377,1642 402,1642 428,1642 454,1642 479,1643 505,1643 530,1643 556,1643 582,1643 607,1643 633,1643 659,1643 684,1643 710,1642 736,1642"/>
                <TextEquiv>
                    <Unicode>piis prius. potentia nanque prior</Unicode>
                </TextEquiv>
            </TextLine>
            <TextLine id="r3l73" custom="readingOrder {index:37;}">
                <Coords points="245,1698 733,1689 733,1661 245,1656"/>
                <Baseline points="250,1686 275,1685 300,1685 325,1685 350,1685 375,1685 400,1685 426,1685 451,1685 476,1685 501,1685 526,1686 551,1686 577,1686 602,1686 627,1686 652,1686 677,1685 702,1685 728,1685"/>
                <TextEquiv>
                    <Unicode>illascausa est,. non est autem ne</Unicode>
                </TextEquiv>
            </TextLine>
            <TextLine id="r3l75" custom="readingOrder {index:38;}">
                <Coords points="238,1738 717,1738 738,1735 739,1692 692,1705 672,1693 239,1704"/>
                <Baseline points="243,1727 268,1727 294,1727 320,1727 346,1727 371,1727 397,1727 423,1727 449,1727 475,1728 500,1728 526,1728 552,1728 578,1728 604,1729 629,1729 655,1729 681,1729 707,1729 733,1729"/>
                <TextEquiv>
                    <Unicode>cesse, vt omne, quod potentia est</Unicode>
                </TextEquiv>
            </TextLine>
            <TextLine id="r3l77" custom="readingOrder {index:39;}">
                <Coords points="232,1776 630,1786 747,1777 748,1747 636,1734 557,1755 445,1736 394,1750 233,1742"/>
                <Baseline points="237,1769 262,1769 287,1770 312,1770 338,1770 363,1770 388,1770 413,1770 439,1770 464,1771 489,1771 514,1771 540,1771 565,1771 590,1771 615,1771 641,1771 666,1771 691,1771 716,1771 742,1771"/>
                <TextEquiv>
                    <Unicode>illo modo se habeat. Quod si ele¬</Unicode>
                </TextEquiv>
            </TextLine>
            <TextLine id="r3l79" custom="readingOrder {index:40;}">
                <Coords points="241,1826 682,1818 710,1837 746,1817 746,1786 241,1789"/>
                <Baseline points="246,1814 272,1813 298,1813 324,1813 350,1813 376,1813 402,1813 428,1813 454,1813 480,1813 506,1814 532,1814 558,1814 584,1814 610,1814 636,1814 662,1814 688,1813 714,1812 741,1811"/>
                <TextEquiv>
                    <Unicode>menta potentia sunt, contingit</Unicode>
                </TextEquiv>
            </TextLine>
            <TextLine id="r3l82" custom="readingOrder {index:41;}">
                <Coords points="240,1866 715,1866 744,1862 744,1828 240,1831"/>
                <Baseline points="245,1855 271,1856 297,1856 323,1857 349,1857 375,1857 401,1857 427,1858 453,1858 479,1858 505,1858 531,1857 557,1857 583,1857 609,1857 635,1857 661,1857 687,1857 713,1856 739,1856"/>
                <TextEquiv>
                    <Unicode>nihil entium esse. possibile enim</Unicode>
                </TextEquiv>
            </TextLine>
            <TextLine id="r3l84" custom="readingOrder {index:42;}">
                <Coords points="239,1906 456,1906 472,1922 554,1904 749,1914 750,1869 240,1876"/>
                <Baseline points="244,1899 269,1899 294,1900 319,1900 344,1900 369,1901 394,1901 419,1901 444,1901 469,1901 494,1901 519,1901 544,1901 569,1901 594,1901 619,1901 644,1901 669,1901 694,1901 719,1901 744,1901"/>
                <TextEquiv>
                    <Unicode>est esse, etiam quod nondum est.</Unicode>
                </TextEquiv>
            </TextLine>
            <TextEquiv>
                <Unicode>sunt hic, sint determinata numero,
idest diuersa numero tantum, &amp; non
forma. &amp; hoc intendebat, cum d. ma¬
nifestum est igitur per se, quod res, quae
sunt hic diuersae numero, &amp; forma,
sunt dispositio in qualitate, id est ma
nifestum est igitur per se, quod sunt res
tales. Et hoc intendebat, cum dicit,
quae sunt hic: quia sunt diuersae for
ma &amp; numero, sicut literae compos¬
tae ex literis, &amp; voces compositae ex
vocibus: quia necesse est vt princi¬
pia istorum sint diuersa numero &amp;
forma. &amp; sic ponunt media, dicentes
ea, scilicet diuersa numero &amp; for¬
ma. &amp; hoc intendebat, cum dicit. E
sic erit etiam in rebus medijis. Dein¬
de dicit. Si igitur non fuerint sub¬
stantiae aliae, &amp;c. idest &amp; cum deter¬
minatum est ex hoc sermone, quod non
sunt nisi duae substantiae, sensibilis,
&amp; mathematica, manifestum est quod
formae non sunt. Deinde dicit: Sed 
si concesserimus, &amp;c. idest iam nar
ranimus quod accidit ex hoc de im
possibili quaestione, de qua persru
tati sumus, vtrum sit vna numero
aut forma.
Vtrum principia potentia sint, vel alio
modo: Et vtrum viauersalia, an
singularia. Cap. 8.
ls autem prope est dubi
tare, vtrum potentia, ar
alio quodam modo ele¬
menta sint. Si enim alio qudam
modo, erit aliquid aliud princi¬
piis prius. potentia nanque prior
illascausa est,. non est autem ne
cesse, vt omne, quod potentia est
illo modo se habeat. Quod si ele¬
menta potentia sunt, contingit
nihil entium esse. possibile enim
est esse, etiam quod nondum est.</Unicode>
            </TextEquiv>
        </TextRegion>
        <TextRegion orientation="0.0" id="TextRegion_1604151751146_871" custom="readingOrder {index:1;}">
            <Coords points="757,144 1308,144 1308,1944 757,1944"/>
            <TextLine id="r3l3" custom="readingOrder {index:0;}">
                <Coords points="762,234 1313,226 1312,179 1145,181 1128,195 1087,181 1064,198 993,180 968,197 808,197 786,181 762,197"/>
                <Baseline points="767,221 794,220 821,220 848,219 875,219 902,219 929,219 956,219 983,219 1010,219 1037,219 1064,219 1091,219 1118,219 1145,219 1172,218 1199,218 1226,217 1253,216 1280,215 1308,214"/>
                <TextEquiv>
                    <Unicode>fit enim quod non est. sed nihil E</Unicode>
                </TextEquiv>
            </TextLine>
            <TextLine id="r3l5" custom="readingOrder {index:1;}">
                <Coords points="766,269 1271,269 1271,235 766,238"/>
                <Baseline points="771,263 797,263 823,262 849,262 875,262 901,261 927,261 953,261 979,261 1005,261 1031,261 1057,261 1083,261 1109,261 1135,261 1161,261 1187,261 1213,260 1239,260 1266,260"/>
                <TextEquiv>
                    <Unicode>eorum fit, quae esse impossibilia</Unicode>
                </TextEquiv>
            </TextLine>
            <TextLine id="r3l7" custom="readingOrder {index:2;}">
                <Coords points="760,312 1274,314 1274,276 760,281"/>
                <Baseline points="765,305 790,304 815,304 840,304 865,303 891,303 916,303 941,303 966,303 991,302 1017,302 1042,302 1067,302 1092,302 1117,302 1143,302 1168,302 1193,302 1218,302 1243,302 1269,303"/>
                <TextEquiv>
                    <Unicode>sunt. Et has itaque de principiis du</Unicode>
                </TextEquiv>
            </TextLine>
            <TextLine id="r3l9" custom="readingOrder {index:3;}">
                <Coords points="756,348 1268,355 1268,317 756,318"/>
                <Baseline points="761,345 786,345 811,344 836,344 861,344 886,344 911,344 936,344 961,344 986,344 1012,344 1037,344 1062,344 1087,344 1112,344 1137,344 1162,344 1187,344 1212,345 1237,345 1263,345"/>
                <TextEquiv>
                    <Unicode>bitationes necesse: est dubitare.</Unicode>
                </TextEquiv>
            </TextLine>
            <TextLine id="r3l11" custom="readingOrder {index:4;}">
                <Coords points="789,408 1268,410 1268,370 1239,356 1200,373 1167,356 1132,375 1081,375 1056,357 1005,374 936,357 913,372 789,372"/>
                <Baseline points="794,397 820,398 846,398 872,398 898,398 924,398 950,398 976,398 1002,398 1028,398 1054,398 1080,398 1106,398 1132,398 1158,398 1184,398 1210,398 1236,398 1263,398"/>
                <TextEquiv>
                    <Unicode>Et assimilatur istis quaestionibus</Unicode>
                </TextEquiv>
            </TextLine>
            <TextLine id="r3l13" custom="readingOrder {index:5;}">
                <Coords points="765,450 841,452 856,467 893,453 921,467 1271,453 1271,424 1175,410 1147,424 999,411 920,429 891,412 866,425 815,403 765,409"/>
                <Baseline points="770,445 796,445 822,445 848,445 874,445 900,445 926,445 952,446 978,446 1004,446 1031,446 1057,446 1083,446 1109,446 1135,446 1161,446 1187,445 1213,445 1239,444 1266,443"/>
                <TextEquiv>
                    <Unicode>dictis ista quaestio, vtrum elemen¬</Unicode>
                </TextEquiv>
            </TextLine>
            <TextLine id="r3l16" custom="readingOrder {index:6;}">
                <Coords points="762,497 812,518 830,500 871,514 897,498 1276,502 1276,471 1231,485 1199,456 1013,479 762,468"/>
                <Baseline points="767,493 792,493 817,493 842,493 867,494 893,494 918,494 943,494 968,494 993,494 1019,494 1044,494 1069,494 1094,494 1119,494 1145,494 1170,494 1195,494 1220,494 1245,494 1271,494"/>
                <TextEquiv>
                    <Unicode>ta sint potentia, aut alio modo. St</Unicode>
                </TextEquiv>
            </TextLine>
            <TextLine id="r3l18" custom="readingOrder {index:7;}">
                <Coords points="764,562 859,543 1009,546 1033,561 1160,545 1178,562 1255,562 1270,553 1270,507 1172,520 1147,503 1022,526 998,506 980,519 910,504 872,523 764,517"/>
                <Baseline points="769,541 795,541 821,541 847,542 873,542 899,542 925,542 951,542 977,542 1003,542 1030,542 1056,542 1082,541 1108,541 1134,541 1160,541 1186,541 1212,541 1238,541 1265,541"/>
                <TextEquiv>
                    <Unicode>igitur alio modo, quomodo est pose¬</Unicode>
                </TextEquiv>
            </TextLine>
            <TextLine id="r3l20" custom="readingOrder {index:8;}">
                <Coords points="764,610 790,595 1264,605 1271,564 1226,557 1195,572 1165,553 1071,573 1055,557 935,553 911,573 854,572 804,549 764,565"/>
                <Baseline points="769,591 795,591 821,590 847,590 873,590 899,590 925,590 952,590 978,590 1004,590 1030,590 1056,591 1082,591 1109,591 1135,591 1161,591 1187,591 1213,591 1239,591 1266,591"/>
                <TextEquiv>
                    <Unicode>sibile, vt aliquid sit ante elementa,</Unicode>
                </TextEquiv>
            </TextLine>
            <TextLine id="r3l22" custom="readingOrder {index:9;}">
                <Coords points="767,651 832,658 867,644 897,659 963,644 1043,659 1196,644 1253,659 1280,646 1280,602 1196,618 1088,605 1017,622 839,603 767,613"/>
                <Baseline points="772,638 797,638 822,638 847,638 872,638 897,638 922,638 948,638 973,638 998,638 1023,638 1048,638 1073,638 1098,638 1124,638 1149,638 1174,638 1199,638 1224,638 1249,638 1275,637"/>
                <TextEquiv>
                    <Unicode>&amp; sunt principia. potentia enim est</Unicode>
                </TextEquiv>
            </TextLine>
            <TextLine id="r3l25" custom="readingOrder {index:10;}">
                <Coords points="762,692 1265,699 1280,696 1280,661 1173,648 1152,668 1111,652 1051,665 959,649 934,667 864,648 762,668"/>
                <Baseline points="767,685 792,685 817,685 843,685 868,685 894,686 919,686 944,686 970,686 995,686 1021,686 1046,686 1071,686 1097,686 1122,686 1148,686 1173,686 1198,686 1224,686 1249,686 1275,686"/>
                <TextEquiv>
                    <Unicode>ante illam aliam causam. illud au</Unicode>
                </TextEquiv>
            </TextLine>
            <TextLine id="r3l27" custom="readingOrder {index:11;}">
                <Coords points="764,746 1271,746 1272,700 1170,713 1024,699 1003,713 905,692 841,716 765,709"/>
                <Baseline points="769,734 795,733 821,733 847,733 873,733 899,733 925,733 952,733 978,733 1004,734 1030,734 1056,734 1082,734 1109,734 1135,734 1161,735 1187,735 1213,735 1239,735 1266,735"/>
                <TextEquiv>
                    <Unicode>tem, quod non habet potentiam, non</Unicode>
                </TextEquiv>
            </TextLine>
            <TextLine id="r3l29" custom="readingOrder {index:12;}">
                <Coords points="767,803 858,788 880,802 905,790 1112,802 1281,786 1262,757 1218,766 1122,745 767,760"/>
                <Baseline points="772,783 797,783 822,783 847,783 872,783 898,783 923,783 948,783 973,783 998,783 1024,783 1049,783 1074,783 1099,783 1124,783 1150,783 1175,783 1200,782 1225,782 1250,782 1276,782"/>
                <TextEquiv>
                    <Unicode>est ante potentiam necessario. Si au¬</Unicode>
                </TextEquiv>
            </TextLine>
            <TextLine id="r3l31" custom="readingOrder {index:13;}">
                <Coords points="764,842 1272,843 1272,812 1235,805 1217,820 1201,804 990,797 914,813 857,793 838,807 764,805"/>
                <Baseline points="769,831 795,831 821,831 847,831 873,830 900,830 926,830 952,830 978,830 1004,830 1031,830 1057,830 1083,830 1109,831 1135,831 1162,831 1188,831 1214,831 1240,831 1267,832"/>
                <TextEquiv>
                    <Unicode>tem elemeta fuerint potentia, tue </Unicode>
                </TextEquiv>
            </TextLine>
            <TextLine id="r3l34" custom="readingOrder {index:14;}">
                <Coords points="764,899 964,879 1221,895 1269,890 1269,852 1038,842 941,857 844,838 764,853"/>
                <Baseline points="769,878 795,878 821,878 847,878 873,878 899,878 925,878 951,878 977,878 1003,878 1029,878 1055,878 1081,878 1107,878 1133,878 1159,878 1185,878 1211,878 1237,879 1264,879"/>
                <TextEquiv>
                    <Unicode>possibile erit vt elementa non sint</Unicode>
                </TextEquiv>
            </TextLine>
            <TextLine id="r3l36" custom="readingOrder {index:15;}">
                <Coords points="765,938 1156,946 1277,930 1277,909 1233,889 1146,907 994,889 973,910 794,886 765,908"/>
                <Baseline points="770,927 795,927 820,927 845,927 870,927 895,927 920,927 945,927 970,927 995,927 1021,927 1046,927 1071,927 1096,927 1121,927 1146,927 1171,926 1196,926 1221,926 1246,926 1272,925"/>
                <TextEquiv>
                    <Unicode>aliquod entiu. illud enim quod ha¬</Unicode>
                </TextEquiv>
            </TextLine>
            <TextLine id="r3l38" custom="readingOrder {index:16;}">
                <Coords points="761,985 830,995 866,980 985,980 1039,995 1221,980 1247,994 1273,985 1273,941 1213,955 1168,937 1084,961 1059,941 761,948"/>
                <Baseline points="766,975 791,975 816,975 841,974 866,974 891,974 916,974 941,974 966,974 991,974 1017,974 1042,974 1067,974 1092,974 1117,974 1142,974 1167,974 1192,974 1217,974 1242,974 1268,974"/>
                <TextEquiv>
                    <Unicode>bet potentiam vt sit, nondum est.</Unicode>
                </TextEquiv>
            </TextLine>
            <TextLine id="r3l40" custom="readingOrder {index:17;}">
                <Coords points="762,1034 812,1022 882,1043 965,1042 983,1027 1099,1043 1281,1026 1281,1005 1229,986 1080,1004 1059,987 959,1002 904,986 762,1004"/>
                <Baseline points="767,1025 792,1024 817,1023 843,1023 868,1023 894,1022 919,1022 945,1022 970,1023 996,1023 1021,1023 1046,1023 1072,1023 1097,1023 1123,1023 1148,1023 1174,1023 1199,1023 1225,1022 1250,1021 1276,1020"/>
                <TextEquiv>
                    <Unicode>&amp; non fit nisi illud, quod non ha¬</Unicode>
                </TextEquiv>
            </TextLine>
            <TextLine id="r3l43" custom="readingOrder {index:18;}">
                <Coords points="767,1082 1277,1082 1277,1044 1249,1033 1096,1052 1017,1033 898,1051 868,1034 767,1040"/>
                <Baseline points="772,1071 797,1071 822,1071 847,1071 872,1071 897,1071 922,1070 947,1070 972,1070 997,1070 1022,1070 1047,1070 1072,1071 1097,1071 1122,1071 1147,1071 1172,1071 1197,1071 1222,1071 1247,1071 1272,1071"/>
                <TextEquiv>
                    <Unicode>bet esse. &amp; nihil erit, quod non ha</Unicode>
                </TextEquiv>
            </TextLine>
            <TextLine id="r3l45" custom="readingOrder {index:19;}">
                <Coords points="763,1130 833,1140 997,1120 1045,1138 1106,1120 1178,1122 1210,1142 1275,1125 1275,1092 1100,1105 1077,1085 763,1092"/>
                <Baseline points="768,1118 793,1118 818,1118 843,1118 868,1118 893,1118 918,1119 943,1119 968,1119 993,1119 1019,1119 1044,1119 1069,1119 1094,1119 1119,1119 1144,1119 1169,1119 1194,1119 1219,1118 1244,1118 1270,1118"/>
                <TextEquiv>
                    <Unicode>bet potentiam vt sit. Hae igitur </Unicode>
                </TextEquiv>
            </TextLine>
            <TextLine id="r3l47" custom="readingOrder {index:20;}">
                <Coords points="763,1181 786,1194 803,1178 934,1187 1001,1170 1033,1186 1139,1174 1226,1187 1279,1170 1279,1148 1206,1149 1189,1133 1160,1156 1115,1130 1086,1142 1071,1129 1009,1146 861,1131 763,1148"/>
                <Baseline points="768,1167 793,1167 818,1167 843,1167 869,1167 894,1167 919,1167 945,1167 970,1167 995,1167 1021,1167 1046,1167 1071,1167 1096,1167 1122,1167 1147,1167 1172,1167 1198,1166 1223,1166 1248,1165 1274,1165"/>
                <TextEquiv>
                    <Unicode>quaestiones sunt difficiles, de qui¬</Unicode>
                </TextEquiv>
            </TextLine>
            <TextLine id="r3l49" custom="readingOrder {index:21;}">
                <Coords points="764,1226 880,1235 1065,1219 1080,1234 1167,1226 1207,1242 1223,1226 1271,1226 1271,1189 1097,1181 1070,1199 1007,1180 959,1197 880,1181 764,1196"/>
                <Baseline points="769,1214 795,1214 821,1214 847,1214 873,1215 899,1215 925,1215 952,1215 978,1215 1004,1215 1030,1215 1056,1215 1082,1215 1109,1215 1135,1215 1161,1215 1187,1215 1213,1215 1239,1215 1266,1215"/>
                <TextEquiv>
                    <Unicode>bus persrutandum est in cognitio</Unicode>
                </TextEquiv>
            </TextLine>
            <TextLine id="r3l52" custom="readingOrder {index:22;}">
                <Coords points="767,1274 795,1275 809,1285 824,1273 885,1274 903,1288 923,1274 1012,1274 1012,1237 957,1243 867,1237 855,1244 826,1236 809,1242 767,1237"/>
                <Baseline points="772,1261 798,1262 824,1262 850,1263 876,1263 902,1263 928,1263 954,1263 980,1263 1007,1264"/>
                <TextEquiv>
                    <Unicode>ne principiorum.</Unicode>
                </TextEquiv>
            </TextLine>
            <TextLine id="r3l53" custom="readingOrder {index:23;}">
                <Coords points="805,1314 838,1327 1030,1307 1277,1322 1277,1284 1220,1277 805,1285"/>
                <Baseline points="810,1303 835,1303 861,1304 887,1305 912,1305 938,1306 964,1306 989,1306 1015,1306 1041,1307 1066,1307 1092,1307 1118,1306 1143,1306 1169,1306 1195,1306 1220,1306 1246,1306 1272,1305"/>
                <TextEquiv>
                    <Unicode>Quaerit vtrum elementa prima,</Unicode>
                </TextEquiv>
            </TextLine>
            <TextLine id="r3l55" custom="readingOrder {index:24;}">
                <Coords points="771,1354 1273,1353 1273,1324 1189,1316 772,1317"/>
                <Baseline points="776,1344 801,1344 827,1345 853,1345 879,1345 905,1345 931,1345 957,1345 983,1346 1009,1346 1034,1346 1060,1346 1086,1346 1112,1346 1138,1345 1164,1345 1190,1345 1216,1345 1242,1344 1268,1344"/>
                <TextEquiv>
                    <Unicode>&amp; principia omnium entium sint po¬</Unicode>
                </TextEquiv>
            </TextLine>
            <TextLine id="r3l57" custom="readingOrder {index:25;}">
                <Coords points="765,1394 1167,1387 1238,1407 1279,1389 1279,1359 1199,1365 1160,1350 1049,1365 1032,1350 989,1367 948,1353 765,1365"/>
                <Baseline points="770,1382 795,1383 820,1383 845,1384 870,1384 896,1384 921,1384 946,1384 971,1384 996,1384 1022,1384 1047,1384 1072,1384 1097,1384 1122,1384 1148,1383 1173,1383 1198,1383 1223,1383 1248,1383 1274,1383"/>
                <TextEquiv>
                    <Unicode>tentia, aut actu. &amp; hoc intendebat per</Unicode>
                </TextEquiv>
            </TextLine>
            <TextLine id="r3l59" custom="readingOrder {index:26;}">
                <Coords points="767,1434 1285,1434 1284,1392 1237,1406 1216,1392 1184,1405 992,1395 980,1408 943,1392 920,1406 767,1397"/>
                <Baseline points="772,1423 797,1423 822,1423 848,1423 873,1423 899,1423 924,1424 949,1424 975,1424 1000,1424 1026,1424 1051,1424 1076,1424 1102,1424 1127,1423 1153,1423 1178,1423 1203,1423 1229,1423 1254,1422 1280,1422"/>
                <TextEquiv>
                    <Unicode>alium modum. Deinde dicit. Si igitur</Unicode>
                </TextEquiv>
            </TextLine>
            <TextLine id="r3l61" custom="readingOrder {index:27;}">
                <Coords points="767,1474 987,1463 1110,1483 1283,1468 1269,1435 1239,1445 1198,1431 1114,1444 1021,1429 930,1445 904,1432 883,1445 767,1439"/>
                <Baseline points="772,1464 797,1464 822,1463 847,1463 873,1463 898,1463 923,1463 949,1463 974,1463 999,1463 1025,1463 1050,1462 1075,1462 1100,1462 1126,1462 1151,1462 1176,1462 1202,1462 1227,1462 1252,1461 1278,1461"/>
                <TextEquiv>
                    <Unicode>alio modo, &amp;c. idest si igitur elemen¬</Unicode>
                </TextEquiv>
            </TextLine>
            <TextLine id="r3l64" custom="readingOrder {index:28;}">
                <Coords points="772,1506 1273,1509 1263,1477 772,1477"/>
                <Baseline points="777,1502 802,1502 828,1502 854,1502 880,1502 906,1502 932,1501 957,1501 983,1502 1009,1502 1035,1502 1061,1502 1087,1502 1112,1502 1138,1502 1164,1502 1190,1502 1216,1502 1242,1502 1268,1501"/>
                <TextEquiv>
                    <Unicode>ta sunt actu, habent elementa. poten¬</Unicode>
                </TextEquiv>
            </TextLine>
            <TextLine id="r3l66" custom="readingOrder {index:29;}">
                <Coords points="765,1546 1268,1547 1274,1509 1183,1505 1123,1528 1045,1509 765,1517"/>
                <Baseline points="770,1541 796,1541 822,1541 848,1541 875,1541 901,1541 927,1541 953,1540 980,1540 1006,1540 1032,1540 1058,1540 1085,1541 1111,1541 1137,1541 1163,1541 1190,1541 1216,1541 1242,1541 1269,1542"/>
                <TextEquiv>
                    <Unicode>tia enim est ante actum, idest illud,</Unicode>
                </TextEquiv>
            </TextLine>
            <TextLine id="r3l68" custom="readingOrder {index:30;}">
                <Coords points="778,1593 1283,1586 1283,1557 1206,1549 778,1557"/>
                <Baseline points="783,1581 809,1580 835,1580 861,1580 887,1579 913,1579 939,1579 965,1579 991,1579 1017,1579 1043,1579 1069,1579 1095,1579 1121,1579 1147,1579 1173,1580 1199,1580 1225,1580 1251,1580 1278,1579"/>
                <TextEquiv>
                    <Unicode>quod est in potentia aliquid, est ante</Unicode>
                </TextEquiv>
            </TextLine>
            <TextLine id="r3l70" custom="readingOrder {index:31;}">
                <Coords points="775,1626 1279,1626 1271,1589 960,1589 948,1601 775,1589"/>
                <Baseline points="780,1619 806,1619 832,1619 858,1619 884,1619 910,1619 936,1619 962,1619 988,1619 1014,1619 1040,1619 1066,1619 1092,1619 1118,1619 1144,1619 1170,1619 1196,1619 1222,1619 1248,1619 1274,1619"/>
                <TextEquiv>
                    <Unicode>illud, quod est in actu illud quid. &amp; </Unicode>
                </TextEquiv>
            </TextLine>
            <TextLine id="r3l72" custom="readingOrder {index:32;}">
                <Coords points="769,1666 1281,1666 1281,1645 1263,1637 769,1629"/>
                <Baseline points="774,1657 799,1658 824,1658 849,1659 874,1659 899,1659 924,1659 949,1659 974,1659 999,1659 1025,1658 1050,1658 1075,1658 1100,1658 1125,1658 1150,1658 1175,1658 1200,1658 1225,1658 1250,1659 1276,1659"/>
                <TextEquiv>
                    <Unicode>sic elementa habebunt elementa.</Unicode>
                </TextEquiv>
            </TextLine>
            <TextLine id="r3l74" custom="readingOrder {index:33;}">
                <Coords points="796,1705 1280,1706 1280,1677 1212,1668 964,1681 925,1667 911,1678 796,1669"/>
                <Baseline points="801,1696 827,1697 853,1697 880,1697 906,1697 932,1698 959,1698 985,1698 1011,1698 1038,1698 1064,1698 1090,1697 1117,1697 1143,1697 1169,1697 1196,1697 1222,1697 1248,1698 1275,1698"/>
                <TextEquiv>
                    <Unicode>Deinde dicit: illud autem, quod non </Unicode>
                </TextEquiv>
            </TextLine>
            <TextLine id="r3l76" custom="readingOrder {index:34;}">
                <Coords points="775,1746 1283,1747 1283,1710 1237,1706 1126,1717 1112,1704 1095,1719 775,1706"/>
                <Baseline points="780,1737 806,1737 832,1737 858,1737 884,1737 911,1737 937,1737 963,1737 989,1737 1015,1737 1042,1737 1068,1737 1094,1737 1120,1736 1146,1736 1173,1736 1199,1736 1225,1736 1251,1736 1278,1736"/>
                <TextEquiv>
                    <Unicode>habet potentiam, &amp;c. id est, illud au</Unicode>
                </TextEquiv>
            </TextLine>
            <TextLine id="r3l78" custom="readingOrder {index:35;}">
                <Coords points="768,1785 1056,1781 1074,1794 1100,1780 1205,1794 1288,1779 1288,1749 768,1755"/>
                <Baseline points="773,1776 798,1776 824,1776 849,1776 875,1776 900,1776 926,1776 951,1776 977,1776 1002,1776 1028,1776 1053,1776 1079,1776 1104,1776 1130,1776 1155,1776 1181,1776 1206,1776 1232,1776 1257,1776 1283,1776"/>
                <TextEquiv>
                    <Unicode>tem, in quo non est potentia, vt ex</Unicode>
                </TextEquiv>
            </TextLine>
            <TextLine id="r3l80" custom="readingOrder {index:36;}">
                <Coords points="776,1826 1222,1832 1280,1826 1280,1785 1196,1800 1089,1783 988,1800 971,1784 954,1797 889,1786 852,1798 830,1783 776,1797"/>
                <Baseline points="781,1815 807,1815 833,1816 859,1816 885,1816 911,1816 937,1816 963,1816 989,1816 1015,1816 1041,1816 1067,1816 1093,1815 1119,1815 1145,1815 1171,1815 1197,1815 1223,1815 1249,1814 1275,1814"/>
                <TextEquiv>
                    <Unicode>eo fiat aliquid, nihil fit ex eo, quod</Unicode>
                </TextEquiv>
            </TextLine>
            <TextLine id="r3l81" custom="readingOrder {index:37;}">
                <Coords points="772,1866 1292,1866 1291,1830 1270,1822 1163,1837 771,1828"/>
                <Baseline points="776,1856 801,1856 827,1856 852,1856 878,1856 903,1857 929,1857 954,1857 980,1856 1005,1856 1031,1856 1056,1856 1082,1856 1107,1856 1133,1855 1158,1855 1184,1854 1209,1854 1235,1854 1260,1853 1286,1853"/>
                <TextEquiv>
                    <Unicode>sit in potentia omnino. quapper non erit</Unicode>
                </TextEquiv>
            </TextLine>
            <TextLine id="r3l83" custom="readingOrder {index:38;}">
                <Coords points="774,1906 1178,1915 1285,1898 1284,1863 1123,1876 1105,1862 1078,1874 1031,1864 998,1877 975,1861 949,1878 816,1878 794,1862 773,1875"/>
                <Baseline points="779,1897 804,1898 829,1898 854,1898 879,1898 904,1898 929,1897 954,1897 979,1897 1004,1897 1029,1897 1054,1896 1079,1896 1104,1896 1129,1895 1154,1895 1179,1894 1204,1894 1229,1893 1254,1893 1280,1892"/>
                <TextEquiv>
                    <Unicode>elementum alicuius rei aliquo modo¬</Unicode>
                </TextEquiv>
            </TextLine>
            <TextEquiv>
                <Unicode>fit enim quod non est. sed nihil E
eorum fit, quae esse impossibilia
sunt. Et has itaque de principiis du
bitationes necesse: est dubitare.
Et assimilatur istis quaestionibus
dictis ista quaestio, vtrum elemen¬
ta sint potentia, aut alio modo. St
igitur alio modo, quomodo est pose¬
sibile, vt aliquid sit ante elementa,
&amp; sunt principia. potentia enim est
ante illam aliam causam. illud au
tem, quod non habet potentiam, non
est ante potentiam necessario. Si au¬
tem elemeta fuerint potentia, tue 
possibile erit vt elementa non sint
aliquod entiu. illud enim quod ha¬
bet potentiam vt sit, nondum est.
&amp; non fit nisi illud, quod non ha¬
bet esse. &amp; nihil erit, quod non ha
bet potentiam vt sit. Hae igitur 
quaestiones sunt difficiles, de qui¬
bus persrutandum est in cognitio
ne principiorum.
Quaerit vtrum elementa prima,
&amp; principia omnium entium sint po¬
tentia, aut actu. &amp; hoc intendebat per
alium modum. Deinde dicit. Si igitur
alio modo, &amp;c. idest si igitur elemen¬
ta sunt actu, habent elementa. poten¬
tia enim est ante actum, idest illud,
quod est in potentia aliquid, est ante
illud, quod est in actu illud quid. &amp; 
sic elementa habebunt elementa.
Deinde dicit: illud autem, quod non 
habet potentiam, &amp;c. id est, illud au
tem, in quo non est potentia, vt ex
eo fiat aliquid, nihil fit ex eo, quod
sit in potentia omnino. quapper non erit
elementum alicuius rei aliquo modo¬</Unicode>
            </TextEquiv>
        </TextRegion>
    </Page>
</PcGts>
