1475 2066
202 141 709 202 alicuius scientiae particularis con
206 188 721 250 syderatio de ente vniuersali, sed
204 237 709 301 scientiarum particulariu est consydera
215 284 706 346 tio de accidenti, quod accidit ali¬
212 333 712 394 cui parti partium entis diuisae ac
217 381 715 443 eo, sicut faciunt scientiae Mathema¬
212 429 719 491 ticae. Si igitur inquisitio principio
218 476 717 538 rum, & causarum vltimarum est
216 524 710 586 a nobis, manifestum est quod ne¬
216 572 716 626 cesse est vt ista principia sint si¬
214 617 711 675 cut principia alicutus naturae per
207 667 715 727 se. Et, cum quaesierunt ista prin¬
202 712 713 777 cipia illi, qui quaerebant elemen¬
210 756 710 820 ta entis, necesse est vt non sint ele
213 805 715 866 menta entis modo accidentali, sec
220 852 719 915 sint essentialiter. Et ideo oportet
218 900 717 962 nos qurere causas, quae sunt in ente,
362 981 714 1025 lonte tractatus continet duas
364 1021 714 1070 lpartes. Prima igitur est
373 1059 713 1106 in definiendo subiectum
367 1100 715 1146 listius artis, & accidentia,
212 1141 708 1189 & causas eius, & vniversaliter in rebus Logi
220 1174 718 1227 cis, quae appropriantur huic scientiae. In
220 1214 717 1260 seda autem disputat cum Sophistis, qui
219 1256 720 1303 negant primas, propoteones, & destruunt
223 1292 715 1330 scire: * prius declarando quod diis hui
220 1329 715 1370 ius artis dent disputa re cum istis. Quia
220 1365 721 1410 igitur intentio eius est loqui de modo
223 1404 712 1452 consyderationis istius artis, & iam per
218 1445 719 1482 scrutatus est in tractatu praecedenti de
219 1482 714 1524 scientia, quae dicitur Philosophia, quae scientia sit
218 1518 716 1567 & d. quod, si scientia omnium causarum est vna
214 1557 713 1608 illa scientia debet dici Philosophia: de¬
222 1597 717 1644 inde declarauit, quod consyderatio de¬
216 1636 718 1682 omnibus causis omnium entium non est
222 1676 712 1714 vnius scientiae, cum entia sint diuersa¬
220 1709 714 1765 quoniam in quibusdam inueniuntur de cau
220 1749 714 1800 sis quatuor, quod non inuenitur in quibus
215 1788 725 1842 dam, hoc enim esset possibile, si entia essent vnum
749 141 1250 192 genus: deinde induxit ipse sermonem, quod
748 179 1256 231 t Philosophia forte e illa, quae consyde¬
755 221 1249 266 derat de nobilissima causarum. scilicet de
746 261 1249 310 primo fine, & forma prima: incoepit in hoc
748 301 1230 338 tractatu declarare hoc secundum demotrent
752 335 1243 378 nem & declarationem perfectam, & d. Vni
749 377 1253 427 quidem scientiae, &c. i. dicamus igitur, quod ma
750 420 1239 458 nifestum est per se hic esse aliquam scientiam
754 452 1251 504 qua consyderat d ente, inquantum est ens
744 494 1249 530 & de accidentibus essentialibus enti
745 529 1252 569 in eo quod est ens. D.d. Et ista scientia, &c. i. &
750 567 1249 610 apparet, quod ista consyderatio non est ali¬
751 610 1245 654 cuius scientiae scientiarum particularium. Ma¬
751 644 1247 685 nifestum est enim quod non est alicuius scin
750 684 1251 722 scientiarum particularium consyderatio
754 720 1247 762 de ente, secundum quod est ens: sed tantum est scientia
751 759 1241 807 rum particularium consyderatio de ac
751 797 1251 849 cidentibus, quae accidunt alicui par¬
748 838 1244 882 ti partium entium, accipiendo illam part
751 871 1255 916 quasi distinctam ab ente, * sicut faciunt
749 910 1243 960 scientiae Mathematicae, quae accipiunt nu
748 956 1252 1001 meros & magnitudines distinctas
744 986 1246 1026 ab ente, & consyderant de eis, & suis ac
757 1025 1253 1065 cidentibus essentialibus. Et similiter
757 1063 1243 1112 et scientiae Naturales consyderant de qua
752 1101 1251 1152 dam perte entis scilicet de ente mobili, & de
750 1148 1252 1180 accidentibus essentialibus eidem, secundum
749 1178 1249 1222 quod est mobile, & de motu. D.d. Si igi
752 1223 1248 1263 tur inqusitio principiorum, &c. i. & cum
752 1249 1248 1306 manifestum est, quod nos quaerimus in hac
751 1293 1249 1343 arte principia vltima, quae sunt princi¬
749 1328 1254 1381 pia simpliciter, manifestum est, quod quaerendum
757 1371 1253 1416 est ista principia instorum principiorum
750 1411 1246 1454 sensibilium secundum istum modum, secundum quen
754 1445 1253 1490 quarimus principia noatirae existentis per se
751 1484 1257 1530 Et intendit, quod principia simpliciter de¬
752 1518 1253 1562 bent quaeri de entibus, quae sunt simplica
754 1557 1252 1600 ter. T&, si acciderit quibusdam, vt sin¬
752 1600 1253 1648 sensibiles non simplices, tunc non quaerum
750 1633 1251 1674 tur ista eis principia, nisi secundum quod sun
759 1673 1251 1714 entia simpliciter, non secundum quod sunt en
757 1711 1238 1755 tia, vo. mobilia aut mathematica
752 1740 1255 1788 D.d. Et, cum quaesiuerunt ista principia,
749 1786 1253 1833 &c. i. & propter hoc, quod diximus, quand
