1475 2066
158 157 689 202 quidem dicentur. Vnius tamen
180 200 677 243 est cuncta cognoscere. non enim
178 245 680 285 si multipliciter, ideo alterius, sed
179 291 683 331 si neque secundum vnum, neque
178 332 670 370 ad vnum rationes reducuntur,
174 366 684 418 tunc alterius. Cum at ad praemum cuncta
178 407 690 459 reducuntur, vt puta quaetcunque vnum
178 453 679 490 dicuntur ad primum vnum, similiter
178 500 683 538 de eodem, & diuerso & contra¬
178 534 680 578 rijs dicendum se habere. Qua¬
172 572 684 626 propter diuidendo quoties sin¬
179 619 685 665 gula dicuntur, sic attribuendum
179 668 687 706 est ad primum in vnoquo que
174 700 674 744 praedicamento, quomodo ad il
175 741 678 788 lud dicitur. quaedam enim eo quod
180 781 677 826 habent illud, quaedam eo quod fa
181 823 680 866 ciunt, quaedam secundum alios
172 870 680 906 huiuscemodi modos dicentur,
176 906 688 947 Manifestum itaque quod in du
172 945 680 986 bitationibus dictum est, vnius
178 986 685 1027 esse tam de his, quam de substantia
175 1028 680 1074 rantionem habere. hoc autem vnum
177 1069 684 1115 erat eorum, quae in dubitatio¬
175 1109 427 1163 nibus diximus.
220 1149 676 1216 Et nos perscrutabimur de ha¬
169 1197 686 1258 opinione, cum distinguemus contra
175 1245 685 1303 ria. Et diuisiones, & partes pPhilo
158 1289 685 1354 sophiae sunt secundum numerum sub
175 1340 675 1401 stantiarum. manifestum est igitur,
173 1385 681 1447 quod istae substantiae habent vna
168 1429 672 1504 substantiam priorem illis, & al¬
178 1481 678 1539 tiorem omnibus necessario. & pri¬
175 1540 671 1590 ma genera sunt vnum & ens: &
171 1572 680 1646 ideo scientiae consequuntur haec ge
170 1621 668 1683 nera. Philosophus enim assimila
173 1669 675 1726 tur Mathematico. scientia enin¬
171 1717 669 1779 mathematica habet partes. &
164 1765 680 1818 istarum scientiarum Mathemat
173 1812 689 1874 carum hoc est primum, & hoc est
719 148 1221 218 secundum. & similiter de aliis se¬
717 205 1224 250 cundum hunc modum. Et, cum vnius
708 259 1212 309 scientiae est consyderatio de substan¬
708 298 1216 354 tus secundum oppositione aequalem,
711 348 1214 410 & aequaliter oppositum vni in siti¬
716 393 1214 460 est multitudo, manifestu est igitur
711 441 1217 506 quod vnius scientiae e cosyderatio de ne
714 493 1220 550 gatione & priuatione. consydera¬
712 538 1225 594 tio enim de vtroque, est vna, & vnius,
712 596 1214 649 aut erit negatio, aut erit priuatio,
715 628 1225 691 qua dicitur simpliciter, quod non est
716 676 1215 741 hoc, aut alicui generi. inter igitur
722 725 1212 786 vnum, & negatione est differentia,
713 773 1227 835 quia negatio est ablatio vnius, pri¬
710 820 1224 866 uatio autem habet naturam subte
710 868 1218 934 ctam sibi, de qua dicitur priuatio,
713 917 1213 978 cum igitur fuerit oppositum in si¬
711 964 1204 1026 tu vnum multo, manifestum est
715 1012 1211 1069 quod opponetur in loco diuersum
715 1059 1205 1116 & dissimile, & non aequale, &
708 1105 1220 1163 alia, quae dicuntur hoc modo, aut
714 1154 1219 1210 modo multitudinis. Et, cum scien¬
714 1201 1217 1260 tiae, quam diximus, et cognitio vnius
715 1249 1221 1310 & contrarietas est vnum isto¬
704 1293 1208 1338 rum, & vnum dicitur multis mo
710 1340 1216 1402 dis, manifestum est, quod haec con¬
718 1388 1218 1442 traria dicuntur etiam de multis
710 1436 1216 1490 speciebus. Et vnius scientiae est co¬
716 1485 1225 1544 gnitio omnium, sicut est cognitio
724 1540 1228 1578 vnius, quoniam, si ista dicuntur de
710 1577 1218 1642 multis speciebus, tunc cognitio om¬
711 1624 1217 1687 nium nonus est plurium scientia¬
709 1672 1221 1733 rum: sed cognitio eorum erit plu¬
708 1722 1212 1778 rium scientiarum cum non fue¬
708 1765 1226 1827 rit proprium eis, sicut diximus ali
713 1813 1216 1875 quid vnu, & non dicentur de vno,
