1475 2066
392 141 725 199 Via Antiqui primi Na¬
384 185 723 228 turales conveniunt in hoc,
395 223 719 277 quod principium omnium gene
381 263 720 313 rabilium est vnum qua
220 308 715 352 tuor elementorum, & quidam po¬
220 337 713 390 nunt ipsum ignem, & quidam aerem
226 381 713 427 & quidam aquam, praeter terram ni
224 417 705 466 si ponentes leges, d. de ipsis narrando
222 454 709 498 Posuerunt principium, &c. i. Anti¬
216 493 717 543 qui vero posuerunt principium vnum
216 529 715 583 ex qualibet specierum corporum sim
223 569 722 620 plicium. scilicet quia quidam posuerunt
216 607 709 650 ignem, quidam aquam, quidam ac
216 645 709 690 rem. Et dixit quasi species materiae,
216 693 715 730 quia materia est in potentia, ista au
219 725 713 762 tem in actu. *& quia materia in rei
218 764 712 813 veritate non generatur neque corrum¬
210 805 712 850 pitur, ista autem sunt generabilia & corru
217 844 709 883 ptibilia, & isti non perceperunt de cau
220 877 704 926 sis nisi materialem. D.d. Quidam
214 917 704 968 autem posuerunt, &c. i. quidam au¬
217 955 703 994 tem dixerunt causam materialem esse
208 996 710 1035 & addiderunt causam mouentem &
211 1032 715 1074 agentem: & istorum quidam ponunt
211 1061 703 1114 istam causam esse vnam, & quidam duas.
246 1133 713 1189 Vsque ad ltalicos igitur, & abs
209 1180 713 1219 que illis mediocrius caeteri de eis
214 1215 709 1258 dixerunt. nisi quod, vt diximus, dua
206 1260 708 1298 bus causis vsi sunt. & harum al¬
207 1301 713 1354 teram vnde motus quidam vnam,
207 1341 555 1392 quidam duas faciunt.
250 1381 710 1442 Vsque ad tempus Italorum, et
205 1429 704 1490 locuti fuerunt de ista alii modicum.
201 1476 713 1538 sed, sicut dixci, qui ponunt causas
200 1525 714 1587 duas diuersantur in alia causa, qui
207 1573 714 1635 dam enim dicunt ipsam esse unam,
204 1620 706 1675 & quidam duas, scilicet illud, ex
207 1669 409 1731 quo fit motus,
240 1716 716 1764 Potest intelligi per hoc, quod d.
204 1757 719 1811 vsque ad tempus ltalorum, quod hi sci
208 1800 711 1842 uerunt has duas causas tantum. scilicet ma
744 141 1245 197 terialem, & agentem. D.d. & locuti fue¬
751 184 1239 226 runt de ista alij modicum scilicet de causa for¬
750 223 1238 266 mali. narrauit enim hoc in alio tracta¬
740 263 1238 314 tu de Empe scilicet quod volebat demonstra
748 293 1240 352 re quid est os, & quid est caro: sed
746 341 1242 379 non propalauit quod forma rei debet
742 374 1247 426 esse principium aliud a sex principiis.
742 416 1242 458 scilicet quatuor elementis, & lite, & amici
741 452 1238 504 tia, quae ipse ponebat. D.d. sed sicut
741 493 1241 543 dixi, &c. & innuit Anax. qui pone¬
744 529 1241 570 bat intellectum esse motorem tantum: &
745 570 1239 617 Empe. qui ponebat duos motores,
740 608 1118 651 scilicet amicitiam, & litem.
776 653 1242 707 Pythagorici vero duo quidem
743 701 1232 744 eodem modo dixerunt principia.
743 741 1229 794 tantum autem addiderunt, quod &
741 780 1229 830 proprium eorum est, quod finitum
740 822 1242 875 & infinitum, & vnum non puta¬.
733 866 1239 912 runt vllas alias esse naturas, vt¬
738 908 1237 955 puta ignem, aut terram, aut aliud
745 948 1246 1003 simile, sed ipsum infinitum, &
740 988 1243 1034 ipsum vnum substantiam horum
742 1040 1237 1082 esse, de quibus praedicantur. qua
734 1068 1244 1122 re & numerum substantiam omnium esse.
788 1116 1241 1182 Pythagorici autem dixerunt
742 1165 1237 1230 duo principia esse secundum hunc
732 1213 1239 1274 modum. & est illud, quod declara
732 1269 1233 1323 tum fuit eis, & est proprium eis
739 1308 1235 1371 dicere finem & vnum, & infini¬
732 1356 1238 1419 tum, & non sunt assueti appella¬
736 1405 1244 1476 re aliud naturam, verbi gratia,
742 1452 1246 1513 ignem & terram & similia, sed
744 1499 1244 1562 ipsum infinitum, & vnum est sub
737 1557 1231 1610 stantia. sed ex istis ea, quae ponut,
744 1597 1209 1650 & numerant. In Graeco album.
778 1644 1248 1690 Pythagorici autem conueniunt
740 1692 1253 1730 cum Naturalibus in hoc, quod dicunt,
741 1724 1246 1778 quod principia sunt duo: sed secundum
742 1764 1248 1815 modum, qui apparuit eis, non secundum
736 1805 1239 1842 modum, qui apparuit Naturalibus.
