1475 2066
133 187 683 234 & Et, cum d. hoc, in quo conueniunt
181 225 681 277 hae duae sectae, d. quod est proprium Py¬
181 265 681 306 thagoricis, & d. & est, proprium eis dice
184 309 676 346 re, &c. i. Pythagorici ponunt haec duo
190 349 672 389 principia. vnum autem eorum finem
181 381 685 433 & vnum, quae significant eandem inten¬
181 420 669 471 tionem apud eos: sedm autem princi¬
182 457 679 506 pium ponunt infinitum. Et haec duo
188 501 680 542 secundum istos sunt secundum materiam & formam,
184 540 678 578 non secundum materiam & agens, sicut erant
186 576 678 628 apud Antiquos naturales. D.d. & non
187 614 677 665 sunt assueti appellare, &c. i. & isti ho
190 653 681 691 mines cum hoc, quod ponunt haec duo
188 699 682 735 principia communia omnibus natura
186 732 673 771 libus, non ponunt principium natu
185 766 685 810 rale rebus naturalibus, ssicut fecerunt
188 809 681 850 Naturales de hoc, quod ponunt princi
184 852 674 898 pium naturale rerum naturalium. v. g
180 884 668 937 ignem & terram. & innuit per hoc di
187 925 683 970 minutionem earum, cum non posue
183 972 679 1010 runt rerum naturalium principium na
187 1000 681 1043 turale. Non enim posuerunt haec duo
180 1040 674 1088 principia, nisi secundum quod opinabanturi
184 1086 671 1122 la esse principia rerum: & quod numen
185 1125 677 1170 est substantia rerum naturalium: & quod
176 1158 669 1210 principia substantiae sunt substantiae
182 1199 670 1251 & hoc intendebat, cum d. sed ipsum: n
176 1237 683 1277 finitum, & vnum est substantia, i. sed
174 1284 683 1322 non posuerunt ipsum infinitum, &
176 1323 681 1362 ipsum vnum principium entium, ni¬
182 1357 677 1402 si secundum quod est substantia. & secundum haec duo,
185 1396 683 1447 principia sunt etiam substantiae, quia sunt
180 1437 679 1489 principium numeri, qui est substantia
176 1482 666 1526 entium, principium enim substantiae de
185 1517 678 1555 bet esse substantia. D.d. sed ex istis
181 1553 677 1594 etc. i. ex istis duobus principiis posue
185 1595 682 1634 runtentia, quae dicunt esse numerum,
182 1632 675 1674 i. cum existimauerunt entia esse nu¬
182 1678 678 1715 merum, & quod principia numeri sunt
184 1709 686 1754 vnum & multum, dixerunt quod
184 1751 643 1803 haec duo principia sunt entium,
223 1821 682 1875 In hunc itaque modum & de his
178 1861 686 1907 asseruerunt. & de ipso quid est
703 181 1203 226 incoeperunt quidem dicere, et de¬
708 224 1192 267 finire, sed valde simpliciter tracta
712 269 1203 322 runt. definiebant nanque * perfun¬
709 308 1201 362 ctorie. & cui primo dicta defi¬
711 349 1209 394 finitio inesset, hoc esse substan¬
712 393 1200 446 tiam rei putarunt: perinde ac si¬
706 434 1219 482 quis putaret idem esse duplum, &
712 484 1198 522 dualitatem, quoniam primum dualita
709 520 1211 563 ti duplum inest. sed non est idem
712 561 1199 611 fortassis duplo, et dualitati esse
716 605 1211 651 quod si non, ipsum vnum erit
711 650 1205 691 multa. quod illis quoque acci¬
708 690 1205 738 debat. A prioribus igitur, &
716 740 1123 786 caeteris tot licet accipere.
742 773 1203 830 Et vsi sunt consyderatione val¬
711 820 1211 882 de simplici in definiendo maenife¬
705 869 1201 931 stum, & primu ens per definitio¬
712 916 1208 980 nem, quam dixerunt. et hoc est, quod
708 965 1209 1027 existimabant esse substantiam rei.
710 1012 1208 1074 sicut homo existimat quod duplims
706 1061 1220 1122 & dualitas est idem, quia duplum
719 1108 1207 1170 prius est dualitate, sed non secun¬
714 1157 1217 1218 dum modum, secundum quem ali
712 1205 1213 1275 quid est duplum, est duo. si igitur
713 1268 1210 1315 non fuerit sic, erit vnum multum.
715 1301 1207 1362 & hoc est, quod accidit illis, &
714 1354 1205 1413 inueniuntur de priori et posterio¬
703 1401 902 1449 ri alia talia.
751 1468 1211 1525 Idest, & cum isti homines scilicet Pythago¬
708 1509 1194 1554 rici voluerunt considerare de entibus
712 1554 1208 1604 posuerunt suam consyderationem in eis
710 1589 1207 1634 in eo, quod est valde simplex, cum defi¬
715 1636 1205 1678 nierunt primum ens illud, quod est ma¬
711 1669 1211 1723 gis manifestum * & est magis dignum
712 1709 1202 1762 in esse, & cognitione, scilicet substantia
709 1749 1221 1800 definitionem, quam dixerunt scilicet quia di
718 1796 1206 1839 cunt ipsum esse infinitum, & vnum
713 1828 1213 1866 & numerum. D.d. & hoc est, quod ex¬
717 1864 1217 1922 istimabant, &c. i. & hoc, quod existima¬
