1475 2066
208 133 714 178 debet consyderare de ente abstracto,
222 179 721 222 & de entibus abstractis, quoniam scientia Na
224 212 712 258 turalis non consyderat nisi in qui
222 254 719 303 busdam generibus entium. scilicet mobi¬
222 289 715 330 libus: necesse est vt ista scientia per
217 333 717 378 scrutetur de istis principiis & pro¬
225 366 723 414 positionibus. & hoc intendebat, cum
222 404 718 450 d. & ideo consyderandum est de istis,
220 445 727 483 &c. Et intendit per primam substan
223 484 716 523 tiam primum principium substantiarum,
222 524 718 562 & est Deus. & scientia Naturalis non
224 561 715 603 est ista scientia, qui a non consyde
214 605 724 642 rat de primo ente. Primum autem hic
221 641 722 687 est illud, quod est prius esse & nobi¬
208 677 493 714 litate & causalitate.
260 717 714 767 Quaecunque vero quidam eo¬
219 756 711 811 rum, qui de veritate dicunt, qui
215 799 713 850 nam modo oportet admitti, di¬
220 837 723 882 cere conantur, propter ignorantiam He¬
219 883 725 922 solutiuorum hoc faciunt. oportet
220 925 716 974 enim accedere haec edoctum, sec
221 964 713 1018 nequaquam, dum audiunt qui
220 1005 721 1062 rere. Quod itaque Philosophi, &
219 1046 717 1104 eius, qui de tota substantia, quo¬
217 1087 715 1138 ad natura fert, speculatur, etiam
217 1129 715 1186 de principiis syllogisticis est con
217 1173 719 1218 syderare, manifestum est. Decet
212 1213 723 1258 autem illum, qui maxime circa
214 1261 715 1306 quodque genus cognoscat vt di¬
215 1302 716 1338 cere habeat certissima rei prin¬
220 1341 715 1393 cipia, quare & illum, qui de en¬
224 1389 713 1424 tibus: prout entia, omnium cer
220 1425 708 1474 tissima, hic autem est Philosophus
220 1462 716 1506 QOium autem certissimum princ
226 1505 721 1553 pium est, circa quod impossibi
223 1552 715 1594 le est mentiri. Notissimum ete
226 1588 710 1634 nim, vt huiusmodi sit, necesse est. cir
223 1643 719 1674 ca nanque illa, quae non cognoscunt,
217 1673 725 1715 decipiuntur omnes. Et non ex
215 1717 721 1762 suppositione. quod enim neces¬
220 1756 719 1802 se est illum habere, qui quoduis
225 1801 725 1849 entium intelligat, hoc non est supe
751 125 1272 187 positio. quod autem cognoscere il¬
753 172 1256 218 lum necesse est, qui aliquid co¬
756 217 1258 266 gnoscat necesse est: vt veniat ha
754 260 1257 315 bens illud. Quod igitur tale prin¬
754 302 1256 354 cipium omnium certissimum est,
748 345 1256 402 patet. Quid autem illud sit, de¬
747 389 1017 443 inceps dicamus.
796 444 1253 498 Quidam autem loquentes intro
753 492 1247 547 mittunt se ad declarandum veri¬
753 545 1261 609 tatem, & quomodo scienda est ve
750 588 1256 656 ritas: sed non possunt hoc, quia ne¬
749 636 1259 698 sciunt Analytica. sed oportet ad¬
755 689 1253 746 discentem verum primo scire ista,
756 748 1250 795 & non quaerere ea, cum quaeretur
749 780 1249 851 ab eo de eis. Manifestum est igitur
746 829 1252 894 ex istis principiis, quod Philosopbus,
752 876 1253 934 debet consyderare de rebus, qui sunt
752 924 1257 986 magis altae omnibus sustantiis in
746 972 1255 1030 rei veritate, & debet perscruta¬.
755 1021 1259 1082 ri de principiis syllogismi. & qui
752 1069 1257 1132 habet cognitionem alicuius gene¬
748 1116 1256 1174 ris debet posse narrare, quae sunt
753 1173 1247 1228 principia illius generis permanen¬
749 1211 1249 1276 tia in rei veritate. & ideo oportet
753 1261 1259 1321 illum. qui habet cognitione entium
748 1304 1255 1363 simpliciter vt possit narrare quae
756 1356 1260 1405 sint principia eorum in rei verita
757 1401 1253 1465 te. Philosophus autem habet cogni¬
755 1460 1251 1506 tionem entium simpliciter, & ip¬
745 1499 1245 1562 se potest narrare principia vera
749 1557 1250 1602 Et primum in rei veritate, quod
754 1589 1258 1658 est magis permanens quam alia
754 1641 1252 1699 principia, est illud, in quo deceptio
754 1686 1252 1746 non est possibilis. Necesse est enim
756 1733 1256 1795 vt istud principium sit valde ma
750 1778 1255 1842 nifestum, et notum. homines enim
