1475 2066
205 156 725 206 attribuere omnia, quae sunt in illo gene
218 195 718 245 re, alicui primo in eis, & scire quid
218 231 710 283 est illud primum, quod est causa fi
217 265 721 314 dei in omnibus. D.d. Necesse est
222 316 715 358 enim, vt illud primum, &c. i. & de¬
216 347 712 398 scripsimus primum in cognitione
220 384 717 429 quod est illud, in quo impossibile
219 424 718 477 est decipi: quia necesse eest vt illud pri
221 461 722 506 mum sit valde manifestum & clarum
219 501 725 555 nobis magis, qua alia. & quod est tale,
220 540 724 589 impossibiie est, vt aliquis decipiatur
223 580 717 618 in eo. omnes enim homines non deci¬
223 617 720 669 piuntur nisi in eo, quod nesciunt, aut
220 657 723 698 in eo, cuius cognitio non est valde
218 693 722 744 manifesta. D.d. & oportet illum, quid
225 738 722 787 habet cognitionem, &c. i. & oporuet
217 773 719 824 illum, qui scit primum, vt sciat ve¬
220 813 715 861 rum, quod non habet contradicto¬
217 852 725 890 rium. contradictorium enim primi est
218 887 718 930 falsum. D.d. sed necesse est concedem
216 930 714 981 re, &c. i. quia ex eo acquiritur cogni¬
214 966 724 1010 tio entium. & vniversaliter omnis habens scien
218 1005 718 1051 tiam, aut fingens se habere, necesse
219 1046 727 1099 est eim concedere hoc principium es¬
214 1084 718 1138 se. D.d. Manifestum est igitur, quo
216 1124 721 1173 primum verum, &c. i. &, cum hoc de¬
214 1164 721 1210 claratum est, manifestum est quod pri
215 1202 723 1242 mum verum, quod est magis verum
220 1239 712 1290 omnibus aliis, debet disponi secun¬
219 1277 723 1322 dum quod diximus scilicet quod sit impossibile vt de¬
219 1325 718 1362 claretur per aliud: & vt sit manife¬
205 1365 724 1405 stum maxime, ita quod nulla deceptio
215 1397 718 1450 accidat in eo. & post declarabitur quod
214 1434 502 1491 principium est tale.
257 1484 720 1531 Idem enim simul inesse & non
211 1525 729 1578 inesse eidem, & secundum idem, impos¬
213 1573 725 1610 sibile est. & quaecunque alia anno
214 1612 720 1658 taremus, sint ad Logicas difficul¬
216 1657 718 1699 tates annotata. hoc autem omnium
218 1693 718 1747 est principiorum certissimum,
220 1737 719 1778 habet etenim dictam annotatio
220 1781 714 1826 nem. Impossibilenanque est quem
210 1821 727 1874 piam idem putare esse & non es
749 148 1275 194 se, quemadmodum quidam He
749 194 1256 242 raclitum dicere: et arbitrabantur.
755 244 1261 291 non enim necesse est quaecunque
756 277 1256 330 quis dicat, ea etiam putare. Quod
750 322 1263 362 si non contingit inesse eidem con¬
749 362 1253 402 traria: annotentur autem a no¬
753 405 1259 459 bis etiam huic propositioni con¬
756 448 1257 504 sueta, contraria vero opinio opi
744 487 1258 533 nioni est, quae contradictionis
750 530 1257 579 est. Et patet quod impossibile est si
747 572 1260 626 mul eundem idem t arbitrari esse,
754 613 1261 658 & non esse. simul etenim habe¬
749 658 1259 699 ret opiniones contrarias, qui de
754 697 1259 752 ea re haberetur mendax. Quare
748 741 1254 785 omnes demonstrantes ad hanc
752 789 1259 826 vltimam opinionem reducunt.
758 821 1255 866 natura etenim haec caeterarum
753 869 1263 907 quoque dignitatum omnium
758 908 1008 962 principium est.
755 964 1259 1011 Disputatio contra eos, qui contingere indem
789 1005 1219 1059 esse, & non esse dicunt, & ita arbi¬
874 1049 1130 1098 trari. Cap. 2
827 1109 1252 1162 Vntant quidam, qui, vt diximus, ip
820 1149 1256 1194 si quoqued dicuntur: contingere idem
747 1189 1255 1242 NA esse, & non esse, & ita arbitra
752 1237 1256 1282 ri. vtuntur ant hac omnione multi quaeque
752 1276 1260 1322 eorum, qui de natura tractant. Nos
752 1317 1251 1371 at nuncaccepimus, tanquam impossibile sit
755 1357 1252 1415 de eodem simul esse & non esse. & per
748 1398 1259 1443 hoc mostrauimus, quod certissimum
755 1442 1261 1490 hoc cunctorum principiorum est.
757 1489 1255 1539 Conantur autem quidam hoc quo¬
748 1524 1256 1584 que, probare, propter ignorantiam.
754 1571 1252 1624 Est etenim ignorantia, nescire
759 1615 1250 1658 quorum oportet quaerere demonstrationem,
758 1653 1256 1698 & quorum non. etenim omnino impossibile est
756 1692 1254 1738 omnium esse demonstrationem. in infinitum nama
754 1740 1257 1781 que, progrederetur: quaere nec hoc modn
756 1781 1257 1826 esset demonstratio. Si ant aliquorum non
756 1822 1259 1874 oportet quaerere demonstrationem, quod
