1475 2066
202 173 716 233 si enim cuiquam * videatur ho
210 221 727 266 mo non esse triremis, patet quod
209 269 715 306 non erit triremis. sed etiam est,
210 303 725 346 si contradictio quidem vera est.
212 341 715 394 & certe fit quod Anaxagoras aie.
207 387 720 434 bat, simul omnes res esse, ita vt
209 429 720 475 nihil vere vnum sit. Indefinitum
213 468 725 514 itaque videntur dicere: & putan¬.
208 509 720 555 tes de ente tractare, de non ente
209 553 723 599 dicunt. quod enim potentia, &
211 595 715 635 non actu est, illud est indefini¬
208 636 713 674 tum. At vero dicenda est eis de
216 677 713 728 omni aut affirmatio, aut nega
212 716 723 776 tio. inconueniens nanque est, si
214 765 715 812 cui sua quidem negatio inerit.
215 799 713 843 alterius vero, quod non inest ei
209 853 711 891 non inerit. dico autem vtputa
206 883 717 927 si verum est dicere de homine.
216 924 719 970 quod non est homo, manifestum est
219 967 711 1027 quod etiam non triremis est. Si af
215 1007 724 1051 firmatio igitur, necesse est etiam
210 1050 713 1105 negationem inesse, quod si affirma¬
220 1100 717 1138 tio non inest, negatio tamen in¬
214 1133 715 1186 erit, magis quam quae ipsius est. si igitu
220 1178 723 1218 & illa inest, inerit triremis nega
216 1215 712 1258 tio. & si haec, etiam affirmatio,
215 1261 711 1314 Haec igitur eis accidunt, qui hanc
220 1300 715 1346 orationem dicunt, & quod non est
212 1341 710 1394 necesse, aut affirmare, aut nega
216 1383 720 1434 re, nam si verum est quod homo, &
215 1426 708 1485 non homo, patet quod nec homos
216 1469 721 1514 nec non homo erit. duorum enim
214 1514 715 1554 duae negationes, quod si illa ex vtrit
217 1553 711 1610 que vna, & haec vna profecto
217 1597 467 1650 opposita esset.
264 1637 713 1698 Et etiam manifestum est, quod
214 1684 719 1746 secundum hunc sermonem omnia
217 1733 705 1801 erunt idem. sit igitur nauis, & lo¬
216 1781 709 1842 gitudo & homo. & possibile
217 1829 717 1883 est etiam vt dicatur affirmatiua
759 173 1277 230 de omnibus rebus, & similiter ne
757 221 1273 285 gatiuia: sicut cogetur ad dicendum
748 268 1265 330 qui dicit sermonem protagorae. isti
748 316 1269 379 enim dicunt, quod homo non existe
754 364 1263 430 matur esse nauis. & manifestum
753 412 1265 475 est, quod homo non est nauis. & si
754 461 1263 506 duo extrema contradistionis sunt
760 508 1260 576 vera, est nauis. contingit igitur ex
757 557 1268 618 hoc, quod d. Anaxao. quod omnia,
750 605 1250 658 sunt simul, & nihil est in rei ve¬
750 650 1258 707 ritate. Et isti videntur dicere ser¬
753 700 1257 746 inonem suum sine termino, & exi
750 748 1277 809 stimant dicere quod est, & dicunt,
748 797 1257 851 quod non est. quod enim est in potentia
747 844 1258 899 & non est in actu, est sine termi¬
748 890 1261 954 no. Quaeramus igitur ab eis vtrum
755 940 1261 1000 affirmatiua & negatiua dicatur
750 985 1261 1044 in omnibus de eodem. non enim oportet
750 1034 1252 1089 in omnibus vt dicantur de eodem,
746 1082 1252 1140 sed affirmatiua dicitur de aliquo,
745 1129 1253 1185 & quod non dicatur de alio. v.g.
748 1176 1257 1239 quod, si dicere quod homo & non
752 1228 1259 1282 homo fuerit verum, manifestu est
746 1274 1257 1334 etiam quod non est nauis. quoniam,
748 1321 1278 1385 si affirmatiua fuerit, necesse est vt2
748 1371 1247 1433 negatiua sit etiam. & si affrma¬
746 1420 1256 1480 tiua non fuerit, negatiua quae est
744 1462 1259 1528 eius: dignior est vt sit. si igitur illa
750 1516 1257 1574 fuerit, erit etiam eius, quod est nauis.
747 1560 1253 1618 & si ista fuerit, erit etia affirma¬
749 1609 1248 1658 tiua. Hoc enim accidit dicentibus huc
748 1656 1243 1714 sermonem, & accidit vt dicant,
749 1705 1249 1772 quod non est necessarium vt affir¬
747 1764 1246 1814 matiua & negatiua sint de omnibus
746 1798 1251 1866 rebus, quonia, si fuerit verum, quod
742 1849 1248 1915 homo, & quod non homo est, mani¬
