1475 2066
221 133 725 178 Et, si non est verum diuidende
232 181 729 227 dicere, neque dicit haec, nihilque
230 218 724 281 prorsus sunt illa sane, quae non
228 263 729 307 sunt, quo loquentur, aut ambula¬
232 305 737 346 bunt. Et, vt etiam antea dictum
224 344 719 394 est, omnia vnum erunt: & homo. Deus
229 389 739 439 triremis, ac eorum contradictoria
225 427 729 482 idem erunt. Quod si de quocunque
226 469 733 514 similiter, nihil aliud ab alio differet,
227 509 731 562 nam si differet: hoc verum &, proprium
229 557 729 598 erit. Sicliter ant & si diuidentem uera d.i
232 604 732 643 cere contingit, quod dictum est accidit,
228 639 727 683 Et ad haec, quod omnes vera dicerent
231 688 741 731 omnesque mentirentur, ipsaeque se
237 725 735 766 ipsum mentiri concederet. Simul
232 773 729 819 autem manifestum est, quod de nullo
234 804 737 859 est ad eum consyderatio, nihil enim
236 845 731 890 dicit, neque enim ita, neque non ita aif
235 890 737 930 sed ita & non ita. & rursus his am
234 933 729 986 bobus negationem, quod nec ita, ne¬
232 968 741 1023 que non ita. nam si non, esset ali¬
233 1012 661 1058 quid vtique determinatum.
254 1067 728 1124 Et etiam aut erit in omnibus se:
232 1116 735 1170 cundum hanc dispositione, & erit
231 1164 676 1218 album & non album, & en¬
683 1173 719 1218 &
232 1212 737 1258 non ens, & secundum hunc modim
221 1260 727 1322 in aliis affirmatiuis etia non erit
237 1308 724 1370 sed erit in quibusdam, & in quim
232 1357 733 1413 busdam non. Si autem non fuerit
236 1404 732 1467 in omnibus: hoc est concessum. Et, si fue¬
234 1453 735 1498 rit in omnibus, dicemus etia, aut
237 1501 728 1562 negatiuia dicetur de omnious, de qui¬
238 1548 729 1602 bus affirmatiua dicitur, & affir¬
239 1596 733 1642 matiua etiam dicetur de omnibu¬
241 1653 740 1706 de quibus dicitur negatiua: aut in
238 1692 730 1737 quibusdam rebus dicetur de omn
236 1737 734 1802 bus, de quibus affirmatiua, & no
239 1787 732 1850 dicetur de omnibus, de quibus di¬
760 140 1290 197 citur negatiua omnino. & si fue¬
756 181 1262 242 rit secundum hanc dispositionem
756 228 1274 295 tunc erit aliquid, quod non est ens:
762 276 1273 339 & ista opinio est fixa & firma.
765 324 1269 389 et si illud quod est per negatiuam,
766 373 1272 434 est aliquid firmum & notum, tuc
765 421 1275 482 sermo contrarius secundum situm
763 475 1275 530 erit manifestior eo. Et, si affirmati
766 515 1272 578 ua dicitur de omnibus, de quibus
767 564 1275 634 dicitur negatiua, etiam necesse est
764 613 1260 671 vt sermo diuidentis & dicentis,
771 659 1275 726 verbi gratia omne album non est
772 710 1264 763 album, erit verum aut non verum
765 757 1277 819 Et, si non fuerit verum, quod di¬
766 805 1267 872 ctum est per hanc diuisionem, &
766 858 1273 916 dicantur ista, & non quae sunt en¬
771 901 1267 954 tia, erit dictuns, & nominatum idem.
773 957 1269 1016 Et sic omnia erunt idem, sicut di¬
766 995 1265 1059 xcimus prius, et erunt idem homo,
769 1061 1268 1115 & nauis, & Deus, & negatiua
762 1097 1277 1157 istorum. Et si sermo de vnoquoque
761 1146 1268 1203 istorum fuerit idem, tunc non dif¬
760 1192 1259 1251 fert aliquod eorum ab altero, &
769 1244 1263 1304 aliquo modo. quoniam, si diuersa¬
770 1291 1273 1346 tur, erit illud in rei veritate sem¬
764 1341 1268 1394 per. Et accidit hoc, quod prius dixci¬
760 1388 1264 1448 mus, si fuerit possibile vt diuisio
760 1433 1274 1487 sit etiam vera. Et cum hoc accidit,
772 1493 1264 1530 etiam vt omes veridicent, et omnes
760 1527 1272 1587 falsent, & loquens concedit etiam
768 1576 1268 1632 super se, quod falsat. Et manifestian
769 1623 1269 1683 est etiam cum hoc, quod disputa¬.
764 1668 1265 1730 tio cum isto est in eo, quod non est.
768 1715 1269 1779 quoniam non dicit hoc esse, & hoc
767 1764 1266 1826 non esse, sed dicit hoc & non hoc
