1475 2066
198 156 717 206 D.d. Et, si omnia in maiori parte, &c.
207 198 705 242 idest, &, si aliquis existimauerit qui
205 231 704 274 omnes opiniones hominis sunt existit
204 276 707 314 mationes, tamen existimationes diuer
208 316 699 366 santur secundum magis & minus in rei ve
208 352 715 407 ritate, & quod magis & minus sunt de na
205 396 713 446 tura entis: est igitur aliquid, quod est
208 430 710 472 verum in se. D.d. Non enim dixi¬
212 469 700 515 mus, quod duo, & tria sunt numen
212 511 716 553 par, &c. idest, quoniam manifestum est no¬
205 549 708 601 bis quod duo est par, & tria impar, & quod
205 588 707 641 non conueniunt in paritate. & hoc
204 624 713 678 est de primis cognitionibus necessa¬
207 663 714 706 rijs. Et etiam est. nanifestum nobis
214 701 713 747 peccatum & errorem esse maiorem
210 740 707 793 qui aliud peccatum. non enim aequa¬
204 781 711 831 liter peccat qui existimat quatuor
202 828 704 859 esse quinque, & quid existimat quatuor
208 856 703 908 esse mille. D.d. Si igitur error eo¬
209 892 706 939 rum, &c. i. & si non aequaliter peccat.
212 938 708 985 manifestum est quod minus peccat qui
208 973 713 1024 opinatur quatuor esse quinque qua alius.
233 1013 705 1052 D.d. & maius est minus, tunc erit
206 1047 700 1099 aliquid de veritate, cui est propin¬
206 1085 706 1135 quum verum maius. i. & si est aliquio
206 1131 711 1178 minoris peccati, tunc erit aliquid ma
207 1165 705 1216 ioris veritatis & minoris peccati. &
208 1205 708 1247 sic necesse est vt sit aliquid verum,
207 1253 709 1290 cui appropinquatur illud, quod est ma
205 1280 707 1322 ioris veritatis, & minoris falsitatis
206 1316 709 1370 Et hoc necesse est. quoniam, si aliquid fue¬
202 1358 700 1401 rit maioris veritatis qua aliud, & mi¬
206 1402 706 1443 noris falsitatis, & necesse est aliquid
209 1436 702 1485 esse verum simpliciter. D.d. Et, si hoc
215 1468 708 1514 non fuerit, erit firmius, sicut inuenit
206 1515 704 1562 in scriptura. & sic exponitur, & si non
212 1551 710 1594 fuerit hoc verum simpliciter, in cuius
204 1589 714 1645 respectu dicitur illud, quod est magis ve
203 1636 712 1679 rum, necesse est aliquod verum esse
208 1668 707 1722 magis verum, qua illud, in cuius respe
208 1708 709 1761 ctu dicitur magis verum. & hoc pro¬
208 1757 712 1786 cederet in infinitum: aut perueniret
208 1797 710 1831 ad aliquod verum simpliciter, idest, aut
201 1824 714 1875 quiescemus ab hoc sermone, &c.
749 155 1250 194 idest, & cum declaratum est esse ali
747 197 1242 237 quod verum simpliciter, tunc quie¬
742 230 1253 274 scemus a sermone, ex quo nullum
742 271 1248 323 scitum terminatur, & impedit vt ali
747 310 1086 362 quid habeat terminum.
763 368 1233 411 Contra Protagoram, asserentem omne
783 406 1194 458 quod opinamur, & nobis apparet,
865 449 1127 494 verum esse. Cap. 2
744 485 1244 530 MVeadem vero opinione Pro¬
780 524 1249 579 Atagorae quoqued oratio est. &
742 570 1244 611 E. Asimiliter est necesse ipsas ambas
743 609 1249 659 aut esse, aut non esse. Si enim omnia,
743 652 1250 698 de quibus opinantur, quaeque appa¬
737 693 1242 730 rent vera sint, necesse est omnia si¬
745 722 1243 787 mul vera & falsa esse. siquidem mul
733 782 1244 825 ti contraria inuicem opinantur, ac
738 828 1242 865 eos: qui non opinantur eadem, quae
743 855 1240 919 ipsi, metiri putant. quare necesse
738 900 1240 954 est idem esse & non esse, quod si est, ne¬
743 941 1239 994 cesse est omnia, de quibus opinantur,
744 982 1236 1035 vera esse. opposita namque opinan¬
739 1036 1253 1083 tur qui mentiuntu, & qui verum
742 1068 1242 1114 dicunt. si igitur ea, quae sunt, ita se
735 1109 1244 1154 habent, verum omnes dicunt. Quod
732 1151 1253 1194 itaque ambae orationes ex eadem
736 1191 1252 1246 mente sint, patet. Non est autem
739 1237 1250 1281 idem omnes conueniendi modus.
744 1276 1244 1331 Quidam enim persuasione, quidam
747 1320 1245 1362 vero vi indigent. Quicunque
743 1362 1251 1419 nanque, propterea quod dubitent: ita
740 1408 1248 1443 existimarunt, horum ignorantia sa
740 1445 1243 1490 nabilis est. non enim ad sermonem,
737 1487 1251 1530 sed ad mentem eorum obuiatio est.
742 1529 1246 1583 Quicunque vero sermonis gratia
742 1578 1247 1622 dicunti, horum sanatio redargu
736 1613 1246 1666 tio est, & eius sermonis, qui in
746 1654 1253 1708 voce, & eius, qui in nominibus.
743 1694 1245 1738 Aduenit autem illis, qui dubi¬
740 1738 1246 1787 tant, haec opinio a sensibilibus,
743 1780 1259 1827 illa quidem, qua dicitur simul
741 1821 1253 1873 contradictoria & contraria esse,
