1475 2066
194 152 715 210 Deinde dicit: conicatio autem & simili¬
204 211 708 253 tudo, &c. & innuit per hoc Platonem,
211 246 713 294 quoniam, cum fuerit persrutatus de con¬
198 292 713 330 municatione inter indiuidua, debe
196 324 704 375 bat persrutari de coniunctione in
204 360 704 415 ter species. & dicit hoc, quia contia
204 402 706 453 git ei, cum dixit in vltimis speciebus
200 438 695 488 esse formas, dicere hoc in aliis specie
208 477 708 519 bus. & sic formae haberent formas:
197 518 709 562 & sic in infinitum, aut diceret, quod omnes
206 554 698 598 species sunt res intellectae existentes
200 596 708 642 in anima, & non habent esse extra
203 637 715 676 animam. D.d. sed non contradixerunt
202 673 710 714 nisi in sensibilibus, &c. i. & causa in
200 716 709 757 hoc, quod consyderauaerunt de natura
196 764 699 806 specierum, & non de natura gene
200 792 708 846 rum, est, quia perscrutatio eorum
198 836 698 883 fuit secundum cou dictionem non secundum per
205 871 713 914 scrutationem, ideo cum quidam con
204 916 704 955 tradixerunt Herculeorum quaestioni
205 949 706 994 in ablatione scientiae a sensibilibus, di¬
201 997 711 1027 xernt formas esse, & naturam me
198 1029 710 1074 diam inter formas & sensibilia, vt
196 1063 702 1107 dissoluatur ab eis per hunc sermo¬
206 1101 710 1155 nem quaestio in vtroque. &, si consy
198 1144 709 1186 derassent in re secundum naturam eius, tunc
200 1182 699 1233 responsio esset eadem in sensibilibus
205 1226 709 1266 & mathematicis. Et quia ista con¬
208 1261 707 1306 tradictio fuit corrupta, incoepit di¬
202 1298 711 1340 cere contradictionem veram contra¬
194 1340 705 1390 istos, & d. sensibilia autem quaedam
201 1383 708 1427 sunt, &c. i. dicere autem quod sensibilia
204 1419 711 1458 semper sunt in transmutatione con
210 1460 704 1509 tradicitur sic. quoniam entia sensibilia quae
210 1493 710 1541 dam sunt non transmutabilia essen
205 1535 709 1580 tialiter, sed permanentia. scilicet forma:
208 1577 702 1629 & quaedam sunt transmutabilia sem
212 1615 706 1669 per scilicet materia. Et hoc, quod d. species
208 1654 712 1698 autem sunt illa, quae inueniuntur, etc. con¬
204 1693 695 1746 tradicit opponendo sermoni de for¬
210 1741 705 1789 mis, & opponendo dicentibus quod nul
212 1772 708 1816 la est res, in qua communicant indiui
208 1816 708 1863 dua, nisi nomen tantum: & isti sunt illi,
212 1852 700 1900 qui destruunt scientiam. quoniam, cum ma
740 164 1289 210 nifestum est de definitione speciei
748 213 1247 259 quod est intentio existens in pluribus
743 246 1239 294 secundum numerum, secundum quod vnumquodque
745 284 1251 333 eorum est ens, manifestum est quod for¬
742 324 1251 362 mae abstractae impossibile est vt sint
743 357 1237 402 in sensibilibus, ita quod sint eaedem, ne¬
737 398 1245 441 dum vt demonstrent essentiam eo¬
736 444 1246 482 rum. & similiter apparet ex ista de¬
741 478 1241 523 finitione quod illa multa, de quibus prae¬
742 516 1246 563 dicantur species, communicant in
747 556 1248 595 eadem intentione, non in eadem di
741 591 1239 644 ctione. D.d. & species etiam est cau
742 631 1240 674 sa aliarum rerum. i. causa scientiae indiui¬
746 669 1244 714 duorum, non causa indiuiduorum
784 717 1233 764 Ex illis enim participatione ips
743 765 1231 806 sius vnius formas numeros esse
742 806 1235 854 Ipsum tamen vnum, vt substantiam esse,
736 845 1241 890 et non aliquid aliud dici vnum
744 887 1241 942 esse, quemadmodum Pythago
743 933 1247 986 rici. dicebat quo que numeros
745 972 1246 1026 causas caeteris substantiae esse, si
740 1015 1020 1066 militer atque illi.
786 1053 1251 1106 Et quae sunt ex illis secundum
739 1109 1243 1162 communicatione in vno sunt spe¬
742 1150 1251 1215 cies Qui autem dixit, quod vnum
741 1198 1249 1255 est substantia, & nihil aliud est,
747 1248 1245 1312 ens, quod dicatur esse vnum, di¬
743 1298 1239 1363 xit sermonem propinquum sermo
744 1345 1240 1410 ni Pythagoricorum. scilicet quod numo
744 1391 1245 1455 ri sunt causae substantiae aliarum re
735 1444 1196 1503 rum. ista enim est opinio illorum.
764 1493 1240 1538 Forte intendit facere differentiam
739 1541 1237 1579 inter indiuiduum & specieni. Et cum
743 1578 1241 1621 dixit: Et quae sunt ex illis, innuit in¬
745 1620 1234 1659 diuidua. & quasi dicat, intentio au¬
740 1655 1237 1698 tem vna, quae est in istis rebus indi¬
742 1694 1243 1738 uidualibus, secundum quod non communicant
737 1733 1243 1779 in ea, sed appropriatur vnicuque eo
741 1780 1239 1818 rum, est vnum indiuiduale, intentio
738 1812 1242 1853 vero vna, in qua communicant, dicitur
736 1853 1244 1906 species. D.d. Qui autem dixit, quod
