1475 2066
189 132 709 189 isti secundum quod praedictum fuit
197 180 700 238 in sermonibus praedictis aliquid ex
196 225 706 291 & non esse, sed significat aliquid,
200 277 703 338 & tunc disputabimus cum eis ex
195 324 713 386 definitione, cum iuenerimus quid
194 372 476 434 significat verum
233 436 702 490 Idest, & accidit ista existimatio
204 479 703 526 mirabilis quibusdam hominibus, si¬
202 518 709 562 cut accidunt aliae opiniones mirabi
204 557 700 609 les, quae non existimantur dici ab aliquo
200 598 712 642 homine. & ex hoc, quida non potuerunt
206 636 713 685 dissoluere quidnes hominum quaerem
208 675 708 715 tium & dicentium hanc opinionem
209 714 703 754 esse, & ideo dixerunt sermones eo¬
200 755 699 803 rum. i. & ideo opinati sunt hanc opi
207 790 713 834 nionem, & studuerunt in confirmam
210 830 707 883 do & uerificando argumentationes
204 873 699 920 eorum Deinde. d. Quidam igitur di
210 916 713 960 cunu, ete. i. quidam igitur dicebant
211 949 712 987 istos sermones propter dubitatio¬
212 987 710 1038 nes contingentes eis. & quidam, propter
204 1025 705 1078 hoc opinabantur quod necesse est, si ue¬
209 1069 713 1106 rum sit, ut omnia habeant definitiones
209 1103 700 1145 naturales: & cum uiderunt quod sensi
205 1141 707 1178 bilia non habent definitiones natu¬
206 1180 708 1230 les, negant scientiam. & innuit Heracli
211 1220 713 1258 tum. D.d. & principium in omnibus
208 1258 711 1299 istis rebus erit ex definitione. i. & prin
204 1294 702 1349 cipium disputationis cum istis in om
204 1337 706 1378 nibus istis sermonibus erit ex uerifi
211 1373 706 1425 catione definitionum, secundum quod res di¬
216 1420 704 1451 uersae habent diuersas definitiones
204 1453 701 1491 quoniam, si hoc concesserint, destruen
201 1488 715 1530 tur sermones eorum. &, si hoc non
214 1527 706 1570 concesserint, disputatio cum eis de¬
204 1565 705 1619 struetur. quoniam, si definitiones non
202 1605 708 1642 sunt, nomina non erunt. & sic aufer
203 1647 705 1682 retur sermo. D.d. & definitio est i
211 1683 704 1735 la, &c. i. & definitio est illa, quae signifi¬
213 1720 703 1762 eat illud, quod nomen significat. ser¬
213 1753 716 1813 mo enim qui significat illud, est defini
208 1798 699 1842 tio necessario. & hoc est in specieb
737 133 1253 170 & non in indiuiduis, & d. hoc ad de¬
738 169 1251 218 clarandum quod, cum fuerit concessum,
738 213 1246 261 quod species habent nomina propria,
736 248 1244 299 continget vt habeat definitiones, pro¬
742 285 1246 336 prias, & necessarias. &, cum ita fue¬
737 325 1253 370 rit, definitio affirmatiuae erit alia a
737 364 1257 418 definitione negatiuae. & ideo impos¬
732 395 1245 456 fibile est vt affirmatiua & negatiua
740 443 1245 495 sint idem, & vt quidlibet sit in quo¬
738 481 1244 523 libet: quemadmodum impossibile
739 520 1247 561 est etiam vt omnes scientiae sint falsae¬
741 556 1241 602 non enim omnia sunt semper in trans¬
741 596 1245 642 mutatione, sicut finxerunt existiman¬
743 644 1242 687 tes quod nulla res habet definitionem ne
740 673 1247 724 cessariam, propter hoc, quod semper sunt
734 715 1240 754 in transmutatione. Dd. Et vide¬
743 751 1250 794 tur quod sermo Heracliti, &c. idest, &
740 793 1246 842 videtur quod sequitur ex sermone He¬
734 829 1248 881 racliti, in quo dixit, quod omnia sunt
732 869 1246 918 semper in transmutatione, quod omnes ser
745 909 1242 946 mones sunt veri, & omnes etiam sunt fal¬
732 945 1243 995 si, non tamen quod omnes sunt falsi, sicut fin
740 987 1242 1034 gebat Heraclitus. transmutatio enim mo
740 1021 1239 1066 dia est inter esse & non esse. & ideo
736 1068 1242 1106 transmutatum potest dici ens & non
733 1101 1236 1138 ens, & erit ens & non ens insimul. mo
732 1140 1237 1186 tus enim componitur ex esse & non esse, &
739 1180 1231 1218 ideo describitur sic, motus est perfectio
741 1217 1234 1267 eius, quod est in potentia, in eo quod est
740 1256 1236 1298 in potentia. D.d. Sermo autem Ana
741 1294 1240 1338 xragorae, &c. i. quia medium est neu
733 1340 1249 1385 trum extremorum, & Anaxagoras
742 1373 1237 1421 dicebat mixtum esse quod non est
734 1413 1249 1458 ens neque non ens, videbatur dicere
744 1449 1238 1490 medium inter ens & non ens. D.d.
743 1487 1235 1531 omnia igitur sunt falsa, &c. i. quoniam affir¬
741 1524 1249 1570 matiua & negatiua falsant insimul
739 1567 1236 1617 in mixto, quapropter omnes existima¬
739 1610 1241 1650 tiones erunt falsae. D.d. Et, cum ista
740 1645 1243 1696 sint distincta, &c. i. declaratum est igitur
743 1684 1239 1726 quod impossibile est vt res sint particulares
744 1719 1241 1770 aut vniversales. sicut quidam dicebant, quod nul¬
738 1760 1244 1804 lum eorum est verum. & quod omnia
738 1796 1242 1842 sunt falsa. Et inuenimus in vno loco
