1475 2066
224 149 733 186 aliter in alia translatione sic. illa au¬
238 185 734 226 tem omnia sunt vera, idest declara¬
238 225 732 271 tum est igitur, quod sermo dicentis, quo
244 263 735 306 omnia sunt falsa est falsus: & similiter
236 301 737 352 sermo dicentis, quod omnia sunt vera.
236 338 731 386 Et videtur mihi, quod diminuitur etiam
236 380 733 418 a libro hoc, scilicet quod cum falsum est
240 421 736 458 omia esse falsa, & omnia esse vera:
237 459 740 504 ergo falsum est dicere omnia esse
232 500 742 531 falsa & vera insimul: sicut sermo
236 532 740 578 Heracliti. D.d. Qui enim dicit, &c. i.
240 571 742 624 qui enim dicit hoc, congregat duos
233 612 737 650 sermones, & non reputat eos esse con
240 647 731 690 trarios. D.d. & cum illa impossibile est, &c.
241 687 731 730 idest impossibile est vt vera sint fal
236 725 737 770 sa. vel econtra. D.d. Et hoc declara¬
236 770 739 817 bitur etiam, &c. i. & dicere in eis, quae
230 805 737 841 sunt vera & falsa insimul, declarabi
236 852 739 894 tur ex hoc, quod diximus, & declara
235 883 740 922 uimus quod duo contradictoria di
242 921 738 962 uidunt verum & falsum, & quod neces¬
234 962 741 1003 se est vt alterum sit verum & alterum
239 1005 731 1051 sit falsum: licet existimetur de prae¬
242 1037 728 1090 dictis dubitationibus hoc esse pos¬
236 1078 726 1122 sibile scilicet ex dubitationibus dicentium
240 1116 729 1160 quod omnia contradictoria sunt ve¬
236 1157 734 1196 ra. D.d. Sed oportet vt sint, &c. idest
239 1192 741 1245 sed oportet, cum voluerimus: dispu
242 1229 738 1283 tare cum istis in istis tribus opinio¬
241 1271 741 1315 nibus, ponere cum eis pacta, quae aut
224 1308 737 1361 negabunt, aut sustinebunt, sicut fe¬
236 1357 733 1395 cimus prius quaerendo ab eis, vtrum
241 1389 733 1434 dicere in aliquo quod est & quod non est
244 1424 734 1466 vtrum scilicet alterum istorum di¬
236 1466 739 1517 cere significet intentionem, quae ha
242 1500 742 1546 bet definitionem aliam a definitio¬
230 1540 736 1595 ne intentionis, quam significat alte
238 1580 738 1634 rum, aut neutrum significet inten¬
236 1620 737 1673 tionem. Si igitur concesserint, quod si¬
239 1669 728 1709 gnificant aliam intentionem, quae¬
234 1699 736 1746 remus ab eis de illa intentione, & di
237 1737 743 1778 sputabimus cum eis. & ideo dixit: sed
234 1782 729 1831 significat aliquid, &c. i. cum igitur con¬
229 1815 743 1867 cesserint quod dictiones. significant
767 156 1272 186 res terminatas, disputauimus cum
768 185 1262 226 eis de de finitionibus, scilicet de de¬
765 223 1115 267 finitionibus veri & falsi.
799 261 1261 314 † { Si autem nihil aliud est, quam
768 303 1261 354 quod verum est affirmare, aut
771 346 1264 401 quod negare falsum est } impos¬
760 388 1261 434 sibile est omnia falsa esse, necesse
759 431 1260 474 est enim alteram contradictionis
768 472 1260 521 partem veram esse. Item, si om¬
766 509 1265 569 ne aut affirmare, aut negare ne¬
764 556 1274 610 cesse est, impossibile est vtraque
763 598 1269 642 falsa esse. altera enim contradi¬
764 641 1269 682 ctionis pars falsa est. Accidit au¬
773 685 1265 736 tem, quod etiam publice fertur,
771 725 1268 771 his omnibus orationibus eas se¬
767 770 1271 810 ipsas perimere, quae enim omnia ve
766 813 1271 859 ra dicit, contrariam quoque quid sibi
773 852 1273 898 orationem veram facit: quare suam
772 892 1267 946 ipsius non veram. contraria namque,
768 942 1273 986 dicit eam non esse veram. quae
778 977 1256 1018 vero omnia falsa, & haec seipsam.
772 1018 1275 1074 Quod si excipiant illa quidem
768 1060 1269 1117 contrariam, quod sola non vera est,
767 1103 1268 1145 haec vero seipsam, quod sola non
770 1141 1272 1186 falsa, nihilominus infinitas acci
765 1189 1273 1235 dit eis petere orationes ueras, &
768 1229 1277 1280 falsas, qui enim dicit veram ora
769 1276 1270 1322 tionem esse veram, consentit huic.
765 1309 1270 1355 quod vera est. hoc vero in infinitum
772 1357 1272 1407 procedet. Clarum autem est, quod
774 1404 1267 1450 nec illi, qui omnia quiescere di¬
767 1437 1269 1491 cunt, verum dicunt, nec quid om¬
765 1477 1272 1530 nia moueri. Etenim, si omnia qui¬
765 1523 1272 1570 dem quiescunt, semper eadem
772 1565 1275 1603 vera, & falsa erunt. apparet autem
773 1604 1275 1650 hoc transmutari. qui enim hoc
769 1653 1276 1699 dicit, aliquando ipse non erat, &
764 1693 1269 1731 rursus non erit. Si vero omnia mo¬
772 1733 1283 1770 uentur, nihil erit verum. cuncta
770 1773 1275 1827 ergo falsa. sed demonstratum est
766 1812 1275 1858 hoc impossibile esse. Item necesse
