1475 2066
236 145 750 187 Si ergo destruunt, &c. i. si ergo dicens
253 187 752 218 tes, quod omnia opposita sunt vera
258 221 753 259 destruunt sermonem oppositum istit
257 253 743 298 & est, quod nihil est vorum, mani¬
250 293 754 343 festum est quod sermo, dicens quod
257 333 755 370 omnia sunt vera, non est verus. di¬
254 369 757 422 cens eninm quod omnia opposita
252 405 764 452 sunt vera, aut falsa, non confirmat
250 445 754 490 suum sermonem, nisi per hoc, quod
254 486 753 534 sermo oppositus isti est falsus. Et
252 525 755 576 hoc intendebat, cum dicit quoniam
252 564 756 610 qui affirmat suum sermonem, secun
252 605 753 653 dum quod est non falsusi ist quoniam
252 642 760 685 qui verificat suum sermonem, non
250 679 751 731 verificat illum, nifi per hoc, quod
236 719 754 770 est falsus, qui enim ponit quod om
244 756 752 809 nia opposita sunt vera, accidit ei vt
247 795 756 843 non omnia sint vera. & qui ponit
251 845 755 883 quod omnia sunt falsa, accidit ei vt
246 884 751 914 non omnia sint falsa. D.d & hoc
253 911 751 956 quod accidit, non est diminuens, &c.
245 957 754 994 idest, & quod accidit istis homini¬
252 990 745 1034 bus de hoc, quod concedunt con
251 1029 747 1082 tradictorium eius, quod posuerunt
252 1075 743 1108 non prohibet, cum quaesitum fue
252 1110 752 1146 rit ab eis de definitione veri, vt con
244 1141 745 1186 cedant sermones oppositos esse ve
249 1181 752 1227 ros, & falsos infinitos. Deinde de¬
253 1221 753 1274 clarauit quo modo contingit eis hoc
251 1261 753 1311 de definitionae veri, & d. & qui di¬
236 1301 757 1347 cit in sermone, &c. idest, quoniam,
249 1348 755 1385 qui opinatur in aliquo sermone quod
248 1377 750 1426 est verus, opinatur quod ista opi¬
248 1414 745 1458 nio est vera, & opinatur in ista se
248 1453 751 1498 cunda opinione, quod est vera, &
247 1491 755 1546 sic in infinitum, & vnaquaeque ista
250 1538 757 1582 rum opinionum quod est vera, &
254 1574 757 1625 quod oppositum vniuscuiusque est
244 1612 759 1658 falsum. opinatur enim sermones fal
243 1649 755 1691 sos esse infinitos, cum hoc quod o
256 1689 764 1739 pinatur quod omnes sermones sunt ve¬
254 1733 765 1770 ri. & hoc est valde improbabile, &
254 1765 766 1810 impossibile. D.d. Manifestum est
248 1806 758 1866 igitur, &c. i. & manifestum est, quod
784 140 1288 193 neque dicens quod omnia opposi¬
791 177 1292 218 ta sunt vera, quia omnia entia sunt
785 216 1295 267 quiescentia, dicit verum, neque di¬
782 254 1299 308 cens quod omnia sunt falsa, quia
790 294 1291 338 omnia mouentur, dicit etiam ve¬
786 333 1291 384 rum. D.d. Quoniam, si omnia mo¬
791 372 1292 411 uentur, & semper sunt idem. i. &
790 409 1292 463 qui dicit quod entia sunt semper,
784 445 1296 490 non est verum, dicens quod omnia
788 486 1293 530 sunt vera. quoniam entia semper
792 525 1296 576 videntur quandoque vera, cum fue¬
791 565 1297 618 rint in aliqua dispositione, & quan¬
793 602 1297 655 doque falsa, cum fuerint in alia di¬
792 643 1295 682 spositione. Deinde dedit causam in
790 679 1312 721 hoc, & d. quoniam videtur hoc trans
791 714 1289 769 mutari. idest quoniam istae res par¬
790 761 1291 808 ticulares transmutantur semper ab
792 797 1290 849 vna dispositione in aliam. D.d. quia
788 837 1289 874 dicimus quod non est, erit. i. quia. vi
785 876 1297 914 demus multa, in quibus dicimus
780 912 1299 954 aliquando, quod non sunt, deinde
790 950 1298 1000 tamen erunt. D.d. Et etiam impossi
789 989 1293 1043 bile est, &c. i. & neque: est etiam verus
784 1029 1297 1079 sermo dicentis quod omnia opposita
781 1067 1293 1107 sunt falsa, quia omnia sint mota.
788 1103 1294 1157 D.d. Et etiam declaratum est quod
782 1142 1294 1186 hoc est impossibile. i. & causa in hoc
788 1180 1290 1227 est scilicet impossibile vt omnia sunt mo
789 1221 1265 1266 ta: quia transmutatio erit ex al
790 1261 1288 1322 quo quiescente, & in aliquod quie¬
787 1300 1291 1338 scens scilicet transmutatio recta. D.d. Ne¬
785 1342 1293 1378 que, si etiam quiescant, & mouen¬
786 1381 1292 1429 tur. neque est verum etiam vt om¬
791 1416 1288 1467 nia entia moueantur quandoque
791 1453 1301 1504 & quiescant quandoque. & inten¬
790 1494 1299 1538 dit quod quaedam sunt talia, & quae¬
788 1531 1299 1578 a sunt quiescentia semper, &
828 1571 1261 1618 quaedam mouentur semper.
865 1607 1218 1650 & hoc manifestum est in
894 1646 1196 1690 scientia Naturali. &
929 1686 1165 1740 sic completus est
965 1725 1137 1778 Quartus tra
990 1761 1092 1810 ctatus,
