1475 2066
210 180 729 228 tiqui, contraria. scilicet magnum & paruum,
228 215 728 266 & subiectum recipiens, quod est vnum
225 255 717 307 Qui autem posuerunt principia vnum
220 293 731 346 & infinitum generant ex dualita te non po
222 332 736 387 suerunt contrarijs scilicet vnum & infini¬
224 372 729 422 tum aliquod subiectum. D.d. Et qui
226 408 727 464 dam posuerunt, &c. i. & istorum di¬
229 460 724 504 centium. scilicet quod principia sunt nume
222 500 730 530 ri, quidam etiam posuerunt numeros ex
223 535 735 570 sensibilibus, i. formas sensibilium. &
223 572 734 610 isti sunt dicentes formas & numeros,
228 608 739 650 & quidam etiam dicunt, quod sensibilia
223 647 733 698 sunt ipsi numeri, & sunt Pythagori
224 686 730 730 ci. Et quia quidam dicentium formas
227 728 722 770 esse, ponunt numeros, & vniversaliter subie
231 766 720 802 ctum mathematicorum naturas me
224 805 733 853 dias inter formas & sensibilia, & Py
225 844 733 894 thagorici neutrum dicunt, sed dicunt,
226 886 735 930 quod ex numeris componuntur entia, d.
224 925 732 962 & non ponunt mathematica intel
231 963 729 1010 ista. Et forte innuit dicentes nume¬
224 998 724 1050 ros esse formas. Istae enim sunt duae se
228 1038 732 1090 ctae, quidam enim dicunt, quod numeri, &
231 1078 732 1131 formae sunt eiusdem naturae: & qui
233 1118 731 1162 dam dicunt, quod natura numerorum est
228 1159 736 1214 alia a natura formarum, & quod est na
224 1200 723 1243 tura media inter formas & sensibi
230 1237 733 1282 lia, vt habetur in Tertio istius libri
251 1278 732 1330 D.d. Qui autem posuerunt vnum, &
224 1323 731 1364 numeros, &c. i. qui autem posuerunt
236 1363 736 1403 vnum, & numeros esse partes rerum
225 1398 735 1442 sensibilium, & non dixerunt, quod nu¬
230 1436 731 1488 merus est ipsa entia, sicut dixerunt
228 1476 736 1528 Pythagorici scilicet partem formalem, ve¬
224 1517 733 1555 nerunt ad dicendum formas, & ad di
233 1552 732 1595 cendum eas esse numeros per perscruta
231 1591 736 1635 tionem de natura definitionum, scilicet
232 1630 723 1666 vnd venerunt formae in eis, & res de
227 1668 737 1710 finitae extra animam sunt transmutabi
227 1709 729 1759 les: quapropter necesse fuit apud eos po¬
228 1743 732 1784 nere subiectum definitionum, aut
225 1787 728 1831 ipsas definitiones formas esse. & perorpi
228 1821 731 1859 hoc, quia formae sunt apud eos con
226 1862 737 1909 iunctae cum materijs, iudicauerunt, quod
761 172 1317 226 natura earum non est alia a nutura nu
766 213 1270 258 meri. formae enim si sint, impossibile est vt
769 261 1266 299 natura earum sit alia a natura nuneri.
784 293 1272 347 D.d. Qui autem posuit aliam naturam
763 333 1275 378 dualem. i. qui autem posuit dualitatem,
762 380 1267 418 quae est ex natura materiae, non ex na¬
767 412 1265 466 tura formae, quia ex ea generantur nu
761 455 1264 504 meri pares, non generatione naturali.
760 488 1268 543 sicut res generantur a suo exemplari.
768 527 1265 570 & quod est causa infiniti, recte dixerunt
766 568 1272 627 quam, si hoc esset acciuns dualitati, non
760 606 1263 650 semper inueniretur ei ista actio. Quod
761 648 1259 690 enim inuenitur in aliqua re accidens
765 693 1269 729 taliter est econtrario, scilicet quod raro inue
767 725 1269 769 nitur. & hoc intendebat cum dixit:
769 765 1264 817 Quae autem accidunt ei, sunt econtrario
810 801 1266 858 Qui vero formam inducit, quae
770 846 1273 890 vna est, multas facit. Similiter.
766 892 1272 935 autem & masculus ad foeminam
767 933 1270 978 se habet. haec etenim ex vno con¬
764 977 1272 1026 gressu impletur, masculus vero
769 1018 1267 1058 multas implet. at ista imitatios
768 1060 1273 1106 nes illorum principiorum sunt.
774 1101 1269 1154 Plato igitur de propositis quae¬
762 1144 1273 1186 stionibus ita determinauit. PPa¬
769 1189 1273 1243 tet autem ex dictis, quoduabus cau
760 1228 1275 1274 sis vtitur solum, ea, quae ipsius
769 1272 1270 1321 quid est, & ea, quae secundum
769 1324 1275 1356 materiam. formae enim caeteris
771 1357 1273 1410 ipsius quid sint causae sunt, for¬
765 1402 1271 1450 mis vero ipsum vnum. & quae sub
767 1441 1269 1483 iecta materia, de qua formae, il¬
761 1485 1273 1530 lae quidem in sensibilibus, ipsum
766 1524 1277 1569 vero vnum in formis dicitur: quia
765 1571 1269 1610 dualitas haec est, magnum & par
770 1610 1268 1666 uum. ltem ipsius bene, ipsiusque
760 1652 1275 1698 male causam elementis attribuit
760 1699 1270 1747 vtrisque vtranque: quod etiam pri¬
765 1741 1279 1795 morum quosdam Philosopho¬
762 1780 1270 1840 rum Empedoclem, & Anaxago
764 1829 1274 1874 ram magis dicimus quaesiuisse.
