2324 3240
303 154 1186 203 hitherto through the Decades. Here
297 219 1192 268 unto belongeth Charitie also, which
293 284 1192 334 is a communicating of riches, or well
293 350 1185 398 doing, whereof wee have saide some
301 414 1189 464 what alreadie in the first Decade, and
293 478 1185 528 will have somewhat else in this Ser
286 543 430 591 mon.
403 611 1194 661 Neyther doeth Luke in the Actes
289 672 1186 722 make mention of any other things, de
290 736 1191 788 scribing what manner of Church the
291 803 1187 853 faithfull primitive Church of Christe
295 866 1184 919 was, being founded by the Apostles, &
293 931 1184 980 what were the principal points thereof.
301 994 1183 1047 They were continuing, sayeth he, in
297 1059 1183 1108 the doctrine of the Apostles, and in
288 1123 1193 1174 communicating, and in breaking of
285 1188 1180 1241 bread and in prayer. Under these few
296 1258 1178 1307 points all godlinesse is comprised. Un
301 1322 1176 1371 to the Ecclesiastical ministery are joy
287 1388 1183 1436 ned these that folow. Christian schooles
282 1452 1176 1504 have the first place, which being foorth
283 1518 1186 1569 a plentifull increase of Prophetes or
283 1582 1178 1632 Ministers of the Church. All nations
287 1646 1172 1696 unles they were altogether barbarous
282 1713 1180 1763 have understoode that without schooles
283 1779 1177 1825 no kingdomes or common weales can
292 1843 1178 1892 happily be maintained. And therefore
283 1907 1169 1954 not onely Moses in the book of Ge
276 1970 1176 2020 nesis, but also Strabo in the 17. booke
272 2035 1172 2084 of his Geographie, reporteth how that
278 2100 1174 2149 among the Egyptians were instituted
281 2164 1170 2216 most famous Colledges for Priestes &
281 2231 1165 2280 Philosophers. Histories also make
270 2294 1170 2344 mention, that the most noble men of al
274 2357 1166 2409 the worlde, travayled into Egypt to
270 2422 1164 2473 obtaine wisedome, in which number
275 2489 1161 2536 Plato also is saide to be the first of the
269 2552 1159 2603 chiefe and principall among the Phil
278 2618 522 2667 losophers.
355 2682 1171 2732 Neither is it unadvisedly written
284 2746 1162 2796 in the booke of the Kinges, that Salo
275 2811 1164 2858 mon excelled the wise men of the E
275 2876 1171 2928 gyptians in wisedome. And not onely
283 2940 1194 2990 the Egyptians, but also the Pale
284 3007 1194 3046 stines, a Nation more famous for
1247 156 2135 211 warres than for learning, are sayde
1245 222 2147 275 to have had their Priests, of whom
1247 289 2132 340 they asked cousell in matters of doubt,
1235 353 2130 405 as writeth Samuel in his holie Hi
1244 416 1390 465 storie.
1341 484 2136 531 And Daniel also witnesseth, that
1235 545 2133 596 the Babylonians had moste famous
1239 611 2138 661 Schooles, as also had the Medes and
1243 678 2140 725 Persians, from whence sprang foorth
1246 740 2130 790 their Magi, I would saye wise men,
1236 804 2128 855 notable in all parties of Philosophie.
1243 869 2131 919 I neede not to speake any thing of the
1248 933 2130 984 Greekes and Romanes, since there
1235 998 2130 1049 is no man but knoweth their most fa
1235 1064 2130 1112 mous Citie of Athens, which is so
1237 1128 2128 1178 much spoken of by all learned men.
1241 1192 2136 1242 and also the goodly Colledges of their
1237 1254 2137 1309 Priests and Southsayers. But o
1231 1322 2122 1371 mitting foreine examples, let us al
1239 1387 2130 1439 ledge our owne or such as are Ecclesi
1227 1453 1418 1502 asticall.
1284 1518 2137 1567 God, who gave unto his people, a
1224 1581 2129 1629 moste absolute fourme of an happie
1236 1642 2128 1694 Common weale and kingdome, distri
1230 1708 2128 1760 buted schooles through fortie and eight
1233 1771 2130 1825 townes of the realme. Those townes
1221 1839 2127 1890 by reason of the Philosophy Levits,
1232 1900 2129 1953 were called Leviticall. For hee had
1226 1968 2122 2018 consecrated all the Leviticall Tribe,
1226 2028 2109 2082 unto the Priesthood and to studies:
1231 2094 2113 2150 not for that it was not also lawful for
1226 2157 2115 2211 Gentlemen of other Tribes to studie
1222 2222 2116 2277 Philosophie or wisedome: but because
1224 2286 2114 2343 the Levites were peculiarlie appoin
1223 2355 1713 2404 ted unto holy studies.
1241 2413 2113 2475 For it is evident, that Clay and Da
1224 2480 2107 2535 niel, two of the most bright lights of
1214 2545 2105 2599 them that prophecied were of the tribe
1216 2609 2115 2664 of Juda. Other Tribes also have
1218 2672 2106 2729 brought foorth mi right singular in all
1217 2736 2115 2791 kind of knowledge. And those townes
1212 2799 2114 2856 likewise were called Leviticall and
1214 2863 2119 2922 Priestly, not that Preists onely dwelt
1194 2932 2101 2986 in them, but because they had Syna
1194 3003 1591 3046 gogues in them.
