2324 3240
216 130 1118 215 other oblations or holy revenves, shall
220 199 1129 270 be as acceptable unto him, as their sa
223 260 1116 338 crifice that offer any thing out of their
222 334 1110 404 owne chest, store, or possessions. Truly
221 398 1118 466 if a labourer doe offer unto God any
214 458 1109 538 thing of his hire or wages (that is to
213 520 1116 595 say)ifhe give unto the poore, doth it not
225 578 1122 646 seeme a verie acceptable sacrifice unto
215 652 1119 723 God: Very acceptable then is ye almes
218 711 1118 777 that the minister of the church doth be
219 773 1118 847 stowe, proceeding of the wages of the
226 834 1113 902 holy ministerie. Put the case a labo
228 910 1118 973 rer in building a church, receiveth his
230 963 1117 1025 wages of ye church goods, should a man
228 1026 1125 1097 therfore say that the labourer tooke an
225 1106 1165 1158 almes and y one almes ought not to be
229 1151 1165 1233 given out of an other? He received wa
223 1215 1123 1291 ges for his worke. For hee did labour,
223 1284 1120 1344 Therefore he giveth almes of his wa
232 1348 1132 1419 ges & of his own, lawful & proper goods.
228 1422 1165 1481 Therefore then should the minister of
230 1472 1117 1546 the church seeme to live by almes, and y
238 1538 1130 1606 he ought not to give almes of almes,
226 1604 1122 1664 who notwithstanding doth labour for
236 1664 1132 1733 his wages, & therfore receiveth the re
238 1732 1124 1801 ward of his worke as a labourer doth,
236 1794 1114 1849 unto whom the Lord himselfe compa
232 1849 1119 1919 reth the minister: If any man be so far
233 1930 1129 1995 past honestie to thinke so, he shal heare
233 1989 1129 2052 not what I say, but what Paul the A
245 2041 1123 2129 postle sayth. lf we sowe unto you spiri
242 2111 1132 2181 tuall thinges, is it a great matter if we
232 2171 1137 2255 mowe your carnal things: And againe,
233 2239 1131 2297 Such elders as governe well, are wor
234 2299 1142 2382 thie of double honor, and chiefly that
232 2372 1134 2439 travell in preaching and teaching. For
242 2431 1138 2486 the Scripture sayeth, Thou shalt not
238 2487 1125 2553 mousell the mouth of the Oze trea
238 2544 1132 2632 ding out the corne. And The labou
245 2607 1147 2686 rer is worthie of his hire. Beholde
241 2687 1134 2754 therefore, the Apostle doth not thinke ye
245 2748 1140 2813 that inestimable goodnesse of the mi
245 2812 1144 2868 nisterie can by any meanes be recom
241 2871 1139 2943 pensed with a vile thing, I mean with
249 2941 1138 3013 earthly wages. Againe, They that la
241 2988 1142 3083 boyr, saieth he: They that labour say
1157 122 2048 206 I, not they saith he, that loyter in tea
1153 192 2045 271 thing. These doeth hee compare unto
1153 262 2059 324 an ore that is a toyling beast, and a
1158 322 2054 404 thresher out of corne, & also to a labou
1155 387 2052 468 ring man. That whereof I do so greatly
1153 453 2067 513 warne you, is, that because in this our
1153 514 2062 597 wicked & unthankefull world, certaine
1153 577 2060 640 men, nay rather monsters most un
1153 637 2063 706 thankfull are to be found out, that are
1154 712 2065 788 perswaded, that ministers do nothing
1155 775 2070 838 at all, yea, even such as most faithfully
1153 833 2066 909 doe their duetie. For they cry out say
1157 903 2068 969 ing, They eate their bread as beggers
1159 969 2070 1049 doe, and it costeth them nought. By
1158 1023 2066 1088 which name and infamie they terrifie
1161 1224 2065 1294 nity, so that they utterly abhor the mi
1157 1278 2070 1361 nistery, as it were a thing most begger
1164 1337 2069 1417 ly & unhonest. For in such fort the di
1161 1480 2066 1548 abusing, or rather fitlie using to his
1163 1536 2068 1607 purpose our ingratitude & malice. But
1167 1599 2059 1660 why do they not suffer them selves to
1164 1661 2064 1745 be numbred with Christ & the holy A
1174 1730 2062 1808 postles, who were fed & maintained by
1153 1095 2062 1152 many fine wits, and make them to for
1153 1160 2067 1218 sake the studie of good learning & divi
1170 1797 2063 1861 the churches stipend, then to be recko
1168 1859 2065 1921 ned up among those unthakful & proud
1170 1919 2063 1989 people, who have scraped and gathered
1153 1414 2061 1490 vel can devise to enlarge his kingdom,
1175 1986 2065 2047 all their goods together for the most
1166 2048 2069 2119 part, by usury & other wicked means: or
1171 2113 2061 2178 at ye least if they have not gotten their
1167 2175 2066 2241 goods by sinister meanes, they have re
1167 2244 2065 2315 ceived them through the liberalitie &
1174 2299 2072 2383 meere goodnesse of God, for the which
1180 2361 1991 2445 they never sweate or tooke paines:
1262 2427 2069 2496 S. Paule prooveth by strong and
1171 2483 2063 2564 many arguments the right to receive
1179 2548 2059 2620 a stipend for the holy ministerie. Have
1189 2613 2066 2699 we not (saieth he) polver and auto
1184 2676 2074 2750 ritie to eate and drinke, or may we
1177 2746 2087 2806 not carrie about with us a woman
1184 2811 2071 2872 sister: for he meaneth the lawfulnesse
1181 2875 2078 2942 and authoritie to receive anie thing
1187 2946 2074 3005 necessarie for him elfe, his wife, and
1189 2995 2080 3074 his whole housholde. And for that
