2324 3240
237 86 627 180 and kingdomes,
292 160 1131 238 For why, they are very sharply pu
234 234 1129 296 nished which do not give unto ye poore
226 285 1125 357 of their owne private goods if they bee
221 345 1130 428 able: with how much more grievous
217 410 1133 478 calamities may wee think they shalbe
229 479 1123 558 plagved, which wickedly, sacrilegious
230 543 1129 612 ly & forcibly take away to their owne
226 617 1129 677 private uses, those riches which were
225 668 1124 749 given by others to the common use of
229 742 1133 805 the poore: Hee that hath this worlds
228 797 1127 866 substance and seeth his brother want,
238 852 1132 937 and shutteth up his affectio from him,
230 931 1133 1001 is cruell : therfore he that taketh from
233 988 1136 1060 the poore that which is already given
234 1052 1133 1139 them is more cruel, and committeth sa
238 1113 452 1193 criledge.
275 1171 1133 1253 It is read that the Sodomites with
239 1252 1132 1320 their fellow cities were burned, be
239 1315 1130 1382 cause they strengthened not the hand
238 1366 1133 1440 of ye poore but rather weakened it. The
236 1431 1125 1505 Moabits & Chanaanites are destroied
240 1497 1130 1570 for disdaining straungers, & for having
235 1567 1135 1639 no care of the poore. But why do wee
238 1625 1129 1708 fetch examples so farre off:why do we
233 1682 1131 1761 not call to mind the last sentence of the
239 1760 1138 1824 high Judge uttered from his heaven
246 1816 1135 1887 ly judgement seate which is stablished
239 1882 1137 1965 in the cloudes, pronounced in this
234 1957 1131 2028 manner, Gome ye blessed of my fa
243 2008 1145 2089 ther, possesse the kingdome which
247 2073 1142 2157 was prepared for you from the begin
243 2135 1130 2221 ning of the world. I have byn hungry
237 2203 1141 2285 and you have given me meat. I have
237 2259 1139 2350 byn a thirsty and you have given me
246 2321 1136 2410 drinke. I was a straunger and you har
240 2392 1131 2478 boured me, l was naked and you clo
237 2451 1140 2543 thed me, I was sick, bt you visited me.
242 2527 1137 2605 I was in prison, St you came unto me.
245 2579 1141 2666 The evangelist also addeth that which
241 2647 1146 2737 agreeth verye muche to our purpose:
248 2706 1134 2796 Then shall the just aunsweare and say,
246 2776 1144 2861 Lord, when saw we thee hungry and
249 2835 1143 2925 gave thee meate: thirsly et gave thee
250 2901 1132 2991 drinke: when saw we thee harbour,
244 2958 1140 3064 lesse and lodged thee : or naked and
1169 79 2076 164 cloathed theer Or when saw we thee
1167 153 2072 238 sick or in prison, & came unto thee a
1174 222 2072 284 The king aunswearing, shall say unto
1161 275 2082 361 them, Verily l say unt o you, in that
1166 347 2092 427 you did it unto one of the least of
1167 412 2084 485 these my brethren, you did it unto
1170 484 2082 540 me. Then shal he tay also unto them
1169 535 2082 616 that are on his lese hand, Depart from
1167 604 2078 682 me ye cursed, into everlasting fire,
1170 668 2079 738 which is prepared for the divel and his
1173 728 2077 810 Angels. For I was hungry, and you
1168 804 2080 873 gave me no meate. I was thirsty and
1165 856 2075 934 you gave me no drinke, I was a straun
1169 923 2071 1004 ger and you harboured me not. I was
1170 980 2078 1050 naked etyou cloathed me not. I was
1167 1045 2079 1121 sick and in prison, and you visited me
1162 1126 2084 1189 not. Then shal they answere et say un
1173 1177 2073 1241 to him, Lord, when saw we thee hun
1178 1238 2077 1323 gry, or thirsty, or a straunger, or na
1173 1296 2081 1381 ked, or sick, or in prison, &t ministred.
1176 1380 2070 1441 not unto thee) Then shall he answere
1168 1431 2072 1521 them, saying: Verily l say unto you,
1177 1491 2081 1566 in as much as you did it not unto one
1179 1558 2084 1633 of the least of these, neither did you
1174 1630 2070 1705 it unto me. It foloweth after, And they
1177 1684 2076 1755 shal goe into everlasting punishment,
1178 1753 2080 1839 but the righteous into everlasting
1170 1816 2087 1895 life. The Lord also in an other place in
1173 1890 2089 1968 the Gospell substituting the poore in
1181 1950 2092 2022 his steed, saithrye have the poore withl
1181 2013 2079 2089 you alwaies, &t when ye wil ye may do
1182 2081 2059 2160 them good: but me ye shal not have al
1187 2153 2086 2219 waies. And therfore we reade that the
1186 2206 2080 2284 Primitive Church was careful in pro
1182 2285 2070 2350 viding for the poore, even to the woor
1181 2334 1587 2421 king of miracles,
1240 2395 2085 2465 S. Paul in all places commendeth
1178 2455 2088 2539 the poore to the Church of GOD: hee
1184 2526 2082 2600 made collections for the poore almost in
1179 2581 2088 2666 al Churches, and the blessings: which
1189 2649 2078 2733 hee had gathered, hee distributed with
1181 2725 2081 2794 great judgement, faith and diligence.
1185 2786 2083 2861 As it will appeare almost in all his e
1187 2845 2086 2911 pistles, specially in the 15. to the Ro
1187 2911 2081 2985 maines, in the first to the Corinthians
1188 2967 2085 3061 the sirteenth Chapter, in the second to
