2324 3240
226 84 1132 166 the Corinthians the eight and ninth
236 156 1128 217 Chapters. And to the Galathians,
240 214 1138 286 while wee haverime (saith hee) let us
225 281 1138 368 doe good towardes all men, especial
229 337 1151 421 ly towardes the housholde of faith. In
234 410 1144 483 the first Epistle to Timothie, hee war
233 478 1141 542 neth that there bee consideration had
231 544 1140 616 who should be holpen, and who not to
230 605 1142 675 be holpen. In ye same Epistle he giveth
235 685 1143 747 charege to Timothie, and to al the Bi
239 735 1142 800 shops how to deale with the richer fort
237 800 1152 867 in the Church saying: Commaunde
234 875 1144 943 ehem that are rich in this wotlde, that
223 936 1142 1009 they be not high minded, neither put
225 1006 1146 1068 their trust in uncertaine rithes, but in
229 1054 1146 1147 the living GOD, who giveth us all
230 1120 1136 1208 things abundantly to enioy, that they
226 1182 1144 1272 may doe good, that they may bee rich
227 1245 1130 1325 in good workes, that they may be rea
234 1323 1129 1397 die to give and bestow willingly, lay
235 1377 1133 1468 ing up unto theselves a good fosida
232 1443 1133 1530 tio against the time to come, that they
224 1509 1143 1582 may take holde of life everlasting. And
224 1580 1136 1649 unto the Hebrewes, To do good et to
231 1637 1126 1713 distribute forget not: for with such sa
234 1700 767 1787 crifice God is pleased.
237 1778 1140 1847 Wherefore, riches were gathered even
235 1839 1132 1903 in the time of the Apostles to suecour
246 1891 1138 1974 ye necessity of the poore withal. Deacos
230 1969 1133 2045 were appointed by the Church as pro
225 2035 1142 2106 viders and stewardes: among whom
237 2097 1138 2159 those first Deacons were moste fa
225 2156 1135 2231 mous, of whom the Actes of the Apo
226 2228 1137 2291 stles make mention, and also the no
235 2293 1136 2364 table martyr of Christ Laurence. And
229 2357 1138 2421 the writings of the ancient fathers do
226 2421 1142 2477 testifie that with those ecclesiasticall
237 2489 1133 2561 goods, prisoners were redeemed out of
225 2547 1136 2617 captivity, poore maides of lawful yeres
226 2607 1133 2692 manried, finally hospitals, almeries,
232 2672 1126 2743 spittels, harbours, hostles, and nourse
237 2745 1134 2810 ries were builded, namely to entertain
238 2803 1136 2883 pooretravellers, for the maintenaunce
229 2870 1127 2929 of the poore that were born in that cosi
229 2928 1126 3009 trie, for the reliefe of the ficke and dis
236 2999 1139 3091 eased, for the necessitie of old men, and
1168 95 2090 179 for the honest bringing up of puplis &
1182 158 2088 228 orphans. Concerning these matters
1175 224 2094 297 there are yet ertant certaine imper ial
1181 284 1360 364 lawes.
1252 335 2103 420 Therefore in reforming of Churs
1188 404 2102 488 ches, very diligent heede must be take
1181 488 2102 550 that there be no offence committed in
1185 544 2093 614 this behalf through oversight or of pur
1195 618 2104 683 pose, that the poore be not defrauded, &
1182 682 2093 744 that in taking away ons abuse, wee
1183 733 1645 812 bring not in many.
1260 800 2098 880 If there be plenty of goods, let them
1173 856 2086 928 be keptrif there be none, let the be ga
1176 927 2096 997 thered of the rich. The let the state of
1188 992 2082 1075 the poore be searched, and what every
1182 1061 2096 1129 man needeth most, or howe provision
1178 1130 2092 1200 may best be made for every one. which
1182 1193 2096 1259 being knowne, let that which is meete
1180 1250 2092 1319 and necessary for every one bee done
1187 1314 2087 1386 speedily, gently, & diligently. If then
1182 1387 2086 1450 any of the common goods remaine, let
1182 1448 2089 1519 them be kept against such calamities
1182 1507 2080 1577 as may ensue. Let nothing bee consu
1184 1572 1894 1642 med unprofitably or ungodlily,
1178 1639 2090 1718 Again, let not the treasure of the poore
1179 1702 2078 1772 unhappily be detained from them by
1178 1765 2092 1840 fraude, and to the increasing of their
1176 1833 2085 1914 povertie, For there may bee like of
1184 1890 2092 1971 fence commited on both sides. For
1182 1963 2085 2033 on eche side the poor are defrauded of
1182 2026 2087 2100 their goods. Touching liberalitie, wee
1179 2090 2089 2175 have intreated in an other place in
1174 2163 2087 2237 these our Decades : and of providing
1171 2221 2083 2296 for the poore, in other of our woorkes.
1177 2297 2081 2369 And Lewis Vives hath written very
1175 2352 1804 2425 wel of releeving the poore.
1245 2403 2090 2491 The fourth and last part of the
1179 2484 2084 2558 goods of the Church, apperteineth un
1180 2540 2079 2623 to holy buildings, as churches, scholes,
1177 2613 2093 2692 and houses belonging to churches, and
1174 2679 2075 2749 fchooles. Churches which because of
1173 2736 2102 2824 the companies gathered together in :
1179 2804 2086 2869 them are also called cogregations, are
1176 2872 2093 2947 the houses of the Lorde our God. Not
1176 2927 2092 3005 that God whom the wide compasse of
1170 2987 2079 3075 the heavens cannot comprehend, doth
