2592 3508
521 184 1977 255 runt in tempore primitiuo, quaedam vero sunt in medio, quae¬
530 253 1973 323 dam autem erunt in nouissimo, vt legitur in prologo super
533 317 1974 389 Apocalypsim; quae nisi cognita fuerint, vitari non possunt, cum
536 383 1980 455 vitari non possit malum, nisi cognitum, vt dicit Boetius. Qui au¬
528 447 1980 523 tem ea propter defectum scientiae non euitant, procul dubio
533 515 1992 588 capiuntur in illis, iuxta illud Isa. 5. Propterea captium ductus est
533 581 1989 651 populus meus, quia non habuit scientiam; Et sic capti, vel decepti,
528 647 1989 717 propter suam insipientiam pereunt in eis, iuxta illud Baruch 3.
534 712 1974 786 Quoniam non hubuerunt sapientiam, perierunt propter suam insi¬
531 779 1982 849 pientiam. Prou. 6. Ipse morietur, quoniam non habuit disciplinam,
534 840 1980 911 & in multitudine stultitia suae decipietur. Illi etiam, qui per Scrip¬
528 906 1991 979 turas, vel Scripturarum Doctores, vel qualitercumque videntes
530 975 1988 1047 illa pericula, tamen per negligentiam praecauere non curant,
527 1041 1979 1113 merito in eisdem periculis pereunt; Nam qui vident pericula, &
530 1106 1982 1178 ea cauere non curant, videntur amare illa; & Qui amat periculum,
533 1174 1985 1242 Glos. quod non curat scilicet, nec studet vitare, peribit in illo,
528 1240 1994 1308 Eccl. 3. Illa vero pericula subito, & ex improuiso inuoluunt,
534 1304 1989 1373 quos propter suam ignorantiam, aut negligentiam inueniunt
530 1368 1973 1440 imparatos; sicut dies Domini subito & ex improuiso veniet,
528 1432 1986 1506 non vigilantibus & paratis; sed dormientibus, id est ignoranti¬
540 1500 1983 1573 bus, & scire negligentibus, & propter hoc imparatis. Vnde su¬
528 1568 1985 1635 per illud I. Thessal. 5. Dies Domini, sicut sur in nocte, ita veniet,
534 1630 2000 1703 dicit Gloss. Dormientibus & imparatis; de quibus dici potest il¬
527 1699 1994 1769 lud Deuter. 22. Gens absque consilio est, & sine prudentia; vtinam
540 1769 1655 1836 saperent, & intelligerent, acnouissima prouiderent.
576 1828 1994 1896 §. Ideoque Dominus, qui vult omnes homines saluos fieri I. Timo.
537 1891 1994 1965 2. nec aliquos vult perire I. Petri. 3. vt Ecclesia sua instructa & prae¬
543 1958 1989 2033 parata vitare possit futura pericula; non solum per seipsum, ve¬
534 2024 1992 2099 rum etiam per Prophetas, & Apostolos prophetantes ea prae¬
533 2092 1991 2165 nuntiauit, vt ostendetur plenius infra dist. I. §. Inter istos autem,
528 2156 1992 2229 & §. Apostolus etiam NON ENIM faciet Dominus verbum, nisi prius
528 2221 1989 2298 reuelauerit secretum suum ad seruos suos Prophetas. Amos 3. Prae¬
542 2291 1991 2363 cipue autem illa pericula, quae siunt per Pseudo-Praedicatores,
533 2354 2010 2427 & per illos, qui penetrant domos, per Beatum Paulum Apo¬
533 2422 2009 2495 stolum prophetantem praedixit. Vnde Act. 20. dicit Paulus
537 2488 1994 2562 de Pseudo-Praedicatoribus, Attendite vobis, & vniuerso gregi,
530 2554 2010 2631 in quo vos Spiritus Sanctus posuit Episcopos regere Ecclesiam Dei.
533 2622 1997 2698 Ego scio quoniam intrabunt post discessionem meam, id est, post
528 2686 2010 2767 mortem meam, lupi rapaces in vos, non parcentes gregi; & ex vobis
