2592 3508
572 137 2049 251 Apostolus praedicanda praecipiat, vt ostendetur infra eod. §. Ve¬
563 211 2039 310 ritatem autem hanc tacere, non debent Serui Christi, ne poe¬
567 294 2031 382 nas culpabilis taciturnitatis incurrant, vt enim dicit Greg.
573 355 2029 459 in lib. 4. Moral. Si aliquando tacere culpa non esset, Propheta non
570 422 2031 511 diceret, VAE MIHI QVIA TACVI, Isa. 6. Vterque enim reus est,
569 501 2036 578 & qui veritatem occultat, & qui mendacium dicit; quia & ille
559 555 2031 644 prodesse non vult, & iste nocere desiderat. II. q. 3. cap. Quisquis me¬
567 622 2032 699 tu. Ideo Ioannes Baptista mortem subire maluit corporalem,
566 690 2032 777 quam tacere moralem & vtilem veritatem; eum dixit Hero¬
570 752 2022 828 di Non licet tibi habere vxorem fratris tui, Marc. 6. Mori enim
571 820 2038 906 pro veritate est mori pro Christo, qui est veritas. Vnde dicit
565 883 2023 961 Beda in Homil. super eundem locum, Beatum Ioannem Ba¬
569 952 2030 1041 ptistam sanguinem fudisse pro Christo, quia pro veritate occi¬
573 1035 2025 1117 fus est, cum Christus sit veritas, ipso attestante, qui ait Ego
569 1077 2032 1154 sum via, veritas, & vita, Ioan. 14. Si quis vero Sapientiam an¬
566 1150 2032 1220 tiquorum exquirens, & narrationem, id est, doctrinam, virorum
564 1219 2024 1299 nominatorum conferuans, & in eorum libris pericula praesentia,
572 1282 2024 1355 vel futura perspiciens, potestatem aut libertatem publice do¬
573 1347 2028 1439 cendi, aut publice praedicandi non habeat; saltem Scripturas
560 1403 2034 1507 illa pericula indicantes, in diuinis libris non sine causa disper¬
561 1468 2032 1573 sas, & quibusdam aenigmatibus occultatas, ad vtilitatem &
561 1551 2031 1630 cautelam Ecclesiae generalis, & praecipue ad cautelam eorum,
563 1613 2020 1704 qui simpliciter ambulant, & Satanae altitudinem non agnos¬
558 1677 2013 1755 cunt; quinimo, vt Falsorum Prophetarum figmenta, à quibus,
554 1740 2032 1817 si fieri possit, in errorem ducentur etiam electi, quantum Do¬
560 1807 2023 1881 minus annuit, deuitare possimus, debet colligere, vt facilius
567 1881 2037 1962 capi possint, & quantum sibi possibile est, ad multiplicandam
553 1935 2028 2016 scientiam, propter instructionem simplicium declarare (Sic
554 2010 2027 2083 enim praedixit Angelus Danieli Daniel. 12. Claude sermones,
557 2074 2011 2137 & signalibrum, Glos. obscuritatibus, vsque ad tempus Statutum,
556 2135 2028 2209 Glos. id est, vsque ad completionem; pertransibunt plurimi, Glos.
560 2191 2045 2285 legendo, & veritatem quaerendo & multiplex erit scientia) pro¬
547 2275 2061 2361 pter praeceptum Domini per os Salomonis dicentis Ecclesiastis
547 2338 2028 2415 9. Quodcumque potest facere manus tua, instanter operare, &c.
548 2394 2015 2473 Et propter verbum lacobi cap. 4. dicentis, Scienti bonum fa¬
553 2472 2021 2560 cere, & non facienti, peccatum est illi. Gloss. Scientes boneface¬
550 2531 2028 2607 re, & non facientes, maius peccatum habent, quam si nescirent.
547 2589 2024 2680 Et etiam idcirco hoc facere debet, ne ad instat Serui inutilis
548 2667 2032 2767 talentum Domini sui abscondens, mereatur audire illam vo¬
