2592 3508
535 121 2040 224 sed & omnibus praedicande sunt. I2. d. I. cap. Dise stisinis in fine
576 211 2030 301 §. Sed forte dicet aliquis, quod; cum mili & Haghi virisfie¬
532 272 2024 359 pientes & literati, nec non Doctores nostri, qui & ante te fe¬
539 332 2029 422 pora nostra, & nostris temporibus docuerunt, & easde nifgeripie
535 402 2025 486 turas, quas nos habemus, habuerunt, & plenius cognquerunt;
528 464 2025 558 doctrinam ipsam, quam ad praesens intendimus, videlicet De
525 535 2032 612 periculis per Hypocritas, Pseudo-Praedicatores, & Penetrantes domos,
526 585 2025 698 ac onosos, & curiosos, & Gorouagos, praesentibus vel futuris;
533 665 2002 742 nec instanter praedicauerint, nec notabiliter diuulgauerint;
538 730 2016 821 praesumptuosum esse videtur, quod quidam moderni pauci; &
540 796 1980 879 minus literati, non alias habentes Scripturas, quam primi
543 848 1987 942 doctrinam istam praedicent & diuulgent, quasi Deus reuelalsei
533 918 1992 1020 rit eis; & aliis noluerit reuelare; praesertim cum illa periculs
533 984 1564 1075 nondum manifeste appareant apud vulgus.
595 1050 2037 1152 §. Ad quod probabiliter potest dici, quod Apostoli, & eos
526 1113 2013 1215 sequentes Sancti Patres, Gregorius, Augustinus, & alii San¬
524 1177 2016 1288 cti, Doctores eximii, qui hanc doctrinam, tam contra sibi
532 1256 2019 1348 praesentia, quam contra futura pericula, diuinitus ediderunt;
525 1323 2012 1416 eam contra illos, per quos eorum temporibus imminebant
524 1371 2020 1481 Ecclesiae illa pericula, pubfice praedicarunt; ad instructionem
530 1452 2003 1530 vero sequentium contra similia futura pericula, eamdem do¬
531 1506 2010 1611 ctrinam in scripturam publicam redegerunt, sicut fatet in
521 1574 2007 1672 scripturis eorum inferius annotatis; iuxta illud Rom I§. Quae¬
530 1657 1999 1724 cumque scripta sunt, ad nostram doctrinam scripta sunt. Conse¬
518 1720 2004 1803 quenter vero aliquando, & alicubi, dicta pericula, vel omnino
524 1785 2003 1872 cessauerunt, vel sub pietatis specie latuerunt. Ideoque Scrip¬
524 1849 1994 1918 turae illa pericula designantes, quasi clausae erant, eo quod ea¬
522 1904 2010 1987 rum signata, vel minime, vel minus lucide apparebant. Quem¬.
518 1986 2011 2075 admodum videmus alibi, quod Scriptura illa Isar. 9. Reco
540 2043 1986 2140 virgo concipiet, &c. Et illa Isa. 53. Sicut ouis ad occisionem dice
518 2115 1992 2197 tur; &c. Et aliae Scripture Incarnationem, Passionem, Relur
524 2178 2009 2279 rectionem, & Ascensionem Domini, prophetice designan¬
521 2243 2007 2315 tes, vsque ad tempus impletioni earum praesinitum, fere ome
518 2311 2004 2392 nibus clause fuerunt; iuxta illud Danielis I2. Vade Daniel, quia
524 2373 2017 2451 clausi, signatique sunt sermones, vsque ad tempus praefinitum; Glos.
521 2434 1995 2525 Id est, vsque ad consummationem, siue impletionem. Illis autem im.
517 2507 1988 2604 pletis, tunc per Spiritum Sanctum, & per euidentiam Sanctis
513 2580 1996 2670 Apostolis, ac per Apostolorum praedicationem aliis reuelata
513 2632 1989 2754 manifestius claruerunt. Per eundem modum dicimus, quod
