2592 3508
506 141 1847 277 Et sic ore suo, non manibus persequuntur, vt impleanii
512 224 1936 341 Prophetia Dauidis dicentis Psal. 2I. Aperuerunt super mees squi
519 291 1990 402 sicut Leo rapiens, & rugiens. Et nel fraudes eorum possint ilte¬
503 370 1957 471 rius ab illis Doctoribus, per Scripturas, vt ccoperant, rene
507 419 1986 523 lari; idcirco potestate publice docendi, & publice praedicandi,
509 484 1992 593 simili modo fecerunt eos priuari; vt videatur in eis impleri
512 551 1962 666 Prophetia Ioannis Apostoli Apoc. 9. dicentis Post hec vidi
499 633 1963 710 quatuor Angelos, sed malos, stantes super quatuor angulos teria
506 704 1966 802 id est, in remotissimis etiam lotis, vt inquit Glass. Tenentes quae
502 760 1977 847 tuor ventos terrae, ne flarent super terram; Id est, prohibentes
512 824 1992 931 veritatis Praedicatores, ne veritatem illis asperam praedicarent; Vn¬
506 884 1966 980 de Gloss. Quia in tempore tribulationis nihilmagis est necessarium
504 962 1974 1049 quam veritatis praedicatio; ideo nititur Diabolus detinere eam is
498 1023 1990 1129 omni loco. Nec tamen propter has persecutiones, debent veri
496 1081 1959 1182 Athletae Christi, a praedicanda veritate verborum Dei, salua ta
496 1162 1978 1258 men ad Superiores obedientia, ratardari; vt possint vere dice¬
494 1225 1993 1321 re cum psalmista, Propter verba labiorum tuorum ego custodiui
501 1283 1996 1392 vias duras. Recolentes illud Apostoli, omnes, qui pie volunt vit
1646 1356 1683 1395 gei¬
487 1361 2005 1443 uere in Christo lesu, persecutionem patientur. 2. Timoth. 3. ax
494 1407 1967 1529 lioquin infideles essent & vani. Vnde super illud I. Ihess
1964 1442 1998 1535 p
500 1489 1983 1592 2. Scitis, Fratres, introitum nostrum ad vos, idicit Gloss. Si¬
486 1554 1989 1642 gnum est fidelis ac deuoti Praedicatoris, si in pressurailoquii non
485 1622 1973 1727 timeat; inanis enim est ille, qui terrore praesenti formidinem
492 1681 1966 1779 patitur praedicandi. Item Gregorius Iib. 20. Moral ;i sigi
495 1749 1974 1854 propter alicutus timorem, siue fauorem, veritatem tacuit aliipum
501 1812 1982 1914 vidit vententem, & fugit; qui si districte iudicetur, ersi verse¬
485 1881 1964 1955 cutio publica defuit, tamen tacendo Christum negauit. Nec debete
481 1946 1983 2047 rubescere Seruus Christi, sed magis in Domino gloriart, ai
482 2008 1972 2111 propter veritatem Diuinae Scripturae patiatur contumelias,
485 2081 1968 2158 cum Christus ipse sit veritas Ioan. I4. Tunc enim non patitur;
496 2146 1963 2255 quasi homicida, vel sur, vel aliter criminosus; sed magis patis
497 2212 1972 2315 tur, vt Christianus, iuxta illud I. Petri 4. Nemo vestrum patia¬
488 2276 1980 2377 tur quasi homicida, aut sur, aut maledicus, aut alienorum apperitor;
488 2337 1974 2435 si autem vt Christianus, non erubescat; glorificet autem Deum in
492 2397 1983 2499 isto nomine, quoniam tempus est, vt incipiat iudicium a DomoiDei.
493 2468 1974 2568 cum ergo tam praedicta, quam alia multa pericula, praecipus
494 2538 1965 2622 autem spiritualia, per huiusmodi homines immineant Ecclesiae
490 2607 1956 2700 generali, vt infra plenius ostendetur; opportunum esse vide
493 2673 1945 2791 tur & necessarium, doctrinara de illis cognoscendis & isitandis
