2592 3508
446 171 1913 243 quae audit. Collatio ergo esse debet inter Seruos Dei, non altereatio.¬
448 233 1935 314 Et idcirco didit Apostolus Philipp. 2. Nihil per contentionem
447 297 1933 368 agentes. Glos. Vt si bona dicant, non verbis contentiosis Ioquantur.
446 370 1927 451 Et sane contentio, seualtercatio, proprie est Pseudo-Aposto¬
453 433 1923 501 lorum, qui sunt improbi disputando; vnde super illud 2. Thess.
445 495 1933 582 3. Vt liberemur ob i mportunis, & malis hiominibus, dicit Glos. Id est
453 585 1935 637 a Pseudo, qui sunt imporiuni disputando; procaces enim sunt, &
465 635 1923 700 deo dictis aliorum, quantumcumque veris, e diuerso respon¬
455 704 1928 784 dent, ne illis consentiendo inferiores videantur; & quia nihil
461 771 1930 836 recte dictum existimant, quod ab eorum sensibus sit diuersum.
470 836 1929 898 Vnde super illud Iob II. Nunquid vir verbosus iustificabitur? di¬
470 909 1945 988 cit Gregorius lib. 10. Moral. Mos procacibus esse solet, vt recte
456 977 1935 1055 dictis semper e diuerso respondeant; ne si ad prolata consentiant, in¬
467 1036 1942 1124 feriores esse videantur. Et infra. Praui nihil rectum, nisi quod ipsi
475 1089 1944 1162 senserint, putant; & iustorum verba eo otiosa existimant, quo suis
464 1160 1942 1228 haec sensibus inueniuntur diuersa. Isti homines contentiosi ab as¬
465 1234 1930 1291 fertionibus suis, quantumcumque falsis, irreuocabiles sunt, ti¬
463 1299 1936 1379 mentes, ne vinci ab hominibus videantur. Vnde super illud
476 1362 1932 1437 Apoc. 19. Et primus Angelus effucit phialam suam in terram,
466 1448 1949 1519 &c. dicit Berengosus. Sunt nonnulliita irreuocabiles, vt quamuis
468 1497 1948 1572 sciant prauam esse assertionem suam, nullo modo ab ea reuocari pos¬
465 1563 1933 1628 sunt, timentes vinci ab hominibus; & ne conuincantur, mendaciis, per¬
468 1642 1932 1706 turiis, acflammantibus contentionibus, falsitatem suam defendunt;
466 1691 1934 1755 dumque timent vinci ab hominibus, a Diabolo vincuntur. Detalibus
477 1754 1941 1844 in Diuinis Scripturis contentionem amantibus dicit Augusti¬
465 1826 1934 1884 nus in prima Epistola ad Volusianim. Non sunt apti huic nego¬
466 1871 1946 1956 tio, qui magis linguae certaminibus, quam scientiae luminibus dele¬
473 1956 1939 2026 ctantur; plus enim attendunt errantes superbi; quid illis res¬
474 2033 1945 2099 pondeant qui suo subiiciuntur errori, quam vt errore careant,
486 2082 1939 2171 vt suae intendant saluti. Vnde in persona talium dicit Augu¬
478 2155 1944 2213 stinus in libro De natura & gratia, cap. 29. Procliuiores sumus
472 2218 1950 2300 quaerere potius, quid contra ea respondeamus, quae nostro obijciun¬
467 2281 1563 2348 tur errori; quam sint salubria, vt careamus errore¬
541 2347 1954 2431 §. Protestamur autem ab initio, quod omnia, quae hic ad
480 2434 1950 2484 memoriam Intelligentium excitandam, & ad cautelam & in¬
483 2481 1956 2556 structionem eorum, qui Scripturas ignorant, idicturi sumus;
483 2547 1951 2621 non contra certam aliquam personam Ecclesiasticam; non
476 2618 1960 2685 contra statum aliquem per Sedem Apostolicam approbatum,
477 2683 1950 2747 dicere intendimus; sed generaliter contra pericula Ecclesiae ge¬
