2592 3508
455 205 1925 276 errando corrumpere, aut per malitiam impugnare, ostendit
461 250 1930 330 B. Augustinus in I. lib. De doct, ina Christiana, dicens. Tituba¬
460 321 1920 396 bit fides, si vacillet Diuinarum Scripturarum authoritas. Caueat,
459 407 1926 468 etiam sub obtestatione Diuini Iudicii quilibet huius compilatio¬
458 466 1923 540 nis Corr ctor, ne Diuinas Scripturas ibi contentas aliter, quam
464 532 1927 604 sensus Spiritus Sancti efflagitat, a quo conscriptae sunt, intel¬
461 603 1934 681 ligat, vel exponat; ne per hoc infidelis valeat reputari. Nan
464 659 1930 747 sicut dicit Isidorus, Etymolog. lib. 6. cap. 5QQuicumque Scripiu¬
474 714 1932 792 ram Sanctam aliter intelligit, quam sensus Spiritus Sancti effla¬
467 778 1935 883 gitat, a quo conscripta est licet de Ecclesia non recesserit, tamen hae¬
475 871 1938 931 reticus appellari potest. Et habetur 24. d.3 cap. Quidam autem.
471 914 1941 986 Caueat rursus quisque Corrector, ne Sanctorum Doctorum,
471 970 1937 1059 seu Expositorum, sententias, sola sua opinione corrigore, aut
476 1042 1941 1124 sui contentione reprobare praesumat, sed vel Scripturae autho¬
470 1113 1956 1192 ritate, vel inconcussa ratione; cum dicat Augustinus Iib. 3. Le
485 1193 1952 1261 Trinit. in principio Noli nostras literas ex tua opinione &
477 1256 1941 1324 contentione, sed ex diuina lectione, aut inconcussa ratione corrigere.
479 1307 1951 1388 Caueat iterum quisque Corrector, si placet, ne si quid in hac
483 1377 1954 1453 compilatione tanquam minus caute, aut contra eius volunta¬
488 1443 1950 1518 tem dictum eidem displiceat; reliqua, si qua vera & recta
492 1507 1954 1586 sunt, propter cuiusquam personae contrarietatem refellat; at¬
491 1571 1960 1652 tendens quod dicit Gregorius lib. 9. Moralium. Peruersae men¬
494 1652 1963 1716 tes, si semel ad studium contradictionis eruperint, siue prauum, siue
494 1697 1971 1785 rectum quid a contradicentibus audiant, aduersis haec responsionibus
489 1771 1974 1856 impugnant; quia cum persona per contrarietatem displicet, nec re¬
497 1852 1977 1917 cta, quae protulit, plaeent. E contra bonorum corda, quibus in
498 1907 1967 1981 odium non venit persona, sed culpa, sic peruersa diiudicant, vt quae
507 1970 1980 2044 recte dicantur, assumant; discernendis quippe contradicentium sen¬
506 2017 1987 2123 sibus aequissimi Arbitri resident, & sic male prolata respuunt, vt ta¬
497 2119 1983 2180 men approbent, quae ex veritate cognoscunt; Solet namque inter spi¬
500 2162 1984 2255 narum multitudinem, etiam de frugis semine, spica succrescere. Cau¬
498 2234 1984 2321 ta ergo manu operantis agendum est, vt dum spina tollitur, spica nu¬
503 2298 1982 2371 triatur; quatenus qui studet eradicare quod pungit, nouerit seruare
520 2378 804 2460 quod reficit.
577 2449 1983 2531 §. Quoniam autem pericula, de quibus dicturi sumus, futu¬
494 2519 1989 2579 ra sunt, vel praesentia, in Ecclesia generali, per Hypocritas, Pseu¬
500 2580 1993 2641 do-Pradicatores & Penetrantes domos, & otiosos, & Curiosos; &
505 2627 1989 2705 Goronatos, vt iam praetactum est, & magis patebit infra; Id¬
513 2716 1995 2780 circo Primo ostendemus, Qui sint Pseudo-Praedicatores; & quare
