2592 3508
484 159 1965 236 simum primum ibi. Vmbraculo malae discipline se contegunt. Vi.
489 210 1957 295 gesimum secundum ibi. Nunc vero contra Apostolum Christi.
500 291 1933 364 Vigesimum tertium ibi. Sed ecce concedant. Vigesimum quar¬
483 351 1950 437 tum ibi. Sicut aliquis. Vigesimum quintum ibi. Quamobrem illi,
489 419 1952 504 qui relicta, &c. Vigesimum sextum ibi. At enim Dominus ait.
504 489 1959 576 Vigesimum septimum ibi. Neque enim, quia Dominus. Vigesi¬
490 538 1949 634 mum octauum ibi. Quae cum ita sint. Vigesimum nonum ibi.
486 610 1949 691 Non alligamus. Trigesimum ibi. Sane omnibus, & nobis, & vo¬
478 672 1718 778 bis. Trigesimum primum ibi. Haec, mihi charissime.
528 737 1950 827 §. Notandum etiam, quod quasdam Scripturias, seu Prophe¬
487 807 1954 885 tias Hildegardis Prophetissae Teutonicae, ad opus propositum
491 874 1956 962 pertinentes (cuius Prophetissae librorum quidam per Beatum
493 930 1956 1020 Bernardum collecti in Clareuallensi Monasterio continentur)
485 1007 1950 1083 in serie huius libelli posuimus; & illas ideo confidentius as¬
485 1075 1950 1149 sumpsimus, quoniam per praedictum Sanctum Virum Spiri¬
487 1139 1950 1212 tum Dei habentem fuerunt collectae, vt dictum est, & in Ar¬
482 1205 1950 1284 chiuo sui Monasterii inter Scripturas Canonicas collocatae. Vi¬
485 1266 1962 1349 dimus etiam quemdam librum de Archiuo eodem assumptum,
485 1346 1956 1426 quasdam Prophetias dictae Hildegardis clarius exponentem,
479 1429 1956 1500 & inter caetera continentem, quod tempore B. Bernardi Clare¬
485 1466 1953 1567 uallensis, Eugenius Papa libros eiusdem Prophetissae canoni¬
481 1545 1194 1612 xauit in Concilio Treuirensi.
523 1618 1965 1691 §. Nota, Lector, quod authoritates Bibliae, quae in hoc opere
481 1670 1952 1749 continentur, habent lineam inferiorem de rubro; Paragraphi
491 1757 1959 1820 vero huius libelli, ad quos aliquando remittitur; ne pluries idemi
492 1809 1553 1877 dicatur, habent lineam inferiorem de nigro.
548 1887 1947 1954 §. Noli autem mirari, Lector Sciole, vel offendi, si quan¬
482 1935 1968 2018 doque in hoc libello prolixentur verba, quai Sciolis breuius
485 1992 1966 2087 possent dici; non enim, editus est propter Sciolos, sed propter
483 2065 1957 2139 Simplices & Scripturarum Ignaros. Noli ergo in hoc libello ra¬
482 2130 1960 2219 tiocinationes demonstratiuas, vel philosophicas, quasi per ar¬
482 2195 1967 2277 tem Dialecticam, vel Analyticam, expectare. Nam cum sit
488 2285 1960 2359 hiaec doctrina moralis, sufficit in ea, iuxta Philosophi docu¬
487 2331 1958 2412 mentum, tipo dicere, & ea, quae dicuntur, per authoritates San¬
491 2411 890 2490 ctorum probare.
519 2491 1952 2556 §. Nolietiam, Lector Pie, de Autliore, seu potius Compila¬
483 2560 1969 2611 tore huius libelli, sicut nec de calamo, quo scriptus est, cu¬
478 2633 1959 2690 riose inquirere; sed attende authoritates Sanctorum in eo con¬
483 2694 1977 2779 tentas, non ab homine, sed i spiritu Sancto esse, sicut & alia
