2592 3508
534 153 2060 277 cloquia Sacrae Scripturae vtenim ficit Grenorilissili Ieie ilt¬
542 258 2065 349 Ridiculum profecto esset; Episptolarum ,ui horem scire seisumqule tei
543 306 2051 436 gnoscere; sed quali calamo carum verbd impressa fuerint, soiiet
542 387 2051 484 re. Cumargo rem cognoscimus, eiusque Authorem Spiritum Sant
545 441 2026 550 ctum tenemus, quando Scriptorem quaerimus, quid aliude agimus
542 499 1598 591 nisi legentes literas de calamo percunctamur;
606 586 2065 685 §. Noli etiam, Eector Benigne s aut propter imperitiam
547 633 2030 758 Compilantis aut propter rusticitatem sermonis; aut forte
530 681 2070 807 propter inconsequentiam ordinis; ea quae hic ad instrustio¬,
531 784 2051 883 nem Simplicium vtiliter colliguntur; ante plenam inspectioa;
526 856 2040 932 nem indignando respuere; sed prius, si placet, animo patientil
536 922 2026 992 cuncta diligenter inspiciendo reuolue; post haec vero) prout
529 987 2013 1077 tue insederit rationi, aut recipe, aut contemne; ne si forte an¬
529 1048 2046 1133 te contempseris, videaris illa magis ex odio, quam ex recto iu¬
523 1111 2059 1217 dicio reprobare; quemadmodum dicit Hieron. In prologo Isaiae,
530 1170 2065 1278 his verbis. Legant prius, & postea despiciant; ne videantur, non¬
535 1256 2029 1330 ex iudicio, sed ex odii praesumptione, ignorata damnare. Et Rus
529 1322 2005 1412 gustin. dicit in lib. De Mendacio. Sane quisquis legis, nibilte
523 1384 2049 1501 prehendas, nisi cum totum per legeris; & ita forte reprelendes miniis;
1076 1441 1541 1549 Explicit Prologus,
