2592 3508
910 1510 1961 1633 RIM A ergo distinctione huius Tra¬
926 1587 1962 1692 ctatus, ad sciendum, Qui sint Pseudo¬
920 1665 1965 1748 Praedicatores & Penetrantes domos; &
927 1740 1969 1835 quomodo periculosi sint Ecclesiae generali;
937 1785 1972 1890 notandum est prius, quod cum duae
938 1858 1975 1963 persecutiones generales praecesserint in Ec¬
934 1923 1963 2020 clesia Christi; prima videlicet violenta,
461 1985 1980 2116 quae suit per apertos TVrannos, tempore Apostolorum, & pri¬
459 2073 1962 2157 morum Martyrum, Christianos generaliter occidentes; secun¬
506 2112 1976 2230 da vero fraudulenta, quae suit per apertos Haereticos, per frau¬
510 2183 1972 2299 dem hypocrisis Christianum populum decipientes, & Scriptu¬
511 2252 1971 2364 ras peruertentes; tertia sequetur composita ex vi, & dolo, simili¬
516 2325 1976 2430 ter generalis, per quosdam Falsos Fratres, vt patebit paulo post;
528 2386 1980 2505 primo per fraudem hypocrisis simplices fideles Christi, tam
528 2458 1990 2565 Praelatos Ecclesiarum, quam eorum subditos decipientes, vt
511 2532 1983 2622 ostendetur infra, eadem, & 3. & 4. distinct. tandem vero
523 2601 1982 2701 resistentes sibi, vel sibi non fauentes, per Maiorum adeptam
523 2660 1990 2779 potentiam opprimentes; & ad magis nocendum in¬vnum se
1654 2707 1995 2813 coniungentes
