2592 3508
475 203 1938 308 qui veniunt lad vos, Glos. vt decipiant, in vestimentis ouium.
492 279 1950 357 Gloss. August. Vestimenta ouium sunt blanda verba innocentium,
493 332 1959 424 caeteraque Religionis signa. Item Augustin. Ieiunia & orationes
500 387 1959 488 sunt simulatis, sicut & bonis. Sequitur. Intrinsecus autem sunt
494 450 1956 564 Lupi rapaces. Chrysostomus. Nihil halunt dulce, vel mansuetum,
506 513 1968 621 nisi vsque ad pellem ouis, id est, nisi opera exteriora, quae sunt man¬
505 604 1971 695 suetudinis, & Religionis signa. Item Glos. In humilitate ambu¬
509 663 1960 785 lant, ex falsa Religione, & ideo cauete, ne vos dilanient blanditiis,
505 707 1967 824 && simulationibus. Item super eodem dicit Origenes in Homil.
510 778 1977 885 Nolite ad vultum attendere, sed ad opera; nolite vultum considera¬
520 841 1980 948 re; sed inspicite figuram fallaciae. Istos appellat Dominus latam
518 926 1972 1035 portam, & spatiosam viam, quae ducit ad perditionem. Matth. 3.
522 970 1992 1093 quoniam multos seducunt, & secum ad perditionem trahunt,
537 1034 1986 1146 vt ostendetur infra. Vnde super illud, Attendite a Falsis
521 1122 1996 1221 Prophetis, dicit Origenes in Homil. Quos paulo superius latam
529 1184 1988 1287 portam, & spatiosam viam, quae ducit ad perditionem nominauit,
530 1234 1996 1343 hos nunc apertius Falsos Prophetas ostendit. Nec dicas ista tan¬
534 1298 1991 1407 tum esse intelligenda de Pseudo Haereticis, licet de Haereticis
534 1361 1995 1480 specialiter exponantur in Glos. quia secundum eandem Glos.
544 1439 1996 1540 similiter possunt exponi de Pseudo non Haeneticis, sed tantum
546 1501 2004 1606 Simulatoribus, seu Hypocritis. Vnde Glos. ibid. Licet hoc de
535 1562 2019 1669 omnibus illis, qui aliud habitu & sermone, aliud opere ostendunt,
540 1625 2003 1734 id est, de Hypocritis omnibus, possit accipi, tamen specialiter de
551 1691 2016 1805 Haereticis. Chrysostomus autem vult, quod intelligatur hoc,
557 1755 2022 1868 non de Pseudo Haereticis, sed de Pseudo Hypocritis, sic dicens
550 1819 2022 1933 super Iocum istum. Pseudo-Prophetas, non Haereticos, hic mihi in¬
570 1910 2022 1997 sinnare videtur; sed eos, qui vitae sunt corruptas, faciem autem vir¬
560 1954 2029 2061 tutis circuminduuntur, id est, Hypocritae Patet ergo, qualiter Do¬
559 2018 2028 2132 minus praedixit, Pseudo-Prophetas in multitudine esse futu¬
559 2090 2030 2196 ros, & multos decepturos; & ideo esse diligenter cauendos.
630 2154 2034 2270 §. Apostolus autem Prophetigans de ffuturis periculis 2.
570 2219 2047 2325 Timoth. 3. dicens, Hoch autem scito; quod innouissimis diebus in¬
577 2306 2050 2396 stabunt tempora periculosa, secundum quod dictum est supra in
568 2353 2046 2460 Prologo; & describens eos, qui futuri erant causa periculi, di¬
567 2435 2048 2532 cens, Et erunt homines se ipsos amantes, cupidi, elati, &c. Vnde
571 2482 2056 2588 ibi dicit Glos. Hec est causa periculi, quialerunt homines seipsos
571 2573 2042 2661 amantes, &c. praecipiensque illos euitari dicens, Et hos deui¬
568 2618 2047 2726 ta; Consequenter inter illos, qui futuri erant causa periculi,
565 2706 2051 2799 specialiter tractat de Penetrantibus domos dicens, Ex his sunt,
