2592 3508
546 166 2029 280 qui penetrant domos, &c. Quasi diceret, Ex omnibus praedictis,
551 266 2048 343 videlicet, cupidis, elatis &c. conuenient aliqui in sestam illorum;
547 330 2037 423 qui penetrant domos; vel, De numera praedictorum honinum per quos
547 388 2045 478 instabunt tempora periculosa; sunt illi; qui penetrant domos Et Re
545 452 2020 543 forte crederetur Apostolus loqui de illis tantum, qui tempore
551 506 2014 615 suo penetrabant domos; eo quod dicit penetrant de praefenti
546 587 2027 663 non autem penetrabunt de futuro; idleo ostendit Gloss. quod
543 646 2055 732 Apostolus intellexerit etiam de futuris in multitudine maiori¬
552 720 2014 805 venturis. Vnde Gloss. Iam horum praenuntii quidam sunt
548 779 2032 883 sed plures in fine futuri sunt. Quasi diceret. Iam sunt aliqui
543 861 2057 948 in Ecclesia, qui penetrant domos; sed pauci, tanquam praecursor
549 922 2070 1011 res & praenuntii, respectis eorum, qui in fine, id est, consequene
549 985 2045 1070 ter, vsque ad finem mundi in multitudine sunt futurt.r; Non
548 1046 2035 1125 ergo dicas in fine, id est, in finali tempore tantum illiuo, fa¬
548 1113 2032 1200 mosi Antichristi, qui dicitur Homo peccati, Filius perditionis,
548 1177 2040 1244 2. Thess. 2. sed in fine, id est, tempore simili finali tempori An¬
542 1249 2017 1317 tichristi; id est, quando imminet similis persecutio persecutio¬
541 1315 2037 1411 nibus Antichristi. Vnde super illud I. Ioan. 2. Scimus quia
548 1384 2037 1476 nouissima hora est, dicit Glossa, Id est, similis nouistimae; quia si¬
544 1447 2034 1535 milis est haec persecutio illi futurae. Similis autem persecutio
545 1490 2012 1602 futurae persecutioni Antichristi, est illa, quae sit per Pseudo
541 1563 2017 1674 Praedicatores etiam in praesenti. Vnde de Antichristodo
541 1640 2033 1750 quens Apostolus 2. Thess. 2. dicit, Mosterium iam operatur
542 1712 2040 1796 iniquitatis. Gloss. Iam in ipsis initiis accessionis inuenitur iniqui
548 1772 2029 1869 tas Antichristi, sed mostica; Id est pietatis nomine palliata; ve ve¬
549 1823 2038 1938 lint haberi Ministri Christi, cum sint Pseudo. Ecce quomodo
543 1899 2026 2003 persecutionem; quae est per Pseudo; appellat persegurionem
543 1970 2056 2061 Antichristi, propter similitudinem. Item I. Ioan. 3. Nuno
541 2035 2030 2123 autem multi facti sunt Antichristi. Glos. Cum quanto impetii &
545 2097 2032 2188 terrore audistis Antichristum venturum, cum tanta violentia; & isti
552 2162 2004 2249 veniunt; videlicet, Pseudo-Praedicatores. Ecce quomodo Pseu
552 2219 2024 2342 do appellat Antichristos, proptersimilitudinem persecurionis.
547 2286 2023 2386 Quando igitur dicit Glos. de Penetrantibus domos, Quod iam
551 2346 2023 2455 horum praenuntii quidam sunt sed plures in fine futuri sunt; sumi
537 2427 2048 2532 tur ibi In fine largo modo, scilicet, pro tempore futuro vsque
546 2499 2042 2586 ad finem mundi; quemadmodum Apostolus Ioquens de peri¬
542 2561 2044 2671 culis nouissimorum dierum, Dies nouissimos appellauit largo
553 2626 2001 2709 modo, sciliret, totum tempus futurum antes finem mundi
552 2678 2052 2808 sicut & Beatus Ioannes dicens Nouissima hora est; I. Ioan. ae¬
