2592 3508
487 153 1953 254 nouissimam horam appellauit largo modo, scilicet, totum tem¬
494 217 1963 310 pus futurum ante finem mundi. Vnde Augustin. in Epistola
487 282 1965 378 Ad Hesochium De fine mundi. Dicit etiam, sicut admones, Aposto¬
490 354 1956 445 lus Paulus, in nouissimis diebus instabunt periculosa tempora &
488 432 1962 508 reliqua; sed nunquid ideo docet tempora, quae Pater posuit in sua po¬
497 482 1972 573 testate) Aut ideo quisquam nouit, quam longa, vel breuia sint ea¬
494 546 1963 640 dem ipsa, quae fatendum est esse nonissima? cogitare quippe debi¬
499 626 1962 716 mus, quam olim dictum sit, Fratres, nouissima hora est. Quasi di¬
495 683 1977 780 ceret. Etsi forsan videantur instare in praesenti quaedam illorum per¬
501 761 1969 844 culorum, quae dixit Apostolus futuraan nouissimis diebus; non tamen
499 823 1983 928 propter hoc credere debemus finem mundi statim instare, quoniam
514 875 1983 980 Apostolus nouissimos dies appellauit, totum tempus futurum ante si¬
506 938 1820 1044 nem mundi, sicut & Ioannes, cum dixit, nouissima hora est.
575 1027 1989 1115 §. Isti ergo Deceptores, non solum expectandi sunt futuri
519 1074 1989 1172 tempore Antichristi; sed etiam quidam praecursuri sunt, &
526 1137 1988 1238 viam praeparaturi Antichristo. Vnde Isidorus in lib. De
519 1203 1990 1299 Summo Bono cap. 20. Antequam veniat Antichristus, multa
529 1282 1983 1371 eius membra praecesserunt, & praecipuae actionis merito caput pro¬
521 1336 1988 1448 prium praeuenerunt. Item Rabanus super Matth. Iib. 9. cap. 43.
522 1402 1998 1500 Hi tanto plures erunt, & magis abundabuut, quanto magis appro¬
518 1481 1993 1581 pinquabunt ad finem. De quibus forte dicit Hildegardis in
524 1537 2001 1629 Epistola supradicta. Isti autem illi Deceptores non sunt, qui ante
528 1601 1988 1693 diem nouissimum venturi sicut, cum Diabolus in altum volauerit,
547 1665 1995 1757 vt ipse in initio pugnare caepit, sed praecurrens germen illorum. Qua¬
533 1738 1999 1828 si diceret. Isti Deceptores Ecclesiae, de quibus nunc loquor, non sunt
532 1808 2004 1892 illi, qui venturi sunt cum Antichristo, sed erunt praecursores &
542 1875 2014 1979 germen illorum, qui futuri sunt tempore Antlchristi. Videtur
543 1923 2007 2028 autem Diabolus volaturus in altum tempore Antichristi; quia
535 2010 2005 2093 tunc soluetur eius potentia, vt magis nocere possit. Apoc. 20.
530 2058 2014 2156 Soluetur Satanas, & exibit, & seducet gentes, quae sunt super qua¬
541 2125 2016 2220 tuor angulos terrae, Gog & Magog. Quod splenius exponetur
542 2202 1457 2291 infra dist. 3. §. Non igitur credendum est.
606 2227 2012 2365 §. Quoniam igitur futura est persecutio per Falsos Fratres,
557 2345 2018 2419 inter quos praecipui erunt Pseudo-Praedicatores, & Penetran¬
555 2404 2018 2484 tes domos, vt dictum est, & ostendetur plenius infra ead. dist.
553 2451 2017 2557 Ideo primo videndum est, Qui sint Pseudo-Praedicatores; de¬
554 2523 2019 2621 inde vero dicemus, Qui sint illi, qui penetrant domos, infra
554 2599 2024 2690 ead. dist. §. Post haec autem; Tertio, Qualiter procedent vtrique in
559 2672 2030 2758 seducendo fideles Christi, infra ead. dist. §. Nunc autem viden¬
