2592 3508
569 159 2072 243 Nononinis, qui dicit, Domine; Donins, dicit Pblure Pinibs sodi
573 214 2076 316 uendum est ab his, qui propter nomen Christi Ieridii ppir atile Pi¬
574 307 2073 368 bent; quae cum propter infideles Dominus fecerit; moniuit tamen eiie
571 340 2076 437 a talibus decipiantur, putantes ibi esse inuisibilem sapientiam; vbroesti
585 419 2067 500 visibile miraculum. Vnde adiungit, multidicent in diciilla; Domia
583 493 2052 575 ne, Domine, nonne in nomine tuo prophetauimus, GciEt infiat
572 552 2065 643 Quam mundo ergo; & simplici oculo opus est, nit inuentatur via sa¬
575 628 2029 718 pientiae inter tot deceptiones. Ita dicit Glossa. Praefertim auten
572 693 2049 772 appropinquante fine mundi suspecta debent haberi itacula,
572 768 2056 839 ne forte sint causa errorem; quoniam appropinquante fine
584 823 2070 899 mundi magis ac magis multiplicabuntur errores. VndE Mdronist
578 904 2035 970 24. dicit Dominus, Multi venientlin nomine nmeo; Glus. IA neli
571 953 2055 1037 christi pro Christo. Et multos seducent. Chrysost. in Glos. Ho¬
569 1022 2055 1108 mo circa mortem phantasias videt sicmundus in exiti suo multos pa¬
566 1087 2050 1173 tietur errores; quis enim poterit in finali Ecclesia erroribus non sedu¬
566 1166 2058 1236 duci, cum viderit satellites Antichristi miracula facientes; occidendo
578 1220 2059 1301 Martyres Christi tDe hoc Gregorius Iib. 32. Moral. Nunc enim
573 1301 2059 1374 fideles nostri mira faciunt, cum peruersa patiuntur. Tune auteni
563 1360 2059 1447 Echemoth huius satellites, & cum peruersa inferunt, mira facturi
576 1427 2064 1512 iunt. Pensemus ergo, quae erit humanae mentis illa tentatio; quan¬
567 1507 2056 1574 do pius Martyr & corpus tormentis subijcit; & tamentante eius
573 1552 2055 1644 oculos miracula Tortor facit. Cuius tunc virtus non ab ipso cigitas
566 1608 2046 1708 tionum sundo quatiatur, quando us; qui flagris eruciat; signis corusi
560 1699 2048 1773 cat? Item Isidorus in lib. Le summo bono, cap. Soloquens de
567 1750 2061 1837 nouissimis temporibus ait. In tempore illo per patientiam gloriosi
557 1813 2039 1899 erunt Sancti, non per miracula, sicut fuerunt priotes. Et infra,
564 1886 2050 1962 Proinde & durius bellum sustinebunt, quia non solum; contra per¬
564 1953 2061 2034 sequentes, sed etiam contra miraculis coruscantes dimicaturi ssunt
559 2018 2050 2101 Ideo igitur suspecta debent haberi miraculalins finali Eoclesidi¬
560 2080 2045 2179 quia tunc cessabunt ab Ecclesia virtutes, & signa. Vnde Iside¬
547 2156 2085 2227 rus in eodem lib. cap. 29. Antequam Antichristus appareat, vire;
559 2211 2030 2293 tutes ab Ecclesia & signa cessabunt; quatenus eam abiectiurem
555 2283 2058 2379 persequatur audacius. Item super illud Psal. 5. Inclinabir se &
554 2363 2006 2437 cadet, cum dominatus fuerit pauperum, dicit Aug. de Antaichriste
549 2440 2052 2512 & Ministris eius. Cum illa signa facere caeperit; quanto mirabilio
551 2513 2085 2586 ra videbuntur hominibus, tanto illi Sancti; qui tunc erunt; gones;
551 2558 2046 2640 temnentur, & quasi pronihilo habebuntur; quos ille, cui per institium
554 2621 2031 2699 & innocentiam resistent;s mirificis fabtis superaren idebitur. Idcir¬
548 2683 2070 2790 co dicit Apostolus 2. Thess. 2. ogamus oso Fvtres; peri adiis
