2592 3508
426 155 1932 227 uentum Domini nostri Iesu Christi, vt non cito moueamini ai vestro¬
440 225 1923 300 sensu. Licet igitur Morses per miracula sibi a Deo iniuncta pro¬
434 290 1935 364 bauerit se missum a Domino fuisse, non tamon sola miracula
440 364 1925 440 probarent hodie aliqua miracula facientem missum esse a
441 428 1931 492 Deo, nisi constaret illa data esse a Deo ad diuinae missionis
438 490 1625 558 indicia; vel nisi suam probaret aliter missionem.
542 554 1932 629 §. Item notandum est, quod licet Ioannes suam probaue¬
443 634 1933 700 rit missionem authoritate Isaiae Prophetae, quam de semetip¬
448 689 1926 756 so exposuit, vt ostensum est paulo ante; si tamen alius Praedi¬
454 772 1935 828 cator vellet probare suam missionem authoritate alicuius Pro¬
456 817 1932 908 phetiae, quam exponeret de seipso, non esset ei credendum,
453 883 1951 957 nisi etiam Deus de ipsius missione illi testimonium perhiberet,
449 954 1947 1028 sicut fecit de Ioanne cum dixit Matth. II. Hic est, de quo scriptum
449 1041 1945 1112 est; Ecce ego mitto Angelum meum ante faciem tuam, qui praepara¬
451 1092 1953 1181 bit viam tuam ante te. Sic ergo habemus, Qui sint a Deo missi,
455 1146 1948 1220 non per hominem; & qualiter suam probare debeant missio¬
467 1241 598 1293 nem.
494 1274 1947 1356 §. Missi autem a Deo per hominem, sicut Iosue per Moysem,
463 1347 1949 1418 & sicut Praelati Ecclesiarum per Ecclesiam, vel aliqui non Prae¬
462 1409 1959 1484 lati per Ecclesiae Praelatos, canonice mittuntur id est ad regi¬
464 1482 1956 1552 nem animarum eliguntur, vt ostendetur infra ead. dist. §. Quo¬
470 1546 1959 1620 niam igitur, vt dictum est. Et talis missio probari debet per.
470 1609 1959 1690 canonica monimenta, sicut alia, quae per Ecclesiam siunt. 2. di
476 1681 1220 1770 I. cap. Legum Ecclesiasticarum.
536 1762 1974 1827 §. Item eorum, qui missi sunt a Deo per hominem, quidam;
476 1810 1965 1901 praedicant veritatem Diuinae Scripturae, quidam vero falsa;
483 1874 1977 1948 contra, vel praeter authoritatem eiusdem Scripturae. Contra.
485 1956 1981 2020 veritatem Diuinae Scripturae praedicant, non solum illi, qui
479 2027 1971 2100 praedicant contra fidem, sed etiam illi, qui praedicant contra
468 2093 1956 2157 moralem doctrinam Christi, vel Apostolorum, vel Prophe¬
478 2145 1975 2213 tarum, vel aliorum Sanctorum Patrum. Contra doctrinam.
473 2215 1969 2291 autem Christi praedicant, qui docent & praedicant opera poeni¬
481 2295 1981 2375 tantie, & alia bona opera, non solum a perfectis, verum etiam a.
475 2367 1971 2419 quibuscumque infirmis, contra vel praeter mores Ecclesiae, de¬
474 2410 1971 2484 bere publice ostentari, id est per aliquas nouitates, seu alia in¬
476 2474 1974 2547 dicia exteriora ostendi; hoc enim est contra doctrinam Chri¬
471 2546 1980 2618 sti Matth. 5. & §. vt ostendetur plenius infra dist. 4 in 1o. si¬
477 2638 1967 2700 gno. §. Sed sunt aliqui, & duobus sequentibus Paragraphis.
470 2700 1974 2778 Similiter illi, qui praedicant omnes facientes miracula, prop¬
