2592 3508
555 133 2072 249 ter nomen Christi debere recipi,s&t iis credi tans inisl siulitis
553 219 2065 318 Dei; hoc enim est contra doctrinmuisehiristi Matisi &&e
550 288 2058 377 Matth. 24. vt ostensum est supra seno iii §. Nerantiam, &
554 352 2034 444 ostendetur infra dist. 4. in 1§. figno. Contra doctrinam Apo¬
553 434 2063 517 stolicam, & Sanctorum Doctorum, praedicant illi, qui praedis
556 497 2048 579 cant mendicationem pauperum Christi, non solum esse lieitam,
550 551 2049 642 verum etiam esse opus perfectionis, licet non sintinualidiinec
546 632 2058 710 occupationibus Ecclesiasticis penitus impediti; inec aliter a
562 700 2028 787 praecepto Apostoli, de operando corporaliter propter victum
552 766 2030 846 legitime excusati; hoc enim contrarium est doctrinae Apostolii
558 840 2070 909 & Augustini, & multorum aliorum Sanctorum Doctorum, vti¬
553 905 2022 986 ostendetur plenius infra, dist. 2. Contra doctrinam Propheti
563 984 2035 1045 cam praedicant illi, qui Canonicam Scripturam, noniuxta ex¬
554 1026 2059 1121 positiones Sanctorum, sed iuxta voluntatem suam; confra¬
549 1087 2021 1172 Scripturae veritatem praedicando exponunt; contra illud feres
557 1162 2041 1247 miae 3?3. Qui habet sermonem meum, loquetur sermonem meum ve¬
547 1236 2035 1310 re. Et isti omnes Pseudo praedicant falsa, contra veritatem
555 1311 820 1384 Scripturae.
593 1355 2028 1445 §. Praeter veritatem autem Scripturae praedicant falsa; qui vt
547 1419 2070 1516 Auditoribus suis placeant, quaedam singunt, quae non sunt Deis¬
560 1503 2016 1579 verba, sed sua; contra illud Exech. 3. Fili hominis, vade ad do
557 1560 2040 1637 mum Israel, & loqueris verba mea ad eos. Quasi diceret. Non
562 1627 2032 1706 verba tua loqueris, sed mea; Id est non verba ficta, sed scripta. Vn¬
548 1702 2035 1772 de Glos. Qui in expositione sacri eloquii, vt Auditoribus placeat
545 1755 2033 1843 aliud fingit; verba sua loquitur, non Dei. Sic faciunt illi; qui
557 1812 2028 1917 praedicando fingunt aliqua fabulosa, per quae magis plausum
550 1902 2036 1977 quaerunt populi, & fauorem, quam ens excitare ad lacrymas,
551 1950 2073 2037 & compunctionem; contra illud Ecclesiastici 22. Mdusita ini
547 2016 2038 2102 luctu importuna narratio. Glos. Eos notat, qui in Ecclesia plausunt
543 2101 2010 2189 populi, & sauorem quaerunt, nec magnam compunctionem lacryma
547 2147 2028 2235 rum excitant. Item Bernardus sermone §9. Illius lubentis;
542 2229 2018 2302 Doctoris audio vocem, qui non mihi plausum, sed planctum modeat
555 2279 2037 2370 Hoc autem est contra doctrinam Apostolis Timotheum Epis¬
553 2349 2021 2434 copum, & Praedicatorem Apostolicum instruentis, vt tales fis
542 2434 2043 2503 ctiones & fabulas in sua praedicatione debeat euitare. Vnde I.
544 2497 2052 2571 Timoth. 4. Ineptas autem, & aniles fabulas deuita. Quidam
542 2552 2031 2641 etiam, vt in maiori honore inter homines habeantur, praedis
550 2621 2034 2700 cant quaedam falsa ad honorem suum pertinentia, nee stripta,
547 2698 2036 2800 nec tamen scriptis contraria; sub eo praetextu, quodad laus
