2592 3508
541 150 1945 257 veritatis sed eam tollunt; qui racent, quodessert ilocenideo pis
597 233 2031 324 §. Eorum autem; qui missi a Heg per honilne Praeficane¬
532 319 2034 407 veritatem Diuinae Scripturae, quidam verstate, int est vericit
537 385 2022 464 animo, praedicant veritatem, id est amore veritatis; & vtilis
537 438 2030 522 tate Auditorum; & isti vere dicuntur Pastores. Vnde super
538 514 2014 607 illud Philipp. I. Quid enim, dum omni modo;isiue per oceastua¬
541 580 2023 661 nem, siue per veritatem Christus anpuntietur t. dicit Glos. guster
541 641 2036 735 veritate, veritatem annuntiat propter veritatem. IEt dicuntur
548 702 2031 785 Pastores, quia non propter aliud, nisi propter Deum; & ex
554 785 2027 871 amore pascunt, sicut Filii gregem Patris. Vnde super illud Ioan.
550 855 2038 941 10. Mercenarius autem, & qui non est Pastor &ci dicit Glos.
545 897 2023 1002 Praepositi vero, id est, Praelati, qui. Tilii sunt; sunt & Pastores;
541 974 1800 1052 id est, qui ex amore pascunt, ficut Filii gregem Patris,
593 1038 2034 1144 §. Quidam vero alii praedicant veritatem Diuinae Scriptum
538 1118 2034 1192 rae sine veritate, id est non veracranimo. Et istorum duo sunt
541 1184 2003 1275 genera. Quidam enim, siue ordinarie, siue extraordinarig
547 1260 2029 1339 canonice tamen intrantes ad officium Praedicatoris, sine veri
548 1312 2008 1392 tate, id est, non vero animo, videlicet, non ex amore veritatis
545 1390 2022 1469 nec propter vtilitatem Auditorum, praedicant veritatem; sed
553 1444 2030 1534 ex occasione, id est, pro aliqua temporali mercede; & isti prao¬
550 1517 2031 1602 prie Mercenarii dici possunt. Vnde super illud Philipp. I. Quid
545 1588 2031 1678 enim, dum omni modo, siue per occasionem, siue per veritatem Sfirie
553 1637 2031 1724 stus annuntietur? dicit Glos. Mercenarius occasione rei temporalii
563 1719 2031 1797 veritatem annuntiat, aliud quaerens. Item super illud Ioan. Ios
550 1776 2038 1858 Mercenarius autem, & qui non est Pastor, dicit Glos. Mercena¬
542 1840 2046 1923 rius est, qui quaerit quae sua sunt, non quae Christi qui seruit Deo, non
548 1902 2039 1972 propter Deum sed pro aliqua mercede; qui culpabius est, & nonfilius.
545 1970 2030 2052 iste tamen necessarius est, & tolerandus, vt dicit Glos. ibid quos
560 2047 2037 2118 niam plurimum multis proficit; & ideo etiam tolerabilis esti
547 2111 2027 2181 quia canonice intrat. Vnde super illud Ioan. 10. Quotquor vener
533 2172 2035 2248 runt, sures sunt & latrones, dicit Glos. Mercenarius bene & sd¬
535 2247 2040 2340 nonice intrat, propter hoc solum Mercenarius, quia venienti Eupo
540 2296 1303 2388 non resistit, sed pro mercede cedit.
577 2386 2051 2465 §. Quidam autem canonice, sed tamen extraordinarre; ine¬
553 2449 2002 2529 trantes ad officium Praedicatoris, sine veritate; id est in dolo
538 2501 2038 2603 praedicant veritatem subditis alienis, ad quos erudiendos miti
558 2578 2034 2675 tuntur; videlicet, vt sic eos sibi alliciant; & per consequen¬
545 2644 2016 2752 tiam, ab eorum Praelatis auertant; & ita eos, quasi suos facien¬
548 2704 2006 2837 do seducant, id est, a suis Praelatis, siue a suorum consiliis Prae¬
