2592 3508
536 168 1988 253 Pseudo sunt, id est fallaces; & tunc Ecclesiae Dei magis os.
543 240 2001 308 ficiunt, quam proficiunt; quoniam ex tali seductione mala
543 306 2004 387 plurima subsequuntur, vt ostendetur infra ead. dist. §. Ex hac
536 387 2005 448 autem seductione. & §. Contemptus veroi & §. Postquam
530 441 1995 500 autem. & Paragraphis sequentibus, vsque ad finem distin¬
541 506 712 573 ctionis.
631 571 2007 637 §. Nec mireris, si Praedicatores missi, saliquando Pseudo
543 633 1999 702 dici possunt; quia sicut dicit Gloss. Rom. 19. super illud Quo¬
534 722 2008 786 modo praedicabunt, nisi mittantur? Etiam Psdudo bene nuntiantes
529 770 2001 859 misit Dominus, qui in bonum mala nouit vti; aliquando etiam ma¬
536 834 1996 897 los malis mittit in iram, id est praedicare permittit malos malis,
534 899 1995 964 ad eorum poenam, vt vicissim per se, sicut iustum est, pereant, me¬
527 977 1995 1028 ritis eorum exigentibus, vt dicit Glossa ibidem. Nec etiam
539 1043 2002 1108 mireris, si Pseudo quandoque bene annuntient, & praedicent
551 1114 2004 1180 veritatem, & multis proficiant, vt dicit Glossa Philipp. I.
535 1162 2010 1256 super ilud, Quid enim, siue per occasionem, siue per veritatem Chri¬
530 1235 1991 1308 stus annuntietur; & super illud Ioan. 10. Mercenarius autem, &
543 1290 2013 1383 qui non est Pastor &c. cum idem plurimum praedicent Pseu¬
540 1361 1998 1428 do, quod veri Apostoli. Vnde 2. Corinth. II. super illud, Nam
531 1426 1988 1507 sii, qui venit, Christum alium praedicat, quem non praedicauimus
546 1506 1989 1580 &c. dicit Gloss. Pseudo nihil aliud praedicant, quam ego, sed idem.
527 1539 1994 1636 Item in eodem cap. super illud, Existimo me nihilminus fecisse
526 1627 1993 1692 a magnis Apostolis, dicit Gloss. Quidam fauebant Pseudo¬ Apo¬
522 1688 2009 1774 stolis, a quibus tamen eadem audiebant verbis compositis, quae ab
536 1754 2012 1821 Apostolo; Constat autem quod ab Apostolo non audiebant,
540 1835 2003 1909 nisi veritatem; Ergo Pseudo plurimi praedicant veritatem; &
542 1901 1994 1964 tamen nihilominus Pseudo sunt, id est fallaces, quia praedi¬
534 1968 1997 2042 cant veritatem in dolo, vt ostensum est paulo ante; quemad¬
536 2018 1995 2092 modum Diabolus, quando bona seductorie dicit, vt dicit Gloss.
533 2068 1755 2156 super illud I. Cor. 12. Alii datur difstretio spirituum.
614 2166 2001 2235 §. Quoniam igitur vt dictum est, quidam Praedicatores
536 2224 1999 2299 mittuntur a Deo tantum, vt ostensum est supra. ead. dist. S
543 2282 2014 2357 Eorum autem; quidam vero mittuntur a Deo per hominem,
534 2346 2000 2419 vt ostensum est supra ead. dist. §. Missi autem; a Deo au¬
524 2419 2015 2487 tem per hominem mittuntur, qui ab Ecclesiarum Collegiis;
535 2489 1992 2559 vel ab earum Praelatis recte ad animarum regimen eliguntur,
532 2556 1998 2641 vt probatur per Gloss. super illud Hebr. 5. Nec quisquam assu¬
525 2619 2011 2692 mit sibi honorem, sed qui vocatur a Deo tanquam Aaron, vbi di¬
519 2683 2006 2756 citur, A Deo vocatur, qui recte eligitur; Sciendum est, quod a
