2592 3508
463 163 1937 261 quos Dominus Papa, qui est summus Episcoporum, & Ordi¬
467 218 1943 316 narius singulorum, ex causis praedictis, secundùm quod iudi¬
466 305 1940 380 cauerit expedire, mittit per diuersas Ecclesias) vel Prouincias,
464 370 1951 459 ad praedicandum, vel ad aliud regimen animarum. Extra, De
478 433 1206 517 Hareticis, cap. Cum ex iniuncto.
545 496 1971 571 §. Verum si Dominus Papa infinitis & incertis, a se, vel
472 564 1956 644 ab Ecclesia, non electis, & sibi non cogniuis vel probatis
483 641 1955 703 prius CV 6. vniuersis Monachis Cluniacensis, aut Ci¬
478 698 1956 773 sterciensis Ordinis, aut quoscumque Abbates eorum duxerint
486 753 1959 843 destinan dos) concedat in generali licentiam praedicandi, con¬
481 818 1969 910 fessiones audiendi, poenitentias iniungendi, in quibus maxi¬
485 890 1955 973 me consistit regimen animarum; non est verssimile, quod per
475 946 1966 1043 talem licentiam in generali concessam intendat, eos facere vni¬
490 1035 1959 1111 uersales Apostolos, vel etiam vniuersales Opitulationes Ec¬
493 1083 1968 1174 clesiae vniuersae, habentes scilicet generalem & liberam po¬
494 1145 1977 1239 testat em exercendi praedicta officia in omni Ecclesia Christia¬
488 1217 1979 1309 norum, irrequisitis Praelatis Ecclesiasticis, vel inuitis; cum
499 1282 1972 1373 Dominus lesus Christus (cuius est Vicarius generalis & prop¬
502 1346 1987 1440 ter quod debet eum in suo regimine imitari, tamqua n eius ge¬
507 1414 1980 1507 neralis Minister, iuxta illud Ioan. 19. Qui mihi ministrat me
510 1481 1977 1568 sequatur Gloss. Id est, me imitetur) dum esset in carne mortali,
511 1556 1995 1636 non nisi certas personas a se electas, conuersatione expertas,
505 1610 1985 1700 & in suo disciplinatu probatas, miserit ad praedictum regimen
508 1665 2003 1772 animarum; videlicet, duodecim Apostolos; Lue. 9. & septua¬
516 1739 2016 1852 ginta duos Discipulos, Luc. 10. dicens eis Matth. 19. EcCE¬
524 1828 2007 1917 ego, Gloss. qui elegi, qui docui, MITTO vos, Gloss. id est, de
514 1895 2004 1965 Discipulis, missos vos facio; ideo sitis mansueti humiles, innocen¬
524 1957 2005 2028 tes. Quasi diceret. Ideo elegi vos, & docui, & probaui in meo
520 2021 2007 2108 disciplinatu antequam mitterem, vt sitis quales esse oportet, scili¬
512 2083 2001 2163 cet, mansueti, &c. Ideo autem elegit Dominus, & probauit
518 2161 2001 2229 Discipulos suos, antequam mitteret; non quod ipse probatio¬
525 2209 2001 2299 ne indigeret, qui nihil ignorat; sed vt daret sormam mitten¬
522 2274 2005 2366 tibus, quod non mitterent passim, & sine delectu; sed deli¬
530 2351 2013 2453 gerent electos, doctos, & diu probatos; praesertim cum sit Aus
533 2425 2012 2499 Artium Regimen Animarum, Extra, Destate, & qualitate Prae¬
529 2474 2017 2581 ficiendorum, cap. Cum sit Ars Artium & ideo non sine exa¬
531 2539 2025 2629 mine, nec passim quibussibet, sed solis idoneis committen¬
529 2625 2019 2699 dum. Vnde 2. Timoth. 2. dicit Apostolus Qut audisti a me
529 2671 2030 2788 per multos testes, haec commenda fidelibus hominibus, qui idonei
