2592 3508
494 201 1977 260 verisimile, summum Pontificem, Apostolicum, successorem
487 244 1964 316 & Christi Vicarium, ac generalem Ministrum, & ob hoc ad
492 336 1968 384 eius imitationem, vt ostensum est, obligatum, mittere velle,
503 379 1962 452 vel intendere, ad illud regimen, personas infinitas, incertas,
503 457 1977 531 a se, vel ab Ecclesia canonice non electas, nec sibi cognitas,
499 532 1983 596 nec probatas, vt Opitulationes generales, ihabentes scilicet
507 600 1976 669 generalem & liberam potestatem eiusdem regiminis per Ec¬
510 650 969 716 clesiam vniuersam.
561 707 1974 788 §. Item certum est, quod nullus Apostolorum, praeter Pau¬
502 777 1983 844 lum, fuerit generalis Praedicator totius orbiis Gentium; sed
509 841 1969 914 singuli ad singulas fuerunt Prouincias destinati. Vnde Rom.
502 905 1983 980 I. super illud, Segregatus in Evangelium Dei, dicit Glos. Desti¬
500 990 1971 1046 natus est Paulus Apostolus Gentibus totius orbis Praedicator; ac re¬
506 1040 1988 1109 liqui singulis Prouinciis facti sunt Legati & Praedicatores. Item B.
522 1105 1983 1173 Gregorius, licet summus Pontisex esset, tamen nihilominus
513 1182 1979 1254 vmuersalem Pontisicem se prohibet appellari; quoniam aliis
511 1234 1998 1310 subtrabitur, quod altiri, plusquam ratio exigit, praebetur, vt legi¬¬
511 1282 1995 1373 tur dist. 90. ean. Ecce in praefatione. Non est ergo visimile,
518 1380 1984 1447 quod Dominus Papa, Christi Vicarius & imitator, infinitis &
518 1422 1986 1503 incertis personis, & a se, vel ab alio Praelato canonice non cle¬
514 1513 1998 1580 ctis, nec experimento probatis, concesserin genentem Apo¬
510 1565 1991 1637 stolatum, seu Pontificatum totius orbis, vel etiam generalem
512 1645 1989 1708 Opitulationem, seu Legationem; videlicet praedictam potesta¬
518 1721 1985 1772 tem liberam eis generaliter concedendo; ne illi per hoc, ma¬
511 1761 1983 1835 iores, vel discretiores Apostolis, vel Episcopis omnibus vi¬
518 1827 1995 1902 deantur; & ne Praelatis Ecclesiae vniuersis subtrabi videretur,
527 1912 1989 1987 quod illis infinitis & incertis personis, plusquam ratio exigit,
528 1987 1987 2046 praeberetur; & sic vilesceret nomen Episcopi, & status Eccle¬
526 2040 2001 2107 siae turbaretur. Nam, vt dicit Damasus Papa, si vilescat nomen
519 2083 1575 2187 Dontificum omnis status Ecclesiae perturbatur.
567 2153 2003 2223 §. Item in Euangelio Matth. cap. 10. Apostolorum a Do¬
528 2240 2001 2299 mino electorum, & certus numerus, & certa nomina ideo
543 2290 1994 2364 exprimuntur vt praeter hos, qui futuri erant Pseudo,
527 2370 1989 2436 tamquam incerti, & non electi a Domino excluderentur. Vn¬
524 2419 2003 2500 de Matth. 10. super illud, Duodecim Apostolorum nomina haec
517 2511 2009 2587 sunt, dicit Gloss. Catalogus Apostolorum ideo hic ponitur, vt prae¬
515 2574 1997 2637 ter hos, qui Pseudo futuri erant, excluderentur. Preuidebant enim
521 2625 2002 2703 Apostoli multos Pseudo -Apostolos, & multos falsos Docto¬
525 2690 1989 2765 res in Ecclesia Dei futuros, & Praedicatores sub nomine Chri¬
