2592 3508
548 171 2041 283 sti, voluntatem tamen Diaboli facturos; propter quod proliie
550 262 2049 363 buerunt omnes Praedicatores admitti, praeter quam ipses; &
551 336 2053 409 ipsorum legitimos successores, vel qui ab eis testimonium hai¬
551 393 2024 485 berent. Vnde in lib. 4. Historiae Sancti Glementis Papae¬
558 461 2042 549 in fine, ex Sermone Beati Petri Apostoli in Ciuitate Tripolis
558 541 2038 612 ita legitur. Ne vnius & veri Dei repararetur Religio vera, Hia
560 590 2038 689 bolus festinat continuo in hunc mundum immittere Cpostquam es di¬
551 675 2053 739 xit Dominus, DOMINVM DEVMTTVVM ADORABES, PPIELE
547 735 2060 814 SOLI SERVIES) deterritus & metuens, Pseudo-Prophetas, & Pseli¬
548 799 2056 881 do Apostolos, falsosque Doctores, qui sub nomine quidem Christi
554 852 2042 952 loquerentur Demonis tamen facerent voluntatem; propter quod
551 938 2039 1019 obseruate cautius vt nulli Doctorum credatis, nisi qui Iacobi Fra¬
557 997 2030 1073 tris Domini ex Ierusalem certum detulerit testimonium; vel eius
567 1059 2073 1127 quicumque post ipsum fuerit; nisi enim quis illue ascenderit; & ibi¬
559 1127 2057 1218 probatus fuerit, quod sit Doctor idoneus & fidelis ad praedicandum
557 1194 2039 1278 Christi verbum; nisi, inquam, inde detulerit testimonium, vect
557 1258 2050 1348 piendus omnino non est. Sed neque Propheta, neque Apostolus in
547 1313 2065 1403 hoc tempore Speretur a vobis aliquis, praeter nos; vnus enim estituere
561 1385 2083 1492 Propheta, cuius nos duodecim Apostoli verba praedicamus. VicerHE
554 1450 2040 1550 ergo, quod praeter Episcopos, qui Apostolis, & praetet Pres,
563 1528 2051 1612 pyteros, qui Septuaginta duobus Discipulis fuccesserunt ve
554 1592 2034 1668 ostensum est supra ead. dist. §. Quoniam igitur alii-Praedicato
557 1653 2046 1730 res incerti, ab Ecclesia, vel a Praelatis Ecclesiae non electis vei
542 1720 2050 1808 de quorum electione, aut canonica missione inonm ednstati
554 1770 1069 1838 Pseudo sint censendi¬
607 1843 2031 1956 §. Item non est intentionis summi Pontificis velimminises
557 1922 2039 2011 re, vel arctare vel infringere, vel impedire honoremi potes
556 1970 2050 2085 statem, iurisdictionem, & officia Fratrum & supepisceporum
557 2034 2066 2138 suorum, iuxta illud Gregorii, Nec honorum meum esse depisto; in¬
553 2121 1994 2202 quo Fratres meos honorem suum perdere cognoscos meus namquebi
548 2178 2027 2261 nor est honor vniuersalis Ecclesiae; meus honor est Etatrum meorunm
555 2232 2045 2337 solitus vigor; tunc ego honoratus sum, cum singulis quibusque hondi
552 2307 2068 2424 debitus non negatur. dist. 99. ean. Ecce in praefatione. Item Grece¬
551 2383 2053 2455 rius, Absit hoc a me, vt statuta Matorum Consacerdoribus meis in
553 2451 2047 2541 qualibet Ecclesia infringam; quia mihi iniuriam facio; si-Fratrum
553 2521 2077 2616 meorum iura perturbo. 25. 42. cap. Quod vero dicituicItemGaregos
556 2578 2062 2676 rius, si sua vnicuique iurisdictio non seruatur; quid agitur aliudi
555 2637 2020 2736 nisi per nos, per quos Ecclesiasticus ordo illaesus eustodiri debuit; con
551 2701 2067 2824 fundatur; Il. 6. I. cap. Peruenit. Constat autem quod potestie
