2592 3508
564 135 2071 280 cipit, id est fute Dominieo, licet perat ea proptet Deliii Pat
570 259 2074 332 tamen niliilomilsus recipit ea gratis tartim, idem esim estin
568 313 2073 392 Predicatore, petere vel recipere sussiptus gratis; videlicet prop¬
581 390 2073 489 ter Deum tantum; & potere vel recipere illos ex debito, id
573 444 2067 519 est sure Dominico; quia debentur ex debito Charitatis. Vnde su¬
587 511 2074 610 ver illudir. Timotth. 5. Qui hene praesunt Presbyteri, duplici ho¬
575 580 2054 690 nore digni habeantur, dicit Gloss. Necestitatis est in Praedicatore
567 643 2065 747 accipere vndeqmiuitur, Charitatis autem praebere. Panis igitur
573 705 2056 809 Praedicatoribus debitus; quia ex Charitate debetur, gratuitus
573 787 2073 888 est; & gratuitus appellari debet. Vnde Augustinus in eodem
543 842 2066 957 libro cap. 9. Apostoli, sicut constituit Dominus, ex Evangelio vi¬
569 921 2050 1023 uentes, panem gratuitum manducabant ab eis, quibus gratustam
539 983 2054 1086 gratiam praedicabant. Dicitur autem panis Praedicatorum gra¬
572 1049 1980 1155 tuitus, licet sit ex Charitate debitus, quia sine corporali sas
565 1111 2028 1199 re recipitur, vt dicit Augustinus in eodem lib. cap. 3. in nt
571 1179 2072 1265 verbis, vt tantummodo spiritualiter operantes, videlicet praedi¬
570 1258 2079 1357 cando, manducent panem a corporali labore gratuitum. Ecce quod
565 1314 2066 1404 panis Praedicatorum gratuitus est, & gratuitus appellatur an
563 1380 2067 1493 Scripturis, licet Iure Dominico debeatur. Restat igitur, quost.
567 1442 2065 1557 Praedicator missus, petens vel recipiens sumptus ab Auditori¬
569 1528 2061 1622 bus suis, licet propter Deum tantum accipiat, tamen non adit,;
553 1587 2056 1674 cipit mendicatiue, sed potestatiue; & sic sumendo vtitur Re
560 1658 2047 1753 postolica potestate. Falsum ergo dicunt huiusmodi Praedie
563 1713 2049 1821 catores, dicendo se recipere sumptus ab Auditoribus suis,
548 1785 2045 1884 non potestatiue, sed mendicatiue, eo quod petant proptepi
562 1841 736 1909 Deum.
604 1901 2055 2003 §. Quod autem dicunt Aduersarii veritatis; Aliditores ; lit¬
539 1979 2058 2072 libus Praedicatoribus non grauari, nec scandalum Euane elio,
558 2042 2038 2146 fieri, quia non dant nisi gratis, falsum est hoc; immo dang
540 2114 2031 2227 frequentius propter praesentem pudorem, aut propter peten¬
551 2180 2028 2291 tium importunitatem, aut propter diffamationis, aut altesius
551 2255 2019 2345 nocumenti timorem. Cuiusmodi datum non est gratuitum,
544 2313 2040 2421 neque meritorium, sed magis grauatiuum; quia in tali dato;
546 2389 2040 2481 perditur & res, & meritum, vt dicit Gloss. super illud 2. Go¬
542 2449 2018 2547 rinth. 9. Hilarem datorem diligit Deus. Item Cassianus lig.
536 2516 2028 2620 1o. De institutis Monachorum. Si Apostolus; qui Evange¬
539 2570 2012 2698 lium praedicabat, signis illud virtutibusque commendans, ne gra¬
529 2651 2043 2756 varet quempiam, gratis panem manducare non audebat; quomodo
527 2711 2010 2823 illi aestimant non grauare, qui quotidie illum inanducare otiosi prae¬
