2592 3508
464 162 1951 259 tur; Diligenter attende iis, quibus te praeesse contigerit; Agnosce ani¬
474 221 1949 300 mos actusque singulorum; & si quid vitii repereris, statim emenda¬
468 321 1947 383 re memento. Constat autem, quod animos & actus singulo¬
477 362 1960 437 rum non potest Praelatus considerare, nec plene cognoscere,
477 449 1965 516 nisi audiendo confessiones illorum; Quis enim scit, quae sunt ho¬
479 512 1962 572 minis, nisi spiritus hominis, qui in ipso est. I. Corinth. 2. Ideo sta¬
476 579 1959 646 tutum est in Concilio generali praedicto, Quod confessiones sin¬
483 626 1968 689 gulorum audiat Sacerdos proprius, saltem semel in anno, nisi ex cau¬
483 690 1962 778 sa legitima, petita & obtenta licentia proprii Sacerdotis, confitea¬
489 762 1963 838 tur alieno. Extra De peenitentiis, cap. Omnis vtriusque sexus.
486 818 1959 899 Alienus autem, si aliter subditum alienum ad poenitentiam susce¬
485 904 1966 981 perit, gradus sui periculo subiacabit, vt habetur De poenitentia, dist.
494 970 836 1047 6. cap. Placuit.
539 1019 1973 1106 §. Sed dicunt Aduersarii veritatis, quod Sacerdos proprius ap¬
495 1083 1965 1190 pellatur, non solum Parochialis Sacerdos, sed etiam Episcopus,
505 1171 1971 1244 vel eo superior, vel destinatus ab eis; cum tales dici non valeant
500 1242 657 1308 alieni.
571 1308 1971 1372 §. Ad quod dicendum est, quod licet Episcopus, vel eo su¬
491 1352 1970 1451 perior, vel canonice destinatus ab eis, dici non valeant alieni;
500 1417 1978 1501 tamen nullus eorum in iure inquissimo Sacerdos proprius appellatur.
498 1490 1978 1572 Quod patet per Decretatem, quae per disiunctiuam coniun¬
493 1547 1970 1640 ctionem manifeste insinuat disterentiam inter proprium Epis¬
501 1625 1967 1709 copum, & proprium Sacerdotem, dicens. Quod excommunica¬
500 1682 1996 1773 tus minori excommunicatione absolui potest ab Episcopo suo, vel a
506 1753 1980 1834 proprio Sacerdote. Extra, De sententia excommunicationis. cap. Nu¬
506 1817 1988 1902 per, in fine. Vbi nota, quod ponit disiunctionem inter proprium
506 1882 1980 1972 Episcopum, & proprium Sacerdotem, cum dicit Ab Episcopo suo,
519 1938 1985 2036 vel proprio Sacerdote. Proprius ergo Sacerdos appellatur in iure
506 2030 1987 2100 nouissimo, non proprius Episcopus, sed proprius Presbyter Paro¬
511 2081 1987 2171 chialis. Sic etiam interpretatur Martinus Papa 4. verba prae¬
512 2145 1988 2237 dicta posita in dicto Concilio generali, cap. Omnis vtriusque
511 2209 1976 2301 sexus, in priuilegio, quod super confessionibus audiendis Fra¬
513 2281 1979 2372 tribus Minoribus dicitur indulsisse, vbi sic Iegitur. Volumus
507 2362 1986 2437 autem, quod ii, qui Fratribus confitebuntur, eidem suis Parochialibus
516 2411 2000 2499 Presbyteris confiteri, saltem semelin anno, prout generale Concilium
512 2475 1989 2582 statuit, nihilominus teneantur; quodque iidem Fratres eos ad hoc di¬
510 2546 1986 2636 ligenter & efficaciter, secundum datam eis a Domino gratiam, ex¬
511 2610 1991 2701 hortentur. Ibi enim loquitur procul dubio de dicto generali
518 2683 1998 2779 Concilio, & de Canone, omnus vtriusque sexus. Ex quo patet,
