2592 3508
585 142 2069 297 quod per proprium Sacerdotem intelligit; non Episcipum prae¬
578 244 1859 317 prium, sed Parochialem tantummodo Sacerabisris i¬
693 306 2059 411 §. Ex praemissis igitur pater; quod licet nori preiidircetur
571 369 2053 463 spiritualiter Episcopis per exemptlones Abbatiun; cum ex fiog
582 443 2055 521 eis nullum praeiudicium spirituale poreturs. qpraesudisetur int
556 515 2045 607 men vniuersis Praelatis curam animaruins hlabEhribuss Priete¬
565 571 2061 675 rum dignitas; & iurisdictio, atque pofestas infrifigitur; ell iis
566 643 2071 720 irrequiuitis, vel inuitis, praefatae insinita & incertit pieisunte
575 690 2052 797 in corum subditis non exemptis, exercere ulalea pe pessipi be
574 757 2052 870 indisterenter regimen animarum. Sienim generalitei sia¬
562 819 2051 935 beant ossicia Praelatorum in regimine animarum, & disi flitac
565 904 2052 979 tem ipsorum poterunt vendicare; officium enim est; puit quod
561 963 2038 1092 diguitas constat, vt dicit Gloss. super illud I. Corintle Iou itou
555 1036 1710 1131 porest dicere caput pedibus, non estis mihi pecessarii¬
643 1102 2043 1188 §. Periculum etiam spirituale paratur eisdem Praelatis, si
558 1169 2035 1250 propter confessiones a suis subditis non eatemptls suctas praesie
568 1235 2031 1325 tis infiniris & incertis personis praedictis, impecliantur Praela¬
553 1304 2029 1389 ri audire confessiones illorum, d ad hoc etiam eos compollere,
553 1358 2032 1460 si necesse fuerit, per constiturionem Concilii memorati; eum
553 1433 2025 1515 non illa in finita personas, sed Praelati praedicti de animabus
552 1489 2018 1570 subditorum suorum, vt dictum est, reneantur reddere i di¬
548 1554 2024 1662 stricto iudicio rationem, vt ostensum est paulo ante in illo s.
555 1625 2020 1723 Item forte; quod facere non possent, nisi eorum confessiones
551 1703 2033 1787 audirent, vt ostensum est supra eodem §. Constat autem ea
547 1766 2041 1835 praedictis, quod non incendit Dominus Papa Praelatis Eccle¬
542 1830 2023 1918 siarum iurisdictionem, potestatem, vel honorem auforre,
541 1893 2020 1995 val minuere, vel infringere, vel arctare, vt ostensum est supra
552 1968 2028 2061 eade dist. 3. Item non est intentionis; nec etiam pis pericnlum
542 2016 2019 2125 spirituale parare. Non est ergo verisimile, quod intendat
546 2106 2017 2198 idem Dominus Papa, quod praefatae insinitae & incertae peisoi
546 2162 2061 2258 tiae, per praefatam licentiam generalem, potestatem habealige¬
544 2210 1359 2292 supradictam in Ecclesiis vniuersis.
595 2283 2023 2387 §. Sediterum dicet aliquis. Nonne expedit Ecclesiae Dei, &
538 2346 2028 2431 Praelatis eiusdem, vt ad regimen earum detur eis multitudoO¬
529 2425 2014 2524 pitularionum siue, Coadiutorum; cum dicatur Sap. 6. Mdasticudo
533 2491 2013 2596 Sapieutium, Gloss. id est, ccetus Praedicatorum, Sanitas est or¬
525 2544 2010 2647 bis terrarum, Et Macth. 10. dicitur, Mescis quidem multd,
530 2609 2014 2717 Gloss. Id est curba populorum suscipiendo verbo, & ferendo
525 2678 2022 2790 fructui apta, Operarii vero, Gloss. Id est Praedicatores, pauoi,
