2592 3508
496 183 1977 246 Item Numer. II. Iegitur, quod, cum in castris filiorum Ifrael,
500 249 1959 316 Eldad & Medad praeter mandatum Movsis, qui erat Praelatus
492 309 1981 381 illius populi, prophetarent, & ob hoc Iosue filius Nun dixis¬
495 376 1965 447 set, Domine mi Moyses, prohibe eos; ipse tamen non prohibuist,
512 434 1975 514 sed respondit, Quid, inquit, amularis pro me; quis tribuat, vt omnis
507 521 1975 594 populus prophetet; Videtur ergo, quod Praelatus Praedicatores, e¬
509 582 1971 642 tiam praeter mandatum suum eius populo praedicantes, non de¬
497 646 1980 716 beat prohibere, sed magis desiderare & gaudere, iuxta illud A¬
518 712 1979 774 postoli Philipp. I. Quid enim, dum omni modo, siue per occasionem,
514 778 1971 848 siue per veritatem Christus annuntietur ?Et in hoc gaudeo, sed gau¬
510 826 1971 909 debo. Item Euc. 9. cum prohibuissent Apostoli quemdam sa¬
504 902 1976 980 cientem in nomine lesu Christi miracula, ne amplius faceret,
515 967 1983 1037 eo quod non sequebatur eos, ait eis Iesus, Nolite prolibere;
518 1020 1988 1107 Qui enim non est aduersum vos, pro vobis est. Ergo a simili
521 1098 1981 1173 videtur, quod habens gratiam praedicandi, non debeat prohi¬
520 1152 1993 1234 beria praedicando in nomine lesu Christi. Item Act. 19.
524 1218 1986 1301 legitur, quod Apollo Iudaeus Alexandrinus, cum esset elo¬
518 1282 1992 1379 quens & potens in Scripturis, & edoctus viam Domini,
516 1353 1998 1429 Teruens spiritu loquebatur & docebat diligenter ea, quae sunt
525 1425 1998 1496 lesu, sciens tantum baptisma Ioannis; id est nondum baptiea¬
524 1494 1992 1580 tus baptismo Christi, sed baptismo Ioannis tantum; non ta¬
526 1567 1996 1630 men fuit repulsa eius praedicatio a Discipulis, sed recepta. Er¬
518 1629 1995 1710 go quicumque potens in Scripturis, & edoctus viam Domi¬
527 1680 2003 1757 ni praedicare velit, non est prohibendus, sed admittendus;
521 1771 1998 1843 praecipue cum Episcopi multi personaliter occupati, anima¬
526 1811 2017 1892 rum regimini, sicut expedit, vacare non possint; vtpote Quos.
532 1891 2004 1966 oportet non solum de animarum regimine verum etiam de extrinse¬
529 1962 2006 2021 ca vtilitate & cautela esse sollicitos, vt dicit Gregorius dist. 39.
523 2018 806 2092 can. Petrus.
619 2076 2010 2159 §. Ad quod dicendum est, quod Ecclesia Christi per A¬
531 2151 2008 2234 postolos, & per sequentia Sanctorum Patrum statuta, sic di¬
529 2201 2020 2285 uinitus ordinata existit, tam de Praelatis Maioribus, quam de
533 2274 2028 2350 Minoribus, & eorum etiam Opitulationibus iam ordinarie
536 2355 2015 2421 institutis; quod vnaquaeque Diocesis habet suum Episcopum,
524 2417 2028 2491 & suas Opitulationes, scilicet Archidiaconos, & Archipresby¬
525 2494 2036 2564 teros ordinarie institutos; & vnaquaque Paro chia habet suum
526 2545 2049 2637 Rectorem Presbyterum; qui si non suffic iant propter populi
527 2603 2044 2684 excrementum, possunt multiplicari Episcopi, ita tamen, ne di¬
524 2698 2056 2781 gnitas Episcopalis vilescat. 19. 4. I. cap. Prae cipimus. Possunt
