2592 3508
460 171 1440 261 nulli Clerico, vel Monacho prohibetur.
583 236 1929 331 §. Ad illud autem Philipp. I. Quid enim, dum omni mod,
470 310 1931 397 siue per occasionem, siue per veritatem Christus annuntietur? di¬
481 363 1942 458 cendum est, quod loquitur ibi Apostolus; non de Pseudo sed
481 450 1951 524 de Mercenariis, qui licet sint missi, tamen praedicant propter
478 498 1954 589 lucrum; qui tolerandi sunt, quamdiu Euangelio proficiunt;
482 586 1950 653 & sic exponit Gloss. dicens. Ideo Apostolus non prohibet Mer¬
476 639 1956 723 cenarios, sed permittit, quia & ipsi vtiles sunt ad aliqua. Item
484 710 1963 787 dicendum est, quod praedicatio, actio, id est actio praedicatio¬
483 762 1967 852 nis illorum, qui praedicabant Christum occasione terrena, vt
478 826 1964 919 dicit Glossa, non placebat Apostolo; quia illi sic praedicando,
485 894 1967 997 peccabant; & sic Apostolus gaudendo de peccato peccaret; sed
486 988 1960 1067 praedicatio, passio, id est effectus, vel profectus praedicatio¬
496 1050 1970 1115 nis illorum, qui Deo authore inde proueniebat, placebat A¬
500 1113 1965 1176 postolo & de hoc gaudebat, sicut dicitur de crucisixione Chri¬
496 1169 1371 1253 sti. Actio displicuit, passio grata fuit.
551 1218 1981 1315 §. Ad illud vero Luc. 9. Nolite prohibere &c. dicendum
503 1283 1973 1372 est, quod opera miraculorum permilla sunt etiam malis, & a
500 1354 1978 1445 Deo non missis, ad damnationem eorum, & vtilitatem alio¬
497 1419 1984 1509 rum, vt ostensum est supra ead. dist. §. Notandum autem, &
495 1483 1978 1573 infra dist. 4. signo 1§. ostendetur; Praedicatio vero nulli per¬
508 1547 1979 1633 mittitur, quantumcumque praedicet in nomine Christi, nisi
506 1619 1988 1702 missis a Domino tantum, vel. a Domino per hominem vt
506 1690 1995 1773 ostensum est supra ead. dist. §. Quoniam igitur & §. Eorum
500 1756 1986 1832 autem; Vnde Rom. 19. Quomodo praedicabunt, nisi mittautur?
512 1811 1989 1908 alioquin Pseudo-Praedicatores non essent prohibendi, cum
521 1874 1988 1965 & ipsi praedicent in nomine Christi, & plurimum idem, quod
521 1946 1986 2035 veri Apostoli, vt ostensum est supra, ead. dist. §. Nec mireris.
516 2011 1983 2101 Item, etsi facientes in nomine Christi miracula non debeant
513 2082 1993 2191 prohiberi, quoniam nullius vsurpant officium, nec cuiquam
514 2146 1999 2237 iniuriantur; tamen publice praedicantes in Diocesibus alienis
512 2216 1983 2300 absque canonica missione prohiberi debent, quoniam Epis¬
514 2273 1992 2366 coporum & Presbyterorum vsurpant officium, & eis iniu¬
518 2338 1989 2431 riantur, vt ostensum est supra ead. dist. §. Item in hoc consistit,
523 2418 1431 2509 cum duobus sequentibus Paragraphis.
649 2473 1998 2572 §. Ad illud vero, quod obiectum est de Apollo; quod
515 2537 2004 2628 quamuis non esset missus, non tamen fuit a praedicando pro¬
520 2622 1997 2700 hibitus, responderi potest duobus modis. Vrimo, quod licet
511 2703 2001 2772 forte non esset missus ab homine, tamen missus erata Deo,
