2592 3508
577 151 2030 269 per illud Psal. 3. Et propter hanc in altum regredere; dicit Glo
585 245 2062 352 Quod Ecclesia gentium, quae nos sumus, in fint est a Temino veces¬
591 297 2071 400 sura, iuxta illud; rilius hominis veniens; putas Sinueniet fidem in
594 376 2072 480 terra? Euc. 19. Et Origenes super Ieremiam, inomili ia.
596 433 2064 525 Tanta incredulitas in vniuerso genere humano futura est, vt Salua¬
584 498 2063 596 tor noster, qui omnia, quae ventura sunt, cognouit, loqueretur dicens.
572 570 2059 675 Putas, rilius hominis veniens inueniet fidem super terram; Verisi¬
587 635 2043 730 mile est, quod in Ecclesia finali, secundum prouidentiam Do¬
590 696 2033 803 mini consuetam, iuxta raritatem messis Domini; debeat Ope
571 763 2067 876 rariorum, id est, Praedicatorum humerus moderatio & mon
590 834 2041 924 augeri; praecipue quia, secundum veritatem Diuinae Scriptu¬
581 897 2043 998 rae, quanto plus acceditur ad finem mundi, tanto maioe sit fu¬
578 962 2046 1056 tura multitudo Pseudo-Praedicatorum in Ecclesia Deisuc osten¬
574 1017 2059 1149 sum est supra ead. dist. §. Isti ergo Deceptores. Si ergo in Eccle¬
580 1083 2063 1203 sia finali videantur Praedicatores surgere infiniti, ab Ecclesia
571 1172 2064 1253 canonice non electi, nec canonice delegati; sed importune se
571 1220 2063 1321 ingerentes animarum regimini; non innocentes, vel ssumi¬
577 1281 2064 1404 les, vel mansueti, quales debent esse Praedicatores Christi, vt
580 1365 2049 1448 ostensum est supra ead. dist. 5. Verum si Dominus; sed e contra¬
580 1427 2062 1535 rio austeri, & superbi, & fere toti Ecclesiae onerosi, licet humi¬
584 1482 2053 1599 litatem & mansuetudinem superstitiose praetendant in gestit &
583 1547 2043 1671 habitu exteriori; videtur quod talis Praedicatorum multitudo,
580 1626 2047 1708 non sit ex prouisione Dei; praesertim cum multitudo onerosa ni¬
581 1675 2053 1815 hil habeat honesti, vt legitur in Authentic. De Referendariis,
573 1760 2059 1860 cirea finem, Collat. 2. Et ideo formidandum esse videtur Ec¬
578 1814 2063 1928 clesiae generali, & maxime Summo Pontifici eius Rectori; ne
567 1881 2060 1991 sint de illa multitudine reprobabili, quam praedixtitsDominus
561 1963 2057 2047 venturam in Ecclesia sua finali, Matth. 24. dicens, Multi Pseu¬
564 2029 2054 2126 do-Propheta surgent, & seducent multos. De quibus etiam prae¬
578 2074 2056 2191 dixit Apostolus 2. Timoth. 4. Quod in nouissimis diebus erunt
573 2141 2065 2249 homines speciem pietatis habentes, virtutem autem eius, Gloss. id.
567 2228 2065 2325 est pietatis, scilicet, charitatem, abnegantes, Gloss. ffactis, vt
568 2294 2062 2380 ostensum est plenius supra ead. dist. §. Apostolus etiam. De
578 2360 2059 2457 quibus etiam dicit Beatus Petrus 2. Pet. 3. Quod venient in nouise
584 2432 2083 2528 limis diebus, in deceptionem Illusores. Gloss. Tempore Antichristis
568 2491 2047 2604 cuius iam sunt isti praecursores. Sequitur. Iuxta proprias cuncu¬
567 2557 2059 2668 piscentias ambulantes, Glos. Nouis peccatis ac praeceptis, sid est no¬
569 2618 2055 2715 uis praecepris, quae sunt peccata, gaudentes; quales videntur
572 2681 2068 2790 esse illi, qui mendicationem tradunt esse opus perfectionis, vt.
