2592 3508
503 138 1960 210 ostendetur infra dist. 2. §. Item non sufficit; qui etiam alias su¬
503 199 1960 291 perstitiosas vanitates inueniunt sub specie Religionis, vt osten¬
500 278 1953 356 detur infra dist. 4. in 12. signo; & qui procul dubio illudere
495 338 1962 403 non valegent, nisi aliud agerent, & aliud simularent. De qui¬
513 411 1954 476 bus dicit B. Iudas in Canonica sua. Charissimi, memores estote
519 466 1963 562 verborum, quae praedicta sunt ab Apostolis Domini nostri Iesu Chri¬
506 541 1955 602 sti, qui dicebant vobis, quoniam in nouissimis temporibus venient
492 603 1960 685 Illusores, secundum desideria sua ambulantes in impietatibus; Id
497 674 1955 733 est, non praecedentium Patrum vitae sormam sequentes, sed pro suis
494 755 1953 811 desideriis sibi viuendi modum statuentes, non in pietate, sed in pieta¬
500 795 1953 869 tis simulatione. Sequitur. Hi sunt, qui segregant semetipsos, vi¬
498 865 1964 940 tam scilicet suam aliis dissimilem praetendentes, animales, id
490 931 1955 999 est, animae concupiscentias sequentes, & spiritum Sanctum
488 1004 1949 1067 non hubentes. Sic ergo patet, tam per authoritatem Domini
494 1066 1962 1132 nostri Iesu Christi, quam per authoritates Apostolorum, quod
494 1130 1952 1197 in finali Ecclesia futuri sunt Pseudo-Praedicatores in multitu¬
497 1195 1948 1268 dine, ad seducendos fideles Christi; Vnde cum magis ac ma¬
494 1258 1935 1349 gis appropinquet finis mundi, valde timendum esse videtur,
500 1320 1959 1404 cum infinita & extraordinaria multitudo Praedicatorum vide¬
495 1404 1167 1483 tur exurgere in Ecclesia Dei.
579 1463 1960 1532 §. Item, cum in primitiua Ecclesia tempore Beati Pauli
490 1539 1941 1597 essent, vt dictum est, Praedicatores pauci, fide autem & chari¬
481 1593 1946 1660 rate ab initio magis feruidi, quam moderni, vt dicit Hieron¬
486 1658 1947 1725 in lib. De Illustribus viris; de illa paucitate, fere omnes facti
488 1731 1947 1804 sunt Mercenarii, testante ipso Apostolo, qui de illis ait Phi¬
482 1787 1954 1867 sipp. 2 Omnes, quae sua sunt, quaerunt, non quae lesu Christi. Vbi
491 1846 1957 1922 dicit Glos. Quia non deuoto animo praedicabant, sed propria lucra
482 1930 1957 2003 quaerentes. Vbi etiam dicit alia Glos. Hoc tempore, cum Apo¬
486 1981 1947 2072 stolo erant Mercenarii multi, filii vero, vel Pastores nulli, nisi
484 2075 1948 2137 tantum Timotheus. Si igitur istis temporibus appareant Prae¬
488 2107 1954 2189 dicatores extraordinari infiniti, se importune ingerentes pu¬
491 2178 1950 2261 blicae praedicationi, minus charitate feruentes, & magis saecu¬
485 2249 1958 2323 lo adhaerentes, vt creditur, quam illi Praedicatores antiqui;
479 2310 1956 2389 timendum esse videtur, ne in tanta multitudine sint Merce¬
488 2378 1938 2460 narii multi; qui licet in primitiua Ecclesia, quamuis essent cul¬
494 2437 1947 2541 pabiles, & non filii, tamen propter aliquas vtilitates erant ali¬
486 2533 1954 2604 quatenus tolerandi, vt ostensum est supra ead. dist. §. Quidam
491 2606 1959 2671 vero aliis praesertim cum nondum distincta essent officia Cex
467 2642 1959 2739 quae tamen distinctione hodie in Ecclesia quidam subditi qui¬
