<?xml version="1.0" encoding="UTF-8" standalone="yes"?>
<PcGts xmlns="http://schema.primaresearch.org/PAGE/gts/pagecontent/2013-07-15" xmlns:xsi="http://www.w3.org/2001/XMLSchema-instance" xsi:schemaLocation="http://schema.primaresearch.org/PAGE/gts/pagecontent/2013-07-15 http://schema.primaresearch.org/PAGE/gts/pagecontent/2013-07-15/pagecontent.xsd">
    <Metadata>
        <Creator>prov=University of Rostock/Institute of Mathematics/CITlab|PLANET AI GmbH/Gundram Leifert/gundram.leifert@planet-ai.de:name=544029-m2(htr_id=29082)::::v=2.6.7
prov=University of Rostock/Institute of Mathematics/CITlab|PLANET AI GmbH/Tobias Gruening/tobias.gruening@planet-ai.de:name=de.uros.citlab.module.baseline2polygon.B2PSeamMultiOriented:v=2.6.7
prov=University of Rostock/Institute of Mathematics/CITlab|PLANET AI GmbH/Tobias Gruening/tobias.gruening@planet-ai.de:name=/net_tf/LA73_249_0mod360.pb:de.uros.citlab.segmentation.CITlab_LA_ML:v=2.6.6
Transkribus</Creator>
        <Created>2020-11-24T15:27:21.810+01:00</Created>
        <LastChange>2021-01-06T15:40:38.993+01:00</LastChange>
        <TranskribusMetadata docId="544029" pageId="22819195" pageNr="76" tsid="50717743" status="IN_PROGRESS" userId="48123" imgUrl="https://files.transkribus.eu/Get?id=SROMYNWWHLFEVWGMJPCMGCYF&amp;fileType=view" xmlUrl="https://files.transkribus.eu/Get?id=TLIWQEOLEEDWLZJTDNTVZAYN" imageId="17792395"/>
    </Metadata>
    <Page imageFilename="270.jpg" imageWidth="2592" imageHeight="3508">
        <ReadingOrder>
            <OrderedGroup id="ro_1619609465628" caption="Regions reading order">
                <RegionRefIndexed index="0" regionRef="r1"/>
            </OrderedGroup>
        </ReadingOrder>
        <TextRegion orientation="0.0" id="r1" custom="readingOrder {index:0;}">
            <Coords points="354,0 354,2794 1986,2794 1986,0"/>
            <TextLine id="r1l5" custom="readingOrder {index:0;}">
                <Coords points="458,261 1936,244 1935,183 457,211"/>
                <Baseline points="467,245 543,245 620,245 697,245 774,245 850,245 927,243 1004,242 1081,242 1158,240 1234,239 1311,237 1388,236 1465,234 1542,233 1618,231 1695,230 1772,229 1849,228 1926,227"/>
                <TextEquiv>
                    <Unicode>tem praeter euidentem publicam vtilitatem vocat ad illud os¬</Unicode>
                </TextEquiv>
            </TextLine>
            <TextLine id="r1l6" custom="readingOrder {index:1;}">
                <Coords points="454,326 1937,307 1936,266 1605,241 453,267"/>
                <Baseline points="462,315 535,315 608,314 681,313 755,312 828,311 901,311 975,309 1048,308 1121,308 1195,306 1268,305 1341,303 1414,303 1488,302 1561,300 1634,299 1708,297 1781,296 1854,294 1928,293"/>
                <TextEquiv>
                    <Unicode>ficium, i videtur ei inijcere ambiguum elationis periculum; </Unicode>
                </TextEquiv>
            </TextLine>
            <TextLine id="r1l7" custom="readingOrder {index:2;}">
                <Coords points="453,403 1867,389 1932,330 452,347"/>
                <Baseline points="462,381 535,381 608,381 681,380 754,380 827,378 900,378 973,377 1046,375 1119,375 1192,374 1265,372 1338,371 1411,369 1484,368 1557,367 1630,366 1703,365 1776,363 1849,362 1923,362"/>
                <TextEquiv>
                    <Unicode>quae vtrum valeant fieri sine peccato, iudicet qui iudicare po¬</Unicode>
                </TextEquiv>
            </TextLine>
            <TextLine id="r1l8" custom="readingOrder {index:3;}">
                <Coords points="467,460 1936,428 1844,377 467,411"/>
                <Baseline points="476,449 548,449 621,447 693,447 766,446 838,444 911,443 983,443 1056,441 1128,440 1201,438 1273,437 1346,436 1418,434 1491,434 1563,432 1636,431 1708,429 1781,429 1853,428 1926,426"/>
                <TextEquiv>
                    <Unicode>test. Patet igitur ex praemissis, quod non expedit Regulari¬</Unicode>
                </TextEquiv>
            </TextLine>
            <TextLine id="r1l9" custom="readingOrder {index:4;}">
                <Coords points="461,531 1942,501 1941,456 1688,449 460,468"/>
                <Baseline points="470,513 543,515 616,515 689,514 762,513 835,512 908,512 981,510 1054,509 1127,507 1201,506 1274,504 1347,503 1420,501 1493,500 1566,498 1639,498 1712,497 1785,497 1858,497 1932,497"/>
                <TextEquiv>
                    <Unicode>bus viris, qui Graece Monachi appellantur, publice docere aut</Unicode>
                </TextEquiv>
            </TextLine>
            <TextLine id="r1l10" custom="readingOrder {index:5;}">
                <Coords points="460,612 1947,570 1913,515 459,547"/>
                <Baseline points="470,581 543,581 616,581 690,581 763,579 837,578 910,578 983,576 1057,575 1130,573 1204,572 1277,570 1350,569 1424,567 1497,566 1571,564 1644,564 1717,563 1791,563 1864,562 1938,561"/>
                <TextEquiv>
                    <Unicode>publice praedicare, propter humilitatis statum, &amp; elationis</Unicode>
                </TextEquiv>
            </TextLine>
            <TextLine id="r1l11" custom="readingOrder {index:6;}">
                <Coords points="469,675 1889,645 1935,593 468,620"/>
                <Baseline points="477,645 549,647 621,647 694,647 766,645 839,645 911,644 984,642 1056,642 1129,640 1201,638 1273,636 1346,635 1418,633 1491,632 1563,631 1636,630 1708,629 1781,628 1853,627 1926,627"/>
                <TextEquiv>
                    <Unicode>periculum; nec eis est licitum secundùm ordinem Ecclesiasticae</Unicode>
                </TextEquiv>
            </TextLine>
            <TextLine id="r1l12" custom="readingOrder {index:7;}">
                <Coords points="473,731 635,724 663,742 684,722 726,731 752,720 780,724 780,690 752,684 736,668 670,666 648,685 561,683 544,666 473,673"/>
                <Baseline points="482,714 508,714 534,714 560,714 587,714 613,713 639,713 665,713 692,713 718,713 744,714 771,716"/>
                <TextEquiv>
                    <Unicode>Hierarchiae.</Unicode>
                </TextEquiv>
            </TextLine>
            <TextLine id="r1l13" custom="readingOrder {index:8;}">
                <Coords points="507,797 1938,767 1885,705 506,741"/>
                <Baseline points="516,780 586,780 657,779 727,779 798,777 869,777 939,776 1010,774 1081,773 1151,771 1222,770 1293,768 1363,768 1434,765 1505,764 1575,764 1646,762 1717,761 1787,760 1858,759 1929,759"/>
                <TextEquiv>
                    <Unicode>§. Cum igitur Ecclesia Christi, Spiritu Sancto docente, ad in¬</Unicode>
                </TextEquiv>
            </TextLine>
            <TextLine id="r1l14" custom="readingOrder {index:9;}">
                <Coords points="470,860 1939,853 1955,809 469,798"/>
                <Baseline points="480,846 553,846 626,846 699,845 773,845 846,843 919,842 993,840 1066,840 1139,838 1213,837 1286,836 1359,834 1432,833 1506,831 1579,830 1652,828 1726,828 1799,827 1872,826 1946,825"/>
                <TextEquiv>
                    <Unicode>starHierarchie Cclestis Hierarchice sit constructagordinata, </Unicode>
                </TextEquiv>
            </TextLine>
            <TextLine id="r1l15" custom="readingOrder {index:10;}">
                <Coords points="477,923 1981,890 1879,843 477,885"/>
                <Baseline points="486,911 560,911 634,910 708,909 783,909 857,908 931,907 1005,906 1080,905 1154,903 1228,902 1302,900 1377,899 1451,899 1525,897 1599,896 1674,893 1748,892 1822,890 1896,888 1971,887"/>
                <TextEquiv>
                    <Unicode>vt dicit Dionysius in lib. Ecclesiasticae Hierarchiae, cap. 5. constat, e</Unicode>
                </TextEquiv>
            </TextLine>
            <TextLine id="r1l16" custom="readingOrder {index:11;}">
                <Coords points="471,1010 1945,964 1873,907 470,955"/>
                <Baseline points="480,980 552,978 625,978 698,977 771,975 843,974 916,972 989,972 1062,970 1134,969 1207,968 1280,966 1353,965 1425,963 1498,963 1571,962 1644,960 1716,959 1789,959 1862,957 1935,957"/>
                <TextEquiv>
                    <Unicode>quod eius ordinem &amp; constructionem turbare atque consun¬</Unicode>
                </TextEquiv>
            </TextLine>
            <TextLine id="r1l17" custom="readingOrder {index:12;}">
                <Coords points="488,1062 1947,1024 1946,981 1795,971 1554,1014 1395,978 487,1004"/>
                <Baseline points="498,1047 570,1046 642,1044 714,1043 786,1041 858,1040 930,1040 1002,1038 1074,1037 1146,1035 1218,1035 1290,1033 1362,1032 1434,1031 1506,1029 1578,1028 1650,1026 1722,1025 1794,1023 1866,1022 1938,1020"/>
                <TextEquiv>
                    <Unicode>dere, nihil aliud esset, quam ipsam destruere. Cum igitur A¬</Unicode>
                </TextEquiv>
            </TextLine>
            <TextLine id="r1l18" custom="readingOrder {index:13;}">
                <Coords points="470,1140 1944,1094 1943,1057 1578,1028 1380,1076 469,1083"/>
                <Baseline points="480,1112 552,1110 625,1110 698,1109 771,1107 843,1106 916,1106 989,1104 1062,1103 1134,1101 1207,1100 1280,1100 1353,1098 1425,1097 1498,1095 1571,1094 1644,1092 1716,1091 1789,1089 1862,1088 1935,1086"/>
                <TextEquiv>
                    <Unicode>postolica potestas non sit in destructionem Ecclesie sed in aedificatio¬</Unicode>
                </TextEquiv>
            </TextLine>
            <TextLine id="r1l19" custom="readingOrder {index:14;}">
                <Coords points="480,1190 1956,1159 1826,1098 479,1145"/>
                <Baseline points="489,1176 561,1176 634,1175 707,1175 780,1173 853,1172 926,1172 999,1170 1072,1169 1145,1167 1218,1166 1290,1164 1363,1163 1436,1161 1509,1160 1582,1158 1655,1157 1728,1155 1801,1154 1874,1152 1947,1152"/>
                <TextEquiv>
                    <Unicode>nem 2. Corinth. 19. Non est credendum Summum Ponti¬</Unicode>
                </TextEquiv>
            </TextLine>
            <TextLine id="r1l20" custom="readingOrder {index:15;}">
                <Coords points="483,1252 1953,1229 1952,1188 1729,1170 1633,1210 482,1196"/>
                <Baseline points="492,1242 564,1242 637,1241 709,1239 782,1239 855,1238 927,1236 1000,1235 1072,1234 1145,1233 1218,1232 1290,1230 1363,1229 1435,1227 1508,1226 1581,1224 1653,1223 1726,1223 1798,1221 1871,1220 1944,1220"/>
                <TextEquiv>
                    <Unicode>ficem, huius Hierarchiae generalem Rectorem, &amp; Summum</Unicode>
                </TextEquiv>
            </TextLine>
            <TextLine id="r1l21" custom="readingOrder {index:16;}">
                <Coords points="485,1324 1967,1292 1966,1249 1806,1233 1762,1273 966,1250 803,1291 484,1257"/>
                <Baseline points="495,1310 568,1308 641,1307 714,1305 787,1304 860,1304 933,1302 1007,1301 1080,1299 1153,1298 1226,1296 1299,1295 1372,1295 1445,1293 1519,1292 1592,1290 1665,1289 1738,1287 1811,1286 1884,1284 1958,1283"/>
                <TextEquiv>
                    <Unicode>Hierarcham, per suam Apostolicam potestatem, seu per</Unicode>
                </TextEquiv>
            </TextLine>
            <TextLine id="r1l22" custom="readingOrder {index:17;}">
                <Coords points="494,1403 1962,1364 1961,1310 1822,1300 493,1346"/>
                <Baseline points="504,1376 576,1376 648,1374 721,1373 793,1371 866,1370 938,1369 1010,1368 1083,1367 1155,1365 1228,1364 1300,1362 1372,1361 1445,1359 1517,1358 1590,1356 1662,1355 1734,1353 1807,1352 1879,1350 1952,1349"/>
                <TextEquiv>
                    <Unicode>quodcumque priuilegium, eam velle consundere; videlicet</Unicode>
                </TextEquiv>
            </TextLine>
            <TextLine id="r1l23" custom="readingOrder {index:18;}">
                <Coords points="476,1462 1682,1419 1794,1458 1959,1418 1861,1369 475,1410"/>
                <Baseline points="486,1442 559,1440 632,1440 705,1439 778,1437 852,1436 925,1436 998,1434 1071,1433 1144,1431 1218,1430 1291,1428 1364,1427 1437,1426 1510,1425 1584,1423 1657,1422 1730,1421 1803,1419 1876,1418 1950,1416"/>
                <TextEquiv>
                    <Unicode>officia Perficientium, id est Praelatorum, quae sunt purgare, illumi¬</Unicode>
                </TextEquiv>
            </TextLine>
            <TextLine id="r1l24" custom="readingOrder {index:19;}">
                <Coords points="487,1517 1913,1515 1977,1450 1768,1461 1682,1418 1617,1461 486,1474"/>
                <Baseline points="495,1509 568,1508 642,1506 715,1505 789,1503 863,1502 936,1500 1010,1499 1084,1498 1157,1497 1231,1496 1305,1494 1378,1493 1452,1491 1526,1490 1599,1488 1673,1487 1747,1485 1820,1484 1894,1482 1968,1481"/>
                <TextEquiv>
                    <Unicode>nare, consummare, secundùm quod supra exposita sunt, in Persi¬</Unicode>
                </TextEquiv>
            </TextLine>
            <TextLine id="r1l25" custom="readingOrder {index:20;}">
                <Coords points="486,1588 1971,1547 1629,1505 485,1545"/>
                <Baseline points="495,1572 568,1572 641,1571 715,1571 788,1569 861,1568 935,1568 1008,1566 1081,1565 1155,1563 1228,1562 1301,1560 1375,1560 1448,1557 1521,1556 1595,1554 1668,1553 1741,1551 1815,1549 1888,1547 1962,1545"/>
                <TextEquiv>
                    <Unicode>ciendos, id est, in Monachos, seu Regulares viros, infinitos &amp; in¬</Unicode>
                </TextEquiv>
            </TextLine>
            <TextLine id="r1l26" custom="readingOrder {index:21;}">
                <Coords points="486,1652 1967,1627 1966,1584 1823,1563 485,1603"/>
                <Baseline points="494,1638 567,1638 640,1637 713,1636 786,1635 860,1634 933,1632 1006,1632 1079,1631 1152,1629 1226,1628 1299,1626 1372,1625 1445,1624 1518,1622 1592,1620 1665,1619 1738,1618 1811,1616 1884,1614 1958,1613"/>
                <TextEquiv>
                    <Unicode>certos, a se, vel ab Ecclesia canonice non electos, &amp; sibi non</Unicode>
                </TextEquiv>
            </TextLine>
            <TextLine id="r1l27" custom="readingOrder {index:22;}">
                <Coords points="491,1719 1974,1707 1973,1658 1841,1633 490,1674"/>
                <Baseline points="500,1704 573,1704 646,1703 719,1701 792,1701 866,1700 939,1698 1012,1697 1085,1695 1158,1694 1232,1692 1305,1691 1378,1690 1451,1688 1524,1687 1598,1686 1671,1685 1744,1683 1817,1682 1890,1680 1964,1679"/>
                <TextEquiv>
                    <Unicode>cognitos, nec probatos, quique sunt de ordine Perficiendorum, </Unicode>
                </TextEquiv>
            </TextLine>
            <TextLine id="r1l28" custom="readingOrder {index:23;}">
                <Coords points="492,1780 1730,1788 1971,1751 1970,1709 1894,1697 491,1726"/>
                <Baseline points="501,1772 574,1770 647,1769 720,1769 793,1767 866,1766 939,1765 1012,1764 1085,1763 1158,1761 1231,1760 1304,1758 1377,1757 1450,1755 1523,1754 1596,1752 1669,1751 1742,1749 1815,1748 1888,1745 1962,1743"/>
                <TextEquiv>
                    <Unicode>dum sunt in suo inferiori ordine permanentes, generaliter</Unicode>
                </TextEquiv>
            </TextLine>
            <TextLine id="r1l29" custom="readingOrder {index:24;}">
                <Coords points="489,1853 1966,1810 1876,1762 1703,1802 1632,1764 488,1802"/>
                <Baseline points="498,1836 570,1835 643,1835 716,1833 789,1833 862,1832 935,1830 1008,1830 1081,1829 1154,1827 1227,1826 1299,1824 1372,1823 1445,1821 1518,1820 1591,1818 1664,1817 1737,1815 1810,1813 1883,1811 1956,1808"/>
                <TextEquiv>
                    <Unicode>transferendo; aut eos Perfectiuis, seu Perficientibus, id est Prae¬</Unicode>
                </TextEquiv>
            </TextLine>
            <TextLine id="r1l30" custom="readingOrder {index:25;}">
                <Coords points="497,1917 1971,1891 1915,1826 1373,1870 1063,1843 941,1883 496,1858"/>
                <Baseline points="506,1904 578,1904 651,1902 724,1901 797,1899 869,1898 942,1898 1015,1896 1088,1895 1160,1893 1233,1892 1306,1890 1379,1889 1451,1887 1524,1886 1597,1884 1670,1883 1742,1881 1815,1880 1888,1878 1961,1877"/>
                <TextEquiv>
                    <Unicode>latis Ecclesiasticis, in dictis officiis generaliter adaequando.</Unicode>
                </TextEquiv>
            </TextLine>
            <TextLine id="r1l31" custom="readingOrder {index:26;}">
                <Coords points="511,1980 1713,1981 1977,1932 1772,1898 510,1924"/>
                <Baseline points="519,1968 591,1968 663,1967 736,1966 808,1965 881,1964 953,1963 1025,1962 1098,1961 1170,1959 1243,1958 1315,1956 1387,1955 1460,1953 1532,1952 1605,1952 1677,1950 1749,1949 1822,1949 1894,1947 1967,1947"/>
                <TextEquiv>
                    <Unicode>Oportet enim in Ecclesia Dei esse quamdam inaequalitatem, </Unicode>
                </TextEquiv>
            </TextLine>
            <TextLine id="r1l32" custom="readingOrder {index:27;}">
                <Coords points="497,2051 1969,2012 1944,1962 496,1986"/>
                <Baseline points="507,2037 579,2036 652,2034 724,2033 797,2031 870,2031 942,2030 1015,2028 1087,2027 1160,2025 1233,2025 1305,2024 1378,2022 1450,2021 1523,2019 1596,2018 1668,2016 1741,2013 1813,2012 1886,2010 1959,2007"/>
                <TextEquiv>
                    <Unicode>Praelatorum scilicet, &amp; subiectorum; neque enim Ecclesiae vni¬</Unicode>
                </TextEquiv>
            </TextLine>
            <TextLine id="r1l33" custom="readingOrder {index:28;}">
                <Coords points="497,2116 1986,2097 1985,2037 496,2073"/>
                <Baseline points="507,2105 580,2103 653,2102 727,2102 800,2100 874,2099 947,2097 1021,2096 1094,2094 1168,2093 1241,2091 1314,2090 1388,2088 1461,2087 1535,2085 1608,2084 1682,2082 1755,2081 1829,2079 1902,2079 1976,2078"/>
                <TextEquiv>
                    <Unicode>uersitas alia poterat ratione subsistere, nisi eam huiusmodi</Unicode>
                </TextEquiv>
            </TextLine>
            <TextLine id="r1l34" custom="readingOrder {index:29;}">
                <Coords points="499,2181 1790,2171 1969,2155 1968,2102 498,2139"/>
                <Baseline points="507,2171 579,2169 652,2169 724,2168 797,2166 870,2166 942,2165 1015,2163 1087,2161 1160,2160 1233,2159 1305,2156 1378,2154 1450,2153 1523,2151 1596,2150 1668,2149 1741,2148 1813,2147 1886,2145 1959,2145"/>
                <TextEquiv>
                    <Unicode>magnus differentiae ordo seruaret, vt ostensum est supra ead.</Unicode>
                </TextEquiv>
            </TextLine>
            <TextLine id="r1l35" custom="readingOrder {index:30;}">
                <Coords points="504,2253 1987,2220 1926,2163 503,2188"/>
                <Baseline points="512,2237 585,2237 658,2235 731,2235 805,2234 878,2232 951,2231 1024,2229 1098,2228 1171,2226 1244,2225 1317,2222 1391,2220 1464,2219 1537,2217 1610,2216 1684,2214 1757,2213 1830,2213 1903,2211 1977,2211"/>
                <TextEquiv>
                    <Unicode>dist. §. Cum igitur vt dictum est. Dicta ergo officia Ecclesiastica</Unicode>
                </TextEquiv>
            </TextLine>
            <TextLine id="r1l36" custom="readingOrder {index:31;}">
                <Coords points="497,2317 1963,2292 1977,2241 496,2274"/>
                <Baseline points="506,2306 579,2304 652,2304 725,2303 798,2301 871,2300 944,2298 1017,2297 1090,2295 1163,2294 1237,2292 1310,2291 1383,2289 1456,2288 1529,2285 1602,2284 1675,2282 1748,2280 1821,2279 1894,2279 1968,2277"/>
                <TextEquiv>
                    <Unicode>ad Perficientes, seu Perfectiuos, id est ad Praelatos Ecclesiarum</Unicode>
                </TextEquiv>
            </TextLine>
            <TextLine id="r1l37" custom="readingOrder {index:32;}">
                <Coords points="507,2402 1520,2354 1811,2382 1970,2313 505,2337"/>
                <Baseline points="516,2372 588,2370 660,2370 732,2369 805,2367 877,2366 949,2364 1022,2363 1094,2361 1166,2360 1239,2358 1311,2357 1383,2355 1455,2354 1528,2352 1600,2351 1672,2349 1745,2348 1817,2346 1889,2345 1962,2343"/>
                <TextEquiv>
                    <Unicode>pertinentia viris Regularibus, qui Graece Monachi appellan¬</Unicode>
                </TextEquiv>
            </TextLine>
            <TextLine id="r1l38" custom="readingOrder {index:33;}">
                <Coords points="499,2452 1981,2428 1980,2376 498,2404"/>
                <Baseline points="509,2441 582,2439 655,2438 728,2436 801,2435 874,2433 947,2432 1020,2430 1093,2429 1166,2427 1240,2426 1313,2424 1386,2423 1459,2421 1532,2420 1605,2418 1678,2417 1751,2414 1824,2412 1897,2411 1971,2409"/>
                <TextEquiv>
                    <Unicode>tur, in officio Monachali permanentibus, cum adhuc sint in</Unicode>
                </TextEquiv>
            </TextLine>
            <TextLine id="r1l39" custom="readingOrder {index:34;}">
                <Coords points="476,2525 1982,2492 1981,2442 1917,2426 652,2452 476,2495"/>
                <Baseline points="485,2508 559,2507 633,2506 708,2504 782,2504 857,2502 931,2501 1005,2499 1080,2498 1154,2496 1229,2493 1303,2492 1377,2490 1452,2489 1526,2487 1601,2486 1675,2483 1749,2481 1824,2480 1898,2478 1973,2477"/>
                <TextEquiv>
                    <Unicode>. Ordine Perficiendorum, vniuersaliter &amp; perpetuo delegare, seu</Unicode>
                </TextEquiv>
            </TextLine>
            <TextLine id="r1l40" custom="readingOrder {index:35;}">
                <Coords points="502,2589 1989,2553 1988,2509 1844,2497 501,2541"/>
                <Baseline points="512,2574 585,2573 658,2573 732,2571 805,2570 879,2568 952,2567 1025,2565 1099,2564 1172,2562 1246,2561 1319,2559 1392,2558 1466,2555 1539,2553 1613,2552 1686,2550 1759,2547 1833,2546 1906,2543 1980,2540"/>
                <TextEquiv>
                    <Unicode>committere, nihil aliud esset, quam Monachos vniuersaliter</Unicode>
                </TextEquiv>
            </TextLine>
            <TextLine id="r1l41" custom="readingOrder {index:36;}">
                <Coords points="509,2653 723,2678 979,2635 1049,2672 1115,2635 1945,2628 1995,2587 507,2595"/>
                <Baseline points="518,2642 591,2640 664,2639 738,2637 811,2636 885,2634 958,2633 1031,2632 1105,2630 1178,2629 1252,2627 1325,2625 1398,2624 1472,2622 1545,2621 1619,2619 1692,2616 1765,2615 1839,2612 1912,2609 1986,2607"/>
                <TextEquiv>
                    <Unicode>demonachare; nisi forte fierent Rectores Ecclesiarum Paro¬</Unicode>
                </TextEquiv>
            </TextLine>
            <TextLine id="r1l42" custom="readingOrder {index:37;}">
                <Coords points="500,2725 1987,2692 1986,2648 1883,2626 1434,2674 499,2672"/>
                <Baseline points="510,2708 583,2706 656,2706 730,2705 803,2703 876,2702 950,2700 1023,2699 1096,2697 1170,2696 1243,2694 1316,2693 1390,2691 1463,2690 1536,2688 1610,2687 1683,2685 1756,2683 1830,2682 1903,2680 1977,2679"/>
                <TextEquiv>
                    <Unicode>chialium, quod faciendum non esset, nisi publica necessitate</Unicode>
                </TextEquiv>
            </TextLine>
            <TextLine id="r1l43" custom="readingOrder {index:38;}">
                <Coords points="495,2786 1990,2767 1988,2700 1856,2691 494,2739"/>
                <Baseline points="504,2778 577,2777 651,2777 725,2775 799,2774 873,2772 946,2771 1020,2769 1094,2768 1168,2766 1242,2765 1315,2763 1389,2762 1463,2759 1537,2757 1611,2756 1684,2754 1758,2753 1832,2751 1906,2750 1980,2748"/>
                <TextEquiv>
                    <Unicode>vrgente; sicut factum suit in Ecclesia Italica tempore Gelasi;</Unicode>
                </TextEquiv>
            </TextLine>
            <TextEquiv>
                <Unicode>tem praeter euidentem publicam vtilitatem vocat ad illud os¬
ficium, i videtur ei inijcere ambiguum elationis periculum; 
quae vtrum valeant fieri sine peccato, iudicet qui iudicare po¬
test. Patet igitur ex praemissis, quod non expedit Regulari¬
bus viris, qui Graece Monachi appellantur, publice docere aut
publice praedicare, propter humilitatis statum, &amp; elationis
periculum; nec eis est licitum secundùm ordinem Ecclesiasticae
Hierarchiae.
§. Cum igitur Ecclesia Christi, Spiritu Sancto docente, ad in¬
starHierarchie Cclestis Hierarchice sit constructagordinata, 
vt dicit Dionysius in lib. Ecclesiasticae Hierarchiae, cap. 5. constat, e
quod eius ordinem &amp; constructionem turbare atque consun¬
dere, nihil aliud esset, quam ipsam destruere. Cum igitur A¬
postolica potestas non sit in destructionem Ecclesie sed in aedificatio¬
nem 2. Corinth. 19. Non est credendum Summum Ponti¬
ficem, huius Hierarchiae generalem Rectorem, &amp; Summum
Hierarcham, per suam Apostolicam potestatem, seu per
quodcumque priuilegium, eam velle consundere; videlicet
officia Perficientium, id est Praelatorum, quae sunt purgare, illumi¬
nare, consummare, secundùm quod supra exposita sunt, in Persi¬
ciendos, id est, in Monachos, seu Regulares viros, infinitos &amp; in¬
certos, a se, vel ab Ecclesia canonice non electos, &amp; sibi non
cognitos, nec probatos, quique sunt de ordine Perficiendorum, 
dum sunt in suo inferiori ordine permanentes, generaliter
transferendo; aut eos Perfectiuis, seu Perficientibus, id est Prae¬
latis Ecclesiasticis, in dictis officiis generaliter adaequando.
Oportet enim in Ecclesia Dei esse quamdam inaequalitatem, 
Praelatorum scilicet, &amp; subiectorum; neque enim Ecclesiae vni¬
uersitas alia poterat ratione subsistere, nisi eam huiusmodi
magnus differentiae ordo seruaret, vt ostensum est supra ead.
dist. §. Cum igitur vt dictum est. Dicta ergo officia Ecclesiastica
ad Perficientes, seu Perfectiuos, id est ad Praelatos Ecclesiarum
pertinentia viris Regularibus, qui Graece Monachi appellan¬
tur, in officio Monachali permanentibus, cum adhuc sint in
. Ordine Perficiendorum, vniuersaliter &amp; perpetuo delegare, seu
committere, nihil aliud esset, quam Monachos vniuersaliter
demonachare; nisi forte fierent Rectores Ecclesiarum Paro¬
chialium, quod faciendum non esset, nisi publica necessitate
vrgente; sicut factum suit in Ecclesia Italica tempore Gelasi;</Unicode>
            </TextEquiv>
        </TextRegion>
    </Page>
</PcGts>
