2592 3508
519 176 1980 251 peritus non inuitetur ad praedicandum a Praelato, nec vllo¬
527 238 1999 301 modo requiratur ab eo; videtur, quod melius sit ei, & magis
517 283 1982 362 eligendum tacere, quam se nullomodo requirenti offerre.
519 353 1997 427 Praesertim cum seremias etiam a Domino requisitus dicente,
518 426 1992 499 Prophetam in gentibus dedi te, &c. Ierem. I. praedicationis or.
517 477 1995 565 ficium recusauerit, dicens, AAA Domine nescio loqui, quia
525 555 2005 644 puer ego sum, &c. Ierem. I. vbi dicit Gregorius. Isaias prae¬
524 619 2001 691 dicationis officium appetit, Ieremias mitti ad praedicandum renuit;
522 698 2009 779 sed qui recusauit penitus non restitit, & qui mitti voluit, ante se per
531 746 2007 837 altaris calculum purgatum vidit; ne aut non purgatus adire quis sa¬
536 799 2007 892 cra mosteria audeat; aut quem Deus elegit, sub humilitatis specie
529 882 2005 972 superbe contradicat. Quia ergo difficile est purgatum se cognosce¬
521 960 2014 1029 re, praedicationis officium tutius declinatur; non tamen pertinaciter
533 1009 1999 1093 declinari debet, cum ad hoc suscipiendum superna voluntas agnos¬
530 1074 2008 1155 citur. Cum igitur difficile sit se purgatum agnoscere, & ideo
530 1144 2003 1227 tutius sit praedicationis officium declinare; patet, quod licet
530 1228 2011 1298 aliquis se scientem sentiat, & peritum ad praedicandum, non
536 1274 2009 1358 tamen debet desiderare, vel petere praedicationis officium,
534 1337 2004 1420 nisi videret & cognosceret propter defectum defensionis Ec¬
533 1425 1994 1492 clesiae contra hostes eius, periculum ipsi Ecclesiae imminere;
537 1487 2009 1556 tunc enim vi chariratis impulsus potest, & debet officium prae¬
544 1555 2015 1619 dicandi, si ei imponatur, suscipere; sed necessitate cessante in
550 1604 2016 1690 corde suo debet taciturnitatis otium desiderare. Contrarium
538 1673 2007 1757 tamen volunt, & faciunt Arrogantes. Vnde super illud Iob 3I.
538 1763 2016 1828 Pro frumento oriatur mihi tribulus, dicit Gregorius in lib. 23.
541 1802 2016 1882 Moral. Sanctae vniuersalis Ecclesiae spiritualis quisque Praedicator,
543 1866 2019 1965 quamuis scientem se esse sentiat, vellet tamen tam sapiens esse, nec
562 1955 2010 2021 videri. Et infra. Et, si liceat, tacere appetit, dum multis silentium
542 2016 2018 2092 tutius esse cernit; eosque se seliciores esse putat, quos intra sanctam
544 2065 2024 2150 Ecclesiam locus inferior per silentium occultat; & tamen, vt sancta
543 2129 2016 2220 Ecclesia defendatur, quia vi charitatis ad loquendum impellitur,
549 2194 2016 2283 ex necessitate quidem officium locutionis suscipit, sed ex magno desi¬
551 2265 2022 2348 derio otium taciturnitatis quaerit. Hanc autem dicendi formulam
556 2346 2019 2419 Arrogantes ignorant. Nota, quod dicitur, Quos intra sanctam
555 2396 2020 2485 Ecclesiam locus inferior per silentium occultat; Ex hoc enim pa¬
555 2479 2020 2549 tet, quod Monachatus, cum sit Iocus inferior Ecclesiasticae
551 2527 2029 2619 Hierarchiae, vt ostensum est supra ead. dist. §. Sed dato, &
551 2622 2016 2684 ostendetur infra dist. 4. in 12. signo, §. Cum enim Ecclesia,
553 2663 2024 2757 debet occultare Monachum per silentium. Item nota, quod
