2592 3508
618 154 2106 283 dicitur, hanc dicendi formulam Arroguntes ignorant; iper fice
603 244 2094 308 enim patet, quod illi, qui magis desiderant praedicates quam ca¬
601 309 2090 400 cere nisinecessitate coacti procul dubio Arrogantes sunt, prae¬
602 366 2087 452 sertim, si non habent officium regiminis animarum; Quin
604 440 2085 518 enim, nec ex officio, nec ex alia necessitate canoniea quis prae¬
599 504 2077 590 dicare cogitur presertim, siad instarIsaie, nesciat se purgetuin s
608 567 2070 672 tunc actus praedicationis, vt dictum est, turilis deelinatur. Et
607 618 2093 709 hoc propter causas superius assignatas, & propter persculum.¬
609 698 2049 799 vanae laudis, cuius amor & delectatio, nisi operante Domino
592 755 2083 871 in praedicando vitari non potest. Vnde super illudi. Thessia¬
594 828 2081 920 Ita loquimur, non quasi hominibus placentes, dicit Glos. Quin lo¬
579 910 2084 1001 quendo; vel praedicando, non solum Deo, sed etiam hominibus pla¬
577 969 2087 1060 cere velimus, nisi Deus operetur in nobis, vitare nequinus. Ques
588 1034 2081 1119 enim vires nocendi habeat humanae gloriae amor non sentit, nisi qui
594 1078 2101 1195 bellum ei indixerit; quia etsi cuiquam facile est laudem non cupere ;
594 1146 2063 1271 dum negatur, difficile est tamen ea non delectari, cum ofsertur. Paret
583 1216 2072 1321 igitur ex praemissis, quod nulli licet praedicta officia. Eccle¬
589 1284 2072 1386 siastica petere, nec etiam aliis illa publice exercere, nisi Pre¬
590 1344 2095 1461 latis Ecclesiasticis, vel ab eis decenter inuitatis, vel eanonice
584 1423 2048 1528 destinatis, quamuis habeant licentiam praedictam generalem
649 1495 2047 1573 §. Cum ergo quaeritur, quid confert licentia generalis pue
578 1541 2070 1639 blice praedicandi, aut alia Praelatorum officia exercendis si a¬
589 1607 2038 1721 Domino Papa conferatur infinitis & incertis personis, & ab
576 1675 2070 1771 eo non probatis, nec cognitis, vt obiectum est supra ead dist. I
566 1752 2065 1836 §. Sed adhuc dicet; Responderi potest, quod si illae infinita &
574 1808 2069 1915 incertae personae viri sint Regulares, qui Graece Mdonachi ape
572 1883 2069 1984 pellantur; cum secundum ordinem & gradum, quem tenent
574 1959 2067 2050 in Ecclesiastica Hierarchia, necenon secundum Canonica ine
570 2004 2063 2121 stituta, statu professionis illorum impediente, non sint regula,
563 2090 2024 2185 riter idonei ad praedicta officia exercenda, vt ostensum est su
561 2152 2060 2256 pra ead. dist. ab illo §. Sed datos per illam generale i liceni
560 2218 2061 2326 tiam Domini Papae dispensatiue siunt idonei quoad statim, vt
559 2286 2056 2357 non obstante ipsorum statu Monachali; ac inferiori gradur Re¬
555 2360 2045 2444 clesiasticae Hierarchiae (secundum quem statum canoniee pro¬
551 2417 2068 2521 hibiti sunt ab illis officiis exercendis) licite valeans inutari a.
544 2485 2069 2592 Presbyteris, & aliis Minoribus Ecclesiarum Praelatis, ad ine¬
552 2553 2056 2639 morata officia in eorum Parochiis exercenda, si hoc viderint
550 2616 2056 2711 suis Ecclesis expedire; dum tamen constet eis, quod illi dint
552 2672 2048 2798 idonei vita, & scientia, atque facundia, talibus enim tant ilti
