2592 3508
463 137 1934 228 debet committi officium praedicandi, vti ostensum est supra
475 210 1460 300 ead. dist. §. Verum, si Dominus Papa.
537 266 1927 356 §. Item, per praefatam licentiam generalem datam infini¬
471 348 1943 419 tis & incertis personis Regularibus supradictis, arbitramur
471 411 1943 484 hoc eis tribui, vt ab Ecclesiarum Praelatis facilius ac libentius
483 467 1946 545 debeant inuitari ad eorum praedicta officia exercenda; si tamen
489 531 1939 614 vita, scientia, & facundia existant idonei, & in Sacris Ordini¬
476 601 1950 699 bus constituti. Talem enim concessionem Domini Papae, ac
471 667 1936 745 taliter operantem videmus etiam in Decretali, Extra, De Ec¬
485 750 1950 819 clesus aedificandis, cap. Ad audientiam, vbi dicitur; quod Domi¬
482 794 1945 877 nus Papa indulsit cuidam Episcopo, vt liceret ei aedificare Ec¬
493 866 1955 942 clesiam in Diocesi aliena, dum tamen haberet consendsum
489 929 1956 1011 Diocesani; & quaeritur in Apparatu, quid prosit, aut
488 1000 1954 1075 conferat illa indulgentia, cum etiam sine ipsa idem facere pos¬
486 1059 1944 1140 set idem Episcopus de consensu Diocesani; & respondetur,
485 1147 1963 1230 illam indulgentiam ad hoc prodesse, vt per eam consensus
489 1193 1951 1275 Diocesani facilius impetretur. Similiter dici potest in casu isto;
494 1265 1945 1339 Nec enim credendum est Summum Pontificem (cuius pote¬
486 1346 1951 1411 stas est non ad destructionem, sed ad aedificationem Ecclesiae, vt le¬
489 1390 1956 1492 gitur 2. Cor. 13. qui etiam nihil potest aduersus veritatem, sed
495 1458 1947 1537 pro veritate, vt legitur ibidem) totam Ecclesiasticam Hierar¬
485 1538 1959 1605 chiam vnitatem & pacem Ecclesiae conseruantem ab ipso
486 1598 1964 1667 Deo inuentam, in Sanctorum Scriptis diuinitus exaratam, &
493 1657 1975 1740 Sanctorum Patrum Conciliis postmodum declaratam, per
494 1738 1973 1816 praedictam licentiam generalem velle subuertere; videlicet, vt
488 1787 1962 1867 Monachi, seu Regulares viri, qui Praelatis Ecclesiasticis cano¬
497 1857 1969 1941 nice sunt subiecti, per talem licentiam eis in officio praedicatio¬
501 1945 1962 2006 nis, seu in aliis officiis Ecclesiasticis, adaequentur vniuersaliter,
494 2002 1965 2070 vel etiam praeponantur, contra canonicas sanctiones. Sed hoc
482 2057 1962 2133 solum videtur concedere, vt a Praelatis Ecclesiarum, cum hoc
498 2121 1963 2205 viderint Ecclesiis suis expedire, possint modo consueto & le¬
500 2217 1974 2291 gitimo, vt praedictum est, ad praedicta officia inuitari; que¬
503 2251 1972 2345 madmodùm dicitur in Lege Ciuili; quod si Imperator alicui
501 2322 1981 2405 concesserit liberam testamenti factionem, nihil aliud videtur
505 2391 1984 2476 concedere, nisi vt habeat consuetam & legitimam testamenti
502 2475 1967 2539 factionem; non enim credendum est, Romanum Principem,
500 2522 1981 2620 quiiura tuetur, huiusmodi verbo, totam obseruantiam testa¬
496 2595 1971 2675 mentorum, multis vigiliis excogitatam atque inuentam,
495 2688 1982 2745 velle euertere. Cod. De inofficioso testamento, E. Si quando¬
