2592 3508
564 161 2083 270 sionem deberent fieri meliores, per eamdem aliorum pectata
557 256 2051 343 prodendo siunt deteriores; videlicet proditores, && detracto¬;
553 328 2041 410 res. Haec autem forte faciunt Seductores praedicti;urplurimio¬
569 390 2041 461 rum peccata scientes, magis timeantur ab illis; quorum pecca¬
550 456 2034 550 ta norunt, & ob hoc eis chariores existant; cum ab illis se ti¬
565 509 1788 585 meant accusari, vel distamari, iuxta illud Iuuenalis;
768 585 1810 669 Scire volant secreta domus, atque inde timeri.
540 633 955 716 Item in eodem.
765 705 1792 810 Charus erit Verri, qui Verrem tempore quouis
765 769 1161 859 Accusare potest
589 842 2036 919 §. Huiusmoe Rimatores desidiosi sunt ad cognosdendum vi¬
557 913 2027 990 tam suam, sed valde curibsi ad cognoscendum alienam; quasi
535 985 2029 1076 vellent sanare languores spirituales hominum ad curam & regi¬
542 1051 2025 1144 men suum impertinentium; cum tamen magis intendant aos
539 1101 2023 1190 decipere, & sibi allicere, quam lsanare; quemadmodumi de
545 1174 2020 1258 quibusdam dicit Augustinus in lib. 10. Confessionum dicens.
549 1242 2013 1333 Quid mihi cum hominibus, vt audiant confessiones meas, quasi sana¬
542 1303 2061 1384 turi sint languores meos; contentiosum genus ad cognoscendum nie
540 1370 2019 1468 tam alienam, desidiosum ad cognoscendum suam. Item Iaue gla.
532 1427 2017 1543 super illud, Iuga boum emi quinque idicit Glos. curiosus; dum in¬
534 1502 2022 1583 uestigat vitam proximi, sua intima nescit; & Curiosi animis, quan¬
528 1544 1417 1657 to est peritus alieni, tanto est ignarus sui.
566 1599 1978 1722 §. Consequenter vero, postquam modo praedictos vel aliis
533 1699 1974 1797 rimati fuerint proprietates cuiusque; tunc quoscumque pos
524 1755 2006 1842 sunt, maxime autem maiores, ad suam simulationem indue
518 1827 2003 1937 cunt; hic est enim mos hypocritarum. Vnde Gregorius in lib¬
527 1889 2000 1964 §. Moral. Vtinam hypocritis sua damnatio sola sufficeret, & ne¬
508 1962 2011 2058 quaquam peruersa eorum studia ardenter alios ad viam damnationis
516 2031 1998 2108 instigarent; hoc namque vniuscuiusque hypocrita proprium esse so¬
513 2091 1992 2193 let, vt qualis ipse fuerit, tales & alios coniungi sibi velit; simplicita¬
507 2166 1975 2248 tem vitae refugiat, atque hoc imitandum imprimat; quod amat.
507 2229 1984 2326 Vnde & apud hypocritarum sensum simplicitas omnis in ciimine est;
493 2294 1987 2381 apertas quippe mentes diiudicant, & puritatem cordis hebetudinem
504 2363 1945 2442 appellant. Sic igitur decipiunt isti falsi Fratres hypocritae siqu
503 2417 1961 2510 lando, & ad simulationem omnes; quos possunt; indicendo
506 2484 1984 2590 donec ad tantum numerum fictorum hominuimi seii simula¬
500 2543 1962 2661 torum perueniant, qui magnum fadiant populum Antichristo
504 2633 1965 2719 venturo. Vnde super illud 2. Thess.I2. INam mosterium iam
488 2703 1973 2813 operatur iniquitatis, dicit Glos. Quidam putant hoc esse dictum
