2592 3508
530 122 2006 181 trantibus domos, qui licet nondum; praedicent manifestos er¬
518 194 2000 254 rores, tamen praedicant veritatem in dolo, vt seducant, id est
523 265 1994 325 ad se ducant, siue sibi alliciant subditos alienos, & eos faciant,
523 324 1995 388 quasi suos. Vnde paulo post super illud, Insipientia enim illorum
526 387 2004 451 omnibus manifesta erit dicit Glos. Comparat istos Seductores A¬
526 437 2004 521 post, lus Magis Pharaovis, quos Ieremias. Perdici insipienti aui¬
521 529 1986 598 culae comparat dicens; clamauit Perdix, congregauit quae non peperit,
530 579 2003 668 fecit sibi diuitias, non cum iudicio, in medio dierum eius derelinquent
523 652 1992 733 eam, & in nouissimis suis erit insipiens, id est manifestabitur esse
525 714 2007 774 insipiens. Tangit hic Ieremias naturam Perdicis, quae alii Perdici
534 779 1991 869 turripiens oua sua, fouet ea; denique cum pulli vocem propriae gene¬
529 849 1989 933 tricis audierint, naturali quodam instinctu; hanc quae fouit relin¬
525 914 1995 981 quunt, & ad eam, quae genuit, reuertuntur, vt dicit Isidorus Ety¬
531 970 1984 1046 molog. Iib. II. cap. De Auibus. Ecce quod secundumt Glos.
518 1027 1986 1108 istam exponitur Scriptura praedictade illis Pseudo & Penetran¬
534 1105 1980 1163 tibus domos, qui per elamorem suum, id est per suam praedi¬
519 1178 1977 1236 cationem & suasionem congregant subditos alienos, & eos sa¬
518 1253 1989 1315 ciunt quasi suos, sibi alliciendo & seducendo, id est ad se, siue
514 1307 1986 1364 ad consilia sua ducendo; qui tamen seducti plaerumque co¬
518 1377 1985 1442 gnita illorum fallacia derelinquunt eos, id est resipiscunt a do¬
518 1440 1974 1500 ctrina illorum. Et sic plaerumque manifestatur insipientia illo¬
518 1507 1977 1572 rum Pseudo, iuxta Prophetiam Apostoli supradictam; Quae
525 1576 1983 1644 tamen illorum insipientia prius putabatur sapientia, vt dicit Glos.
518 1627 705 1692 ibidem.
578 1711 1973 1772 §. Ista etiam expositio facta de Pseudo & Penetrantibus
515 1768 1971 1836 domos, hypocritis, & praedicantibus veritatem in dolo, ad al¬
505 1826 1979 1892 liciendum sibi subditos alieno, similiter, vel forsan vtilius aedi¬
515 1888 1970 1955 ficat Ecclesiam Dei; instruendo scilicet eam contra seductio¬
506 1969 1971 2036 nes illorum Pseudo, qui propter simulatam illorum sapientiam
508 2036 1966 2116 & sanctitatem difficilius cognoscuntur; sicut illa, quae exponit
506 2097 1980 2156 de Pseudo & Penetrantibus domos iam seminantibus haereti¬
509 2170 1968 2236 cos errores; qui errores modo propter diuulgatam notitiam
505 2229 1976 2301 fidei, facilius cognosci possunt. Et ideo sanin & vera est ista hu¬
497 2295 1962 2365 ius Scripturae expositio, sicut illa, licet etiam aliter senserit au¬
500 2363 1961 2457 thor eius. Nam sicut dicit Gregorius super illud Exech. 3. Va¬
499 2429 1962 2522 de ad domum Israel, & loqueris verba mea ad eos. Qxi in ex¬
500 2499 1974 2588 positione sacri eloqui aliter, quam is, qui protulit, senserit, & sub
499 2561 2005 2653 alio intellectu ad aedificationem tendit, Domini sunt verba, quae
490 2619 622 2700 dicit.
