2592 3508
562 161 2028 267 bestiai, Glos id est Antichristum, & totum corpus malorum,
565 240 2032 323 ascendentem, Glos. per alios malos se extollentem, habentem
562 307 2023 412 cornua septem, Glos. id est Principes vniuersos. Item Grego¬
566 366 2031 454 rius Iib. 33. Moral. Ministrorum Antichristi praedicatio facile ab
557 427 2025 516 Auditoribus contemni poterat; sed hanc ante humana iudicia adiun¬
554 498 2022 598 ctus Saecularium Potestatum terror exaltat. Ecce quod habe¬
559 564 2027 659 bunt Principes ad voluntatem suam, & quod extollentur per
552 634 2021 715 Principum potestatem; propter quod opprimere poterunt re¬
557 692 2028 785 sistentes, & etiam quosdam illorum vincere. Vnde Glos. dicit
552 763 2013 882 ibidem de Antichristo & corpore ipsius, Ad hoc, vt bene pos¬
550 832 2000 923 sit istos vincere, talem familiam sibi instituit, videlicet Princi¬
541 906 2020 996 pes & Potentes; & ideo persecutio ista tertia, quae est per falsos
551 951 2013 1061 Fratres satellites Antichristi, quoniam composita est ex vi &
551 1025 2011 1134 fraude, vt ostensum est supra ead. dist. in principio, fortissima
542 1104 2011 1188 tribulatio est, similis persecutionibus Antichristi; de quibus
541 1166 2013 1248 dicitur Matth. 24. Quod tanta erit tribulatio, qualis non fuit ab
535 1243 2001 1317 initio mundi vsque modo, neque fiet; & quod in errorem inducen¬
530 1290 1273 1371 tur, si fieri potest, etiam electi.
629 1364 2001 1445 §. Praeter dicta pericula, vide aliud grande periculum in
536 1417 1994 1517 Ecclesia generali. Certum est enim ex iam dictis, quod
529 1481 1997 1571 Pseudo-Praedicatoles & Penetrantes domos seducturi sunt po¬
528 1564 1998 1636 pulum Christianum in Ecclesia generali praedicando, & cu¬
533 1635 2001 1725 iussibet proprietates per confessiones rimando, & sic popu¬
528 1682 1992 1774 lum multipliciter sibi alliciendo, & a suorum Praelatorum &
530 1750 1996 1845 Doctorum veracium doctrina & consiliis auertendo, vt osten¬
532 1808 1998 1907 sum est supra ead. dist. Hos autem actus generaliter exercere
518 1897 1996 1982 non possent diutius, cum nulli praesint ordinariae potestati; nisi
521 1958 1980 2036 de commissione, vel permissione Romani Pontificis, & Coe¬
533 2028 1975 2124 piscoporum suorum. Dicti vero Pontifices (quorum potestas.
518 2090 1992 2179 & ordinata voluntas est in aedificationem Ecclesiae, & non in de¬
518 2146 1982 2235 structionem, 2. Corinth. 1o.)praedictos actus cex quibus tot &
515 2227 1985 2320 tanta pericula prouenire possunt, qualia sunt descripta su¬
511 2291 1982 2372 pra ead. dist. §. Ex hac autem seductione, & §. Contemptus, &
524 2339 1974 2443 §. Postquam autem, & duobus Patagraphis sequentibus) illis Se¬
513 2422 1970 2508 ductoribus nequaquam committerent, nec permitterent, nisi
504 2492 1972 2570 prius per illos adeo seducti essent, quod eos, non Ecclesiae
512 2554 1971 2645 destructores, sed potius aedificatores fore putarent. Restat
507 2617 1975 2710 igitur, quod Pseudo-Praedicatotes, & Penetrantes domos
498 2684 1975 2755 seducturi sunt in Ecclesia generali, non solum Subditos,
