2592 3508
529 200 2038 292 vel communem; sed priuatam & singularem, vt ostensum est
527 262 2032 334 supra dist. 1. §. Igitur secundum praelibatam, & §. Item ideo; & §.
549 313 877 388 A Deo enim.
587 407 2025 488 §. Est etiam casus, in quo; necessitates egentium, etiam
543 455 1992 526 corporaliter operari potentium, a bonis fidelibus sunt supplen
539 520 2023 609 dae; videlicet, sioperando quod possunt, non sufficiant sibi de
529 598 2029 677 opere suo necessaria exhibere. Vnde Apostolus 2. Thess. ai¬
551 650 2012 757 Vos autem, Fratres, nolite deficere benefacientes, Glos. pauperibus;
536 713 1695 810 quia etsi operentur; possunt tamen nonnullis indigere.
593 749 2023 881 §. Horum ergo egentium necessitates suppleri debent aut
527 861 2023 941 de bonis Ecclesiae, vt ostensum est supra ead. dist. §. Infirmitas
522 920 2020 1001 vero; aut fidelium subuentione, vt ostensum est pauloante; &
533 972 2005 1076 hoc, vel ex toto, videlicet si ita fuerint impediti, quod nihil
541 1048 2030 1133 omnino valeant operari, vt ostensum est supra ead. dist. §. Sunt
536 1115 2013 1199 autem quidam casus; vel ex parte, videlicet si sic fuerint impediti,
532 1178 2019 1281 quod nihilominus possint aliquando operari. Vnde Augusti¬
539 1250 2012 1339 nus in lib. De Opere Monach. cap. 16. Hoc suppleatur ex oblationis
529 1298 2011 1415 bus bonorum fidelium, quod laborantibus, & aliquid, vnde victum
523 1385 2027 1475 transigant operantibus, propter infirmitates tamen corporales ali¬
530 1446 2023 1531 quorum, & propter Ecclesiasticas occupationes, vel eruditionem do¬
532 1509 2010 1615 ctrinae salutaris deesse putauerint. Si autem desint istae supple¬
529 1574 2010 1672 tiones, probabiliter dici potest, quod praedicti egentes in dasi¬
534 1629 2012 1737 bus supradictis licite possint ad victum suum, vel per se, vel
531 1706 2017 1790 per alium aliena rogare, seu quod idem est, mendicare; qum
528 1772 2002 1861 tunc dici non valeant Apostoli praeceptum contemnere aut
534 1839 2008 1928 velle viuere otiose. Praedicatoribus canonice missis duntarat
518 1910 2024 2001 exceptis, qui recipiendo, vel petendo sumptus ex Euangelio
532 1961 2016 2063 dici nequeunt mendicare, sed potestatem Apostolicam exer¬
523 2042 2014 2109 cere, vt ostensum est supra dist. 1. §. Sed contra hoc forte. Sicer¬
526 2106 2006 2199 go habemus casus, in quibus Serui Dei, licet egeant, vel qpon
524 2163 2013 2259 habeant proprium vnde viuant, non tamen tenentur ex prae¬
522 2233 2006 2310 cepto Apostoli propter victum coporaliter operari, sed pos¬
515 2299 2013 2377 sunt, vel de Euangelio viuere, vel de bonis Ecclesiae, vel de fie
513 2373 2011 2460 delium subuentione, vel etiam de mendicatione, secundum
519 2439 2024 2518 difterentiam casuum praedictorum. Similiter haebemus ealiiss
514 2495 1490 2595 in quibus egeni possunt licite mendicate;
565 2555 2037 2649 §. Item ex praemissa authoritate Augustini supra eadi dist. I.
522 2630 2012 2727 Sunt autem quidam casus, quae authoritas incipit; Hpe seruos sugs
524 2690 2016 2801 Deui praemonet, &c. Notandum est, quod omnibus quaerenti;
