2592 3508
566 153 1160 228 dist. §. Ad illud autem.
607 187 2026 331 §. Si autem aliqui delicate nutriti, postquam bona sua pau¬
562 308 2038 399 peribus diuiferunt, velint in saeculo remanere; & dicentes sela¬
572 368 2036 475 borare non posse, velint de mendicatione viuere; non sunt, vt
566 432 2017 517 credimus, prohibendi, si non habeant vnde viuant; cum prae¬
559 483 2025 581 sumatur eos laborem operum corporalium, vt dictum est) su¬
566 545 2015 651 stinere non posse; & ideo dici non possunt praecaepti Aposto¬
553 616 2022 717 lici contemptores. Sic ergo habemus, quomodo Infirmitas Na¬
557 697 2019 788 turalis, & consuetudinalis excusant a praecepto Apostoli supra¬
553 745 703 812 dicto¬
621 818 2013 907 §. Item, vt praetactum est, occupatio Ecclesiastica, seu mili¬
549 890 2022 964 tiae Christianae, excusat hominem indigentem a praecaepto
555 955 2019 1047 Apostoli de operando corporaliter propter victum, dum ta¬
551 1022 2016 1092 men ita distringat quod aliusi agi non possit. Est autem occu¬
547 1089 2022 1155 patio Ecclesiastica duplex. Vna scilicet, quam habent Prae¬
559 1133 2022 1229 dicatores canonice missi, vel aliter animarum regimini de¬
545 1220 2004 1311 putati, vt sunt Ecclesiarum Praelati, vel ab eis canonise desti¬
544 1290 2015 1371 naci, qui sine opere manuum viuere possunt de Euangelio, vt
553 1351 2023 1452 ostensum est supra dist. 1. §. Item, vt ostendit Augustinusi Et
538 1402 2004 1508 hoc vel a mittentibus, vel ab eis, ad quos mittuntur, secun¬
539 1478 2012 1572 dum distinctionempositam supra dist. I. §. Verumtamen. Et hoc
541 1554 2010 1628 modo sumere sumptus non potest esse mendicitas, sed pote¬
543 1607 1872 1708 stas, vt ostensum est supra dist. 1. §. Sed contra hoc forte¬.
601 1682 2004 1772 §. Est & alia occupatio militiae Christianae, quam habent
535 1737 2000 1832 Clerici, & Regulares viri, in Ecclesiis, vel Monasteriis, ad cele¬
532 1802 2005 1892 brandum diuinum officium canonice instituti, qui de bonis
548 1870 2016 1978 Ecclesiae communibus viuere debent; & hoc prouidere debet
539 1930 2006 2020 Episcopus vel eorum Praelatus, ita quod nullus indigeat necessa¬
530 2017 2010 2084 riis inter illos, vt legitur 12. 6. Ecap. Videntes. Et quia prouide¬
534 2082 2010 2154 re hoc debet Episcopus, ideo statutum est in Canonibus, Quod
528 2146 2003 2241 nullus aedificet Ecclesiam sine consensus Diocesani, qui prouidereide¬
531 2196 1998 2284 bet, vt rundator dotet eani, competentes ilid sustentationem Custo¬
537 2259 2001 2374 lum, siue Clericorum, seu etiam Monachorum, qui seruituri sunt
525 2346 2005 2434 in ea. De Consec. dist. I9 ean. Nemo Ecclesiam adificet,
528 2411 2003 2484 16. q. 2. cap. Piae mentis. Si autem Episcopi de bonis Ecclesiae
534 2482 1996 2569 communibus, quae debentur Clericis ad officium. Ecclesiasti¬
523 2545 2008 2636 cum canonice institutis, aliquando ob causam sustenfationis
525 2611 2003 2684 aliquid impertiantur Monachis, seu quibuscumque aliis, non
511 2683 2009 2764 ad illud officium canonice institutis, sed tamen in secreto di¬
