2592 3508
493 153 1987 236 petuae fese exponere, nisi in casibus supradictis. Alios enim
500 225 1983 284 casus excusandi a praecepto Apostoli non meminimus nos le¬
500 291 1994 368 gisse in diuinis literis, nec etiam in humanis. Si quis autem in
513 380 1983 436 Canonicis Scripturis plures casus inuenerit, quod non credi¬
506 418 1587 483 mus, non repugnamus; sed facile assentimus.
569 483 1983 556 §. Si vero quaeratur, quare Apostolus Seruos Dei egentes,
497 571 1983 636 potentes operari corporaliter vnde viuant, praecepit operari,
508 634 1983 701 ne mendicare cogantur; Respondemus, quoniam tales mendi¬
501 703 1980 765 cantes, vt facilius viuere valeant in otio corporali, & inertiam
497 756 1993 819 suam soueant, frequenter eadunt in varia genera peccatorum,
495 817 1989 891 iuxta illud Eccles. 22. Propter inopiam multi deliquerunt. Quod
499 882 1977 964 intelligitur, non solum de inopia cordis, sed etiam corporali.
509 945 1990 1020 Vnde Glos. Propter inopiam cordis & corporis. Vnde sequitur
506 1027 1995 1107 per antithesim, Et qui quaerit locupletari, auertit oculos suos. Glos.
510 1082 1984 1148 a timore Dei. Quasi diceret. Nec nimia inopia secura est, nec amor
510 1146 1987 1212 diuitiarum. Aliquando enim, cum plaerumque mendicantibus
500 1217 1990 1277 magis propter praesentem pudorem, aut propter eorum im¬
506 1283 1989 1360 portunitatem aut propter aliam causam incompetentem,
509 1347 1979 1427 quam ex bona & libera voluntate detur, vt dictum est paulo
510 1428 1984 1491 ante; data suis datoribus infructuosa frequenter extorquent;
510 1478 1999 1547 & sic datores suos cum nulla eorum vtilitate grauant, quod est
506 1554 1993 1628 contrarium vitae & doctrinae Apostoli, vt ostensum est supra
502 1628 2002 1692 ead. dist §. Item multis. Item tales mendicantes, qui de labore
498 1698 1980 1755 corporali viuere possunt, cum non habeant necessitatem pe¬
508 1745 1983 1809 tendi necessaria vitae, quam mendicando voce, vel manu, se¬
512 1811 1986 1876 cundum etymologiam Isidori se habere dicunt, mendicando
507 1891 1999 1941 mentiuntur; & si de tali mendicatione viuunt, de mendacio vi¬
509 1950 2003 2011 uunt; & sic in peccato, & de peccato viuunt, vt ostensum est
505 2011 1996 2075 supra ead. dist. §. Sunt igitur otiosi, & §. Sed forte. Item pro¬
509 2090 1998 2162 pter hoc prohibentur ab Apostolo mendicare, quoniam tales
510 2160 2000 2227 mendicantes plaerumque, vt ad alienam mensam frequentius
515 2211 2002 2276 conuenire possint, vel vt eis alias libentius tribuatur, adulato¬
515 2273 1996 2341 res siunt, vt ostensum est paulo ante in illo. §. Si vero dicatur.
506 2353 2002 2412 Aliquando vero propter cibi penuriam, sicut adulantur suis
515 2403 1996 2475 largitoribus, ita detrahunt nolentibus eis largiri. Vnde Rom.
518 2495 2005 2556 vlt. super illud Huiusmodi enim non Domino seruiunt, sed suo ven¬
503 2555 1999 2620 tri, dicit Glos. Aliis adulantur, aliis detrabunt, vt possint suum
518 2602 1988 2676 ventrem implere. Item Bernardus. Hypocritae aliis adulantur,
506 2664 2001 2755 aliis detrabunt; mordaces vt canes, dolosi vt vulpes, superbi vt
