<?xml version="1.0" encoding="UTF-8" standalone="yes"?>
<PcGts xmlns="http://schema.primaresearch.org/PAGE/gts/pagecontent/2013-07-15" xmlns:xsi="http://www.w3.org/2001/XMLSchema-instance" xsi:schemaLocation="http://schema.primaresearch.org/PAGE/gts/pagecontent/2013-07-15 http://schema.primaresearch.org/PAGE/gts/pagecontent/2013-07-15/pagecontent.xsd">
    <Metadata>
        <Creator>prov=University of Rostock/Institute of Mathematics/CITlab|PLANET AI GmbH/Gundram Leifert/gundram.leifert@planet-ai.de:name=544029-m2(htr_id=29082)::::v=2.6.7
prov=University of Rostock/Institute of Mathematics/CITlab|PLANET AI GmbH/Tobias Gruening/tobias.gruening@planet-ai.de:name=de.uros.citlab.module.baseline2polygon.B2PSeamMultiOriented:v=2.6.7
prov=University of Rostock/Institute of Mathematics/CITlab|PLANET AI GmbH/Tobias Gruening/tobias.gruening@planet-ai.de:name=/net_tf/LA73_249_0mod360.pb:de.uros.citlab.segmentation.CITlab_LA_ML:v=2.6.6
Transkribus</Creator>
        <Created>2020-11-24T15:28:03.538+01:00</Created>
        <LastChange>2021-01-06T15:54:18.391+01:00</LastChange>
        <TranskribusMetadata docId="544029" pageId="22819242" pageNr="123" tsid="50718374" status="IN_PROGRESS" userId="48123" imgUrl="https://files.transkribus.eu/Get?id=DQGUMWIJJEPIDZQFIJPQBRSH&amp;fileType=view" xmlUrl="https://files.transkribus.eu/Get?id=QJJGMEJJLCOHYKLUSGWWPJXO" imageId="17792442"/>
    </Metadata>
    <Page imageFilename="317.jpg" imageWidth="2592" imageHeight="3508">
        <ReadingOrder>
            <OrderedGroup id="ro_1619609475193" caption="Regions reading order">
                <RegionRefIndexed index="0" regionRef="r2"/>
            </OrderedGroup>
        </ReadingOrder>
        <TextRegion orientation="0.0" id="r2" custom="readingOrder {index:0;}">
            <Coords points="534,6 534,2955 2121,2955 2121,6"/>
            <TextLine id="line_1607592446255_5004" custom="readingOrder {index:0;}">
                <Coords points="583,248 1821,249 1983,292 2079,268 2080,150 1661,212 583,205"/>
                <Baseline points="592,231 792,231 892,233 1092,239 1292,244 1392,243 1592,241 1792,242 1892,241 2070,241"/>
                <TextEquiv>
                    <Unicode>corporalitet vnde viant, deuiiofrtis. cisi Sr cli ipli</Unicode>
                </TextEquiv>
            </TextLine>
            <TextLine id="line_1607592450463_5007" custom="readingOrder {index:1;}">
                <Coords points="576,307 1800,313 1936,361 2072,326 2044,263 1651,243 576,271"/>
                <Baseline points="585,296 785,296 885,298 1085,304 1285,307 1385,307 1585,308 1785,311 1885,311 2062,312"/>
                <TextEquiv>
                    <Unicode>te debitis deftaudant, &amp; questemmedo corum sie filci¬</Unicode>
                </TextEquiv>
            </TextLine>
            <TextLine id="line_1607592455333_5010" custom="readingOrder {index:2;}">
                <Coords points="572,357 1998,424 2073,402 2074,346 572,334"/>
                <Baseline points="581,361 781,363 881,365 1081,368 1281,369 1381,369 1581,373 1781,374 1881,375 2064,376"/>
                <TextEquiv>
                    <Unicode>dum perpetrant, iuxta ilud Ecclesiasticit ise Venis qsi</Unicode>
                </TextEquiv>
            </TextLine>
            <TextLine id="line_1607592459889_5013" custom="readingOrder {index:3;}">
                <Coords points="567,418 1971,484 2076,460 2077,409 567,401"/>
                <Baseline points="576,425 776,430 876,431 1076,434 1276,437 1376,436 1576,435 1776,437 1876,437 2068,437"/>
                <TextEquiv>
                    <Unicode>tium vita pauperis est; Qui defraudat illum, home sangur¬</Unicode>
                </TextEquiv>
            </TextLine>
            <TextLine id="line_1607592465271_5016" custom="readingOrder {index:4;}">
                <Coords points="564,483 963,546 1089,506 2064,538 2064,469 1774,443 564,469"/>
                <Baseline points="574,488 774,495 874,500 1074,499 1274,499 1374,501 1574,501 1774,499 1874,499 2054,500"/>
                <TextEquiv>
                    <Unicode>nis est. Recipigndo etiam eleemosinas inualidis &amp; essirienti¬</Unicode>
                </TextEquiv>
            </TextLine>
            <TextLine id="line_1607592471231_5019" custom="readingOrder {index:5;}">
                <Coords points="564,552 807,597 2064,582 2064,537 1924,511 1841,546 1543,507 564,526"/>
                <Baseline points="574,558 774,560 874,557 1074,563 1274,567 1374,569 1574,570 1774,567 1874,566 2055,566"/>
                <TextEquiv>
                    <Unicode>bus erogundas, &amp; sic eos vitae suffragus defraudando, Sacrlle¬</Unicode>
                </TextEquiv>
            </TextLine>
            <TextLine id="line_1607592476479_5022" custom="readingOrder {index:6;}">
                <Coords points="567,621 1740,674 1995,669 2057,652 2058,598 567,601"/>
                <Baseline points="576,626 776,627 876,631 1076,637 1276,635 1376,634 1576,637 1776,638 1876,638 2048,638"/>
                <TextEquiv>
                    <Unicode>gium videntur comis iitere, vt ostensum est supra ead. dist. s. </Unicode>
                </TextEquiv>
            </TextLine>
            <TextLine id="r2l15" custom="readingOrder {index:7;}">
                <Coords points="594,696 2038,722 2039,656 1910,643 595,647"/>
                <Baseline points="603,683 674,686 745,687 816,689 888,691 959,692 1030,693 1101,695 1173,696 1244,698 1315,698 1386,699 1458,701 1529,701 1600,702 1671,704 1743,704 1814,705 1885,707 1956,707 2028,708"/>
                <TextEquiv>
                    <Unicode>Item videtur. Certum etiam est, quod propter mendicitatem</Unicode>
                </TextEquiv>
            </TextLine>
            <TextLine id="line_1607592496127_5037" custom="readingOrder {index:8;}">
                <Coords points="557,751 1410,804 2042,785 2006,713 1419,742 1037,692 557,736"/>
                <Baseline points="567,760 767,763 867,761 1067,760 1267,769 1367,769 1567,767 1767,766 1867,766 2033,767"/>
                <TextEquiv>
                    <Unicode>aut nimiam egestauem continuam facilea iustitia decsnatuir;</Unicode>
                </TextEquiv>
            </TextLine>
            <TextLine id="line_1607592500320_5040" custom="readingOrder {index:9;}">
                <Coords points="561,818 2055,858 2009,793 561,788"/>
                <Baseline points="571,815 771,819 871,822 1071,828 1271,833 1371,834 1571,834 1771,832 1871,831 2045,831"/>
                <TextEquiv>
                    <Unicode>Vnde I. Thess. 5. super illud, Rogamus vos, Fratres, vt noueritis</Unicode>
                </TextEquiv>
            </TextLine>
            <TextLine id="line_1607592513911_5049" custom="readingOrder {index:10;}">
                <Coords points="567,888 1767,908 1858,949 2061,923 2062,870 1340,828 1193,879 567,856"/>
                <Baseline points="577,890 777,890 877,892 1077,896 1277,898 1377,900 1577,902 1777,904 1877,904 2051,905"/>
                <TextEquiv>
                    <Unicode>eos, qui laborant inter vos, dicit Glos. Sicut diuitiae negligentiam</Unicode>
                </TextEquiv>
            </TextLine>
            <TextLine id="r2l22" custom="readingOrder {index:11;}">
                <Coords points="589,956 1732,1000 2049,989 2050,929 590,892"/>
                <Baseline points="599,947 671,948 743,951 815,953 887,954 959,956 1031,958 1103,960 1175,960 1247,962 1319,963 1391,965 1463,965 1535,966 1607,968 1679,968 1751,969 1823,971 1895,971 1967,972 2040,974"/>
                <TextEquiv>
                    <Unicode>salutis pariunt; ita egestas, dum saturari quaerit, aiustitia dedinat. </Unicode>
                </TextEquiv>
            </TextLine>
            <TextLine id="r2l23" custom="readingOrder {index:12;}">
                <Coords points="584,1027 1838,1079 2063,1046 2064,990 585,964"/>
                <Baseline points="593,1011 666,1014 739,1016 812,1019 885,1020 958,1022 1031,1023 1104,1025 1177,1026 1250,1027 1324,1028 1397,1029 1470,1029 1543,1031 1616,1031 1689,1032 1762,1032 1835,1034 1908,1035 1981,1035 2055,1037"/>
                <TextEquiv>
                    <Unicode>Nota, quod non dicit Glos. dum voluptates quaerit; sed, dum sarii¬</Unicode>
                </TextEquiv>
            </TextLine>
            <TextLine id="r2l24" custom="readingOrder {index:13;}">
                <Coords points="578,1091 2057,1116 2058,1055 1974,1044 1839,1078 1637,1039 579,1049"/>
                <Baseline points="588,1076 661,1079 734,1082 807,1083 880,1086 953,1088 1026,1089 1099,1091 1172,1091 1245,1092 1318,1092 1391,1094 1464,1094 1537,1095 1610,1095 1683,1097 1756,1097 1829,1098 1902,1099 1975,1101 2049,1103"/>
                <TextEquiv>
                    <Unicode>rari quaerit. Quasi diceret. Quando tanta est egestas, quod non</Unicode>
                </TextEquiv>
            </TextLine>
            <TextLine id="r2l25" custom="readingOrder {index:14;}">
                <Coords points="572,1155 2055,1190 2017,1107 1358,1141 573,1091"/>
                <Baseline points="582,1140 655,1144 728,1146 801,1148 874,1149 948,1151 1021,1153 1094,1154 1167,1155 1240,1157 1314,1157 1387,1158 1460,1158 1533,1160 1606,1161 1680,1161 1753,1163 1826,1164 1899,1164 1972,1166 2046,1167"/>
                <TextEquiv>
                    <Unicode>habet homo vnde saturari valeat, tunc propter necessitatem cibi</Unicode>
                </TextEquiv>
            </TextLine>
            <TextLine id="r2l26" custom="readingOrder {index:15;}">
                <Coords points="581,1223 1839,1276 2044,1246 2045,1188 582,1159"/>
                <Baseline points="591,1208 663,1209 735,1212 807,1214 879,1215 951,1217 1023,1220 1096,1220 1168,1221 1240,1223 1312,1224 1384,1226 1456,1226 1528,1227 1601,1227 1673,1229 1745,1230 1817,1230 1889,1232 1961,1232 2034,1233"/>
                <TextEquiv>
                    <Unicode>facile aiustitia declinat. Et hoc est contra illos, qui didunt, quod</Unicode>
                </TextEquiv>
            </TextLine>
            <TextLine id="r2l27" custom="readingOrder {index:16;}">
                <Coords points="571,1285 1825,1331 2052,1321 2053,1246 571,1242"/>
                <Baseline points="581,1272 654,1275 727,1277 800,1280 873,1281 946,1284 1019,1286 1092,1287 1165,1289 1238,1290 1311,1290 1384,1292 1457,1293 1530,1293 1603,1295 1676,1295 1749,1296 1822,1296 1895,1298 1968,1298 2042,1299"/>
                <TextEquiv>
                    <Unicode>mendicare propter sustentationem, non est illicitum, sed tant</Unicode>
                </TextEquiv>
            </TextLine>
            <TextLine id="r2l28" custom="readingOrder {index:17;}">
                <Coords points="567,1348 2048,1396 2049,1325 1933,1300 568,1307"/>
                <Baseline points="576,1337 649,1340 722,1342 795,1344 868,1347 941,1349 1014,1351 1088,1352 1161,1355 1234,1356 1307,1358 1380,1358 1453,1359 1526,1359 1600,1361 1673,1361 1746,1361 1819,1361 1892,1361 1965,1361 2039,1359"/>
                <TextEquiv>
                    <Unicode>tum propterfoluptatem; quod manifeste contrarium est sg¬</Unicode>
                </TextEquiv>
            </TextLine>
            <TextLine id="r2l30" custom="readingOrder {index:18;}">
                <Coords points="569,1419 2048,1467 2049,1392 1868,1371 1646,1405 570,1370"/>
                <Baseline points="579,1404 652,1409 725,1410 798,1413 871,1415 944,1417 1017,1419 1090,1420 1163,1421 1236,1422 1309,1422 1382,1424 1455,1424 1528,1425 1601,1425 1674,1427 1747,1427 1820,1428 1893,1428 1966,1430 2040,1431"/>
                <TextEquiv>
                    <Unicode>ritati. Saturari enim quaerit homo esuriens, non vpluptates</Unicode>
                </TextEquiv>
            </TextLine>
            <TextLine id="r2l31" custom="readingOrder {index:19;}">
                <Coords points="571,1499 1898,1532 2039,1520 2040,1467 572,1433"/>
                <Baseline points="581,1470 653,1474 725,1476 798,1479 870,1481 943,1482 1015,1485 1088,1485 1160,1487 1233,1488 1305,1488 1377,1490 1450,1490 1522,1491 1595,1492 1667,1493 1740,1494 1812,1495 1885,1496 1957,1498 2030,1500"/>
                <TextEquiv>
                    <Unicode>quaerens; sed sicut saturitatem quaerit egestas, sic voluptates</Unicode>
                </TextEquiv>
            </TextLine>
            <TextLine id="r2l32" custom="readingOrder {index:20;}">
                <Coords points="577,1564 1889,1604 2044,1533 578,1506"/>
                <Baseline points="587,1539 659,1542 731,1544 803,1545 876,1547 948,1548 1020,1550 1093,1551 1165,1553 1237,1554 1310,1556 1382,1556 1454,1557 1526,1559 1599,1559 1671,1560 1743,1560 1816,1562 1888,1562 1960,1563 2033,1563"/>
                <TextEquiv>
                    <Unicode>quaerit saturitas. Ideo etiam praecipit Apostolus egenos vali¬</Unicode>
                </TextEquiv>
            </TextLine>
            <TextLine id="r2l33" custom="readingOrder {index:21;}">
                <Coords points="577,1620 2038,1638 2039,1569 1889,1604 578,1562"/>
                <Baseline points="588,1604 660,1607 732,1610 804,1611 876,1614 948,1616 1020,1617 1092,1619 1164,1620 1236,1620 1308,1622 1380,1623 1452,1623 1524,1625 1596,1625 1668,1626 1740,1626 1812,1628 1884,1629 1956,1629 2028,1631"/>
                <TextEquiv>
                    <Unicode>dos operari corporaliter vnde viuant, vt non cogantur egestate</Unicode>
                </TextEquiv>
            </TextLine>
            <TextLine id="r2l34" custom="readingOrder {index:22;}">
                <Coords points="563,1681 1927,1731 2040,1702 2041,1637 563,1641"/>
                <Baseline points="573,1670 645,1673 718,1676 791,1679 864,1680 937,1682 1010,1683 1083,1685 1156,1686 1229,1686 1302,1686 1374,1688 1447,1688 1520,1689 1593,1689 1666,1690 1739,1691 1812,1692 1885,1693 1958,1695 2031,1697"/>
                <TextEquiv>
                    <Unicode>necessaria (non dicit voluptuosa) perere, vt dicit Glos. August. </Unicode>
                </TextEquiv>
            </TextLine>
            <TextLine id="r2l35" custom="readingOrder {index:23;}">
                <Coords points="557,1764 1656,1759 1803,1805 2038,1771 2039,1703 558,1698"/>
                <Baseline points="566,1733 639,1737 712,1740 785,1743 858,1746 932,1748 1005,1749 1078,1751 1151,1751 1224,1752 1298,1752 1371,1754 1444,1754 1517,1755 1590,1755 1664,1755 1737,1757 1810,1758 1883,1760 1956,1761 2030,1764"/>
                <TextEquiv>
                    <Unicode>posita supra ead. dist. §. Sunt igitur otiosi. Item Augustinus in lib. </Unicode>
                </TextEquiv>
            </TextLine>
            <TextLine id="r2l36" custom="readingOrder {index:24;}">
                <Coords points="555,1813 2040,1845 2041,1772 1942,1763 1802,1806 1655,1758 1482,1806 1392,1764 556,1766"/>
                <Baseline points="564,1799 637,1803 710,1805 783,1808 857,1811 930,1812 1003,1814 1077,1815 1150,1817 1223,1818 1297,1819 1370,1820 1443,1820 1516,1821 1590,1821 1663,1823 1736,1823 1810,1823 1883,1824 1956,1824 2030,1826"/>
                <TextEquiv>
                    <Unicode>De Opere Monach. cap. 13. Praecauit hoc Apostolus, ne quisquam</Unicode>
                </TextEquiv>
            </TextLine>
            <TextLine id="r2l37" custom="readingOrder {index:25;}">
                <Coords points="561,1880 1806,1891 1968,1931 2043,1926 2044,1868 1983,1832 1892,1868 1612,1824 561,1833"/>
                <Baseline points="570,1865 643,1869 716,1871 789,1874 862,1877 936,1878 1009,1880 1082,1880 1155,1881 1228,1883 1302,1883 1375,1883 1448,1884 1521,1884 1594,1885 1668,1886 1741,1887 1814,1889 1887,1889 1960,1892 2034,1893"/>
                <TextEquiv>
                    <Unicode>ex necessitate sustentandae vitae in mala opera dilabatur. Non dicit, </Unicode>
                </TextEquiv>
            </TextLine>
            <TextLine id="r2l38" custom="readingOrder {index:26;}">
                <Coords points="554,1942 2033,1973 2034,1926 1873,1899 555,1897"/>
                <Baseline points="564,1931 637,1934 710,1937 783,1938 856,1941 929,1943 1002,1944 1075,1946 1148,1946 1221,1947 1294,1947 1367,1949 1440,1949 1513,1950 1586,1950 1659,1952 1732,1953 1805,1953 1878,1956 1951,1958 2024,1959"/>
                <TextEquiv>
                    <Unicode>ex causa voluptatis quaerendae, sed, ex necessitate fustentandae vitae, </Unicode>
                </TextEquiv>
            </TextLine>
            <TextLine id="r2l39" custom="readingOrder {index:27;}">
                <Coords points="549,2012 2028,2049 2029,1974 1943,1959 1378,1993 550,1945"/>
                <Baseline points="558,1995 631,1998 704,2002 777,2004 850,2007 923,2009 996,2010 1069,2012 1142,2012 1215,2013 1288,2013 1361,2015 1434,2015 1507,2016 1580,2016 1653,2018 1726,2019 1799,2021 1872,2022 1945,2024 2018,2027"/>
                <TextEquiv>
                    <Unicode>Non est igitur licitum mendicare, siue propter voluptafessi, </Unicode>
                </TextEquiv>
            </TextLine>
            <TextLine id="r2l40" custom="readingOrder {index:28;}">
                <Coords points="551,2078 2041,2110 2003,2036 552,2022"/>
                <Baseline points="561,2063 634,2066 708,2069 781,2070 855,2073 928,2075 1002,2076 1075,2078 1149,2078 1222,2079 1296,2081 1369,2081 1443,2082 1516,2083 1590,2084 1663,2085 1737,2087 1810,2088 1884,2090 1957,2091 2031,2093"/>
                <TextEquiv>
                    <Unicode>siue propter sustentationem, nisi in casibus supradictis. Et noc</Unicode>
                </TextEquiv>
            </TextLine>
            <TextLine id="r2l41" custom="readingOrder {index:29;}">
                <Coords points="549,2148 2030,2174 2031,2109 1900,2095 1352,2130 550,2083"/>
                <Baseline points="558,2129 631,2132 704,2135 777,2138 850,2139 923,2141 996,2143 1070,2144 1143,2145 1216,2147 1289,2147 1362,2148 1435,2148 1508,2150 1582,2150 1655,2151 1728,2151 1801,2153 1874,2154 1947,2156 2021,2157"/>
                <TextEquiv>
                    <Unicode>idem patet per legem humanam, quae ideo prohibet validos</Unicode>
                </TextEquiv>
            </TextLine>
            <TextLine id="r2l42" custom="readingOrder {index:30;}">
                <Coords points="545,2212 2018,2248 2019,2177 1965,2166 546,2161"/>
                <Baseline points="554,2196 626,2199 699,2202 772,2204 845,2207 918,2208 990,2210 1063,2211 1136,2211 1209,2213 1282,2214 1354,2214 1427,2215 1500,2216 1573,2217 1646,2217 1718,2219 1791,2219 1864,2220 1937,2222 2010,2223"/>
                <TextEquiv>
                    <Unicode>mendicare, Ne sic mendicando, siue propter sustententationem, </Unicode>
                </TextEquiv>
            </TextLine>
            <TextLine id="r2l43" custom="readingOrder {index:31;}">
                <Coords points="554,2277 1821,2320 1994,2299 2012,2254 555,2211"/>
                <Baseline points="564,2262 635,2265 707,2269 779,2271 851,2273 923,2274 995,2276 1066,2277 1138,2279 1210,2280 1282,2280 1354,2282 1426,2282 1498,2283 1569,2283 1641,2285 1713,2286 1785,2286 1857,2288 1929,2289 2001,2292"/>
                <TextEquiv>
                    <Unicode>siue propter voluptatem, foueant inertiam suam. Cod. De iden</Unicode>
                </TextEquiv>
            </TextLine>
            <TextLine id="line_1607592553248_5097" custom="readingOrder {index:32;}">
                <Coords points="530,2337 1550,2386 1968,2375 2031,2328 531,2304"/>
                <Baseline points="539,2335 739,2339 839,2342 1039,2345 1239,2346 1339,2346 1539,2349 1739,2350 1839,2349 2021,2348"/>
                <TextEquiv>
                    <Unicode>dicantibus validis. I. Vna, lib. 11. Item in Authentic. De Quaesto¬</Unicode>
                </TextEquiv>
            </TextLine>
            <TextLine id="line_1607592557136_5100" custom="readingOrder {index:33;}">
                <Coords points="524,2401 2026,2456 2006,2356 525,2369"/>
                <Baseline points="533,2405 733,2408 833,2411 1033,2412 1233,2414 1333,2415 1533,2417 1733,2417 1833,2417 2017,2417"/>
                <TextEquiv>
                    <Unicode>re, §. Si vero occasione vitae, Coll. 6. Item certum est, quoti sali</Unicode>
                </TextEquiv>
            </TextLine>
            <TextLine id="line_1607592561646_5103" custom="readingOrder {index:34;}">
                <Coords points="527,2471 2023,2519 2024,2457 1653,2425 1371,2462 528,2418"/>
                <Baseline points="537,2470 737,2473 837,2474 1037,2478 1237,2481 1337,2484 1537,2484 1737,2483 1837,2483 2015,2483"/>
                <TextEquiv>
                    <Unicode>de periculosa est omnis necessitas; cogit enim homipemome</Unicode>
                </TextEquiv>
            </TextLine>
            <TextLine id="line_1607592567832_5106" custom="readingOrder {index:35;}">
                <Coords points="528,2543 1609,2593 2037,2562 2015,2517 1657,2490 528,2504"/>
                <Baseline points="537,2538 737,2541 837,2544 1037,2548 1237,2549 1337,2548 1537,2548 1737,2550 1837,2551 2028,2552"/>
                <TextEquiv>
                    <Unicode>nia experiri, &amp; inopinata, &amp; pudenda. Vnde Seneca omnia</Unicode>
                </TextEquiv>
            </TextLine>
            <TextLine id="r2l50" custom="readingOrder {index:36;}">
                <Coords points="542,2611 1855,2663 2060,2649 2061,2584 542,2566"/>
                <Baseline points="552,2598 630,2600 709,2603 788,2605 867,2607 946,2609 1025,2612 1104,2613 1183,2615 1262,2616 1340,2618 1419,2618 1498,2619 1577,2619 1656,2621 1735,2621 1814,2621 1893,2619 1972,2619 2051,2618"/>
                <TextEquiv>
                    <Unicode>experiri cogit necessitas. Item Petrus Anfulsi. Intantum est pese¬</Unicode>
                </TextEquiv>
            </TextLine>
            <TextLine id="r2l51" custom="readingOrder {index:37;}">
                <Coords points="532,2694 2021,2707 2022,2648 534,2615"/>
                <Baseline points="542,2664 615,2666 689,2669 762,2672 836,2673 909,2675 983,2678 1056,2679 1130,2681 1203,2682 1277,2682 1350,2684 1424,2685 1497,2685 1571,2687 1644,2687 1718,2687 1791,2688 1865,2688 1938,2688 2012,2688"/>
                <TextEquiv>
                    <Unicode>sima necessitas, vt omnia experiri cogat, atqueclegem non seruare</Unicode>
                </TextEquiv>
            </TextLine>
            <TextLine id="r2l52" custom="readingOrder {index:38;}">
                <Coords points="524,2738 1997,2805 1998,2722 1894,2694 1758,2731 1611,2687 525,2698"/>
                <Baseline points="534,2730 606,2733 679,2736 752,2739 824,2741 897,2744 970,2746 1042,2748 1115,2750 1188,2751 1261,2753 1333,2754 1406,2756 1479,2756 1551,2757 1624,2757 1697,2757 1769,2757 1842,2756 1915,2756 1988,2754"/>
                <TextEquiv>
                    <Unicode>compellat, &amp; ad res cunctas constringat. Item Seneca. Necessita</Unicode>
                </TextEquiv>
            </TextLine>
            <TextEquiv>
                <Unicode>corporalitet vnde viant, deuiiofrtis. cisi Sr cli ipli
te debitis deftaudant, &amp; questemmedo corum sie filci¬
dum perpetrant, iuxta ilud Ecclesiasticit ise Venis qsi
tium vita pauperis est; Qui defraudat illum, home sangur¬
nis est. Recipigndo etiam eleemosinas inualidis &amp; essirienti¬
bus erogundas, &amp; sic eos vitae suffragus defraudando, Sacrlle¬
gium videntur comis iitere, vt ostensum est supra ead. dist. s. 
Item videtur. Certum etiam est, quod propter mendicitatem
aut nimiam egestauem continuam facilea iustitia decsnatuir;
Vnde I. Thess. 5. super illud, Rogamus vos, Fratres, vt noueritis
eos, qui laborant inter vos, dicit Glos. Sicut diuitiae negligentiam
salutis pariunt; ita egestas, dum saturari quaerit, aiustitia dedinat. 
Nota, quod non dicit Glos. dum voluptates quaerit; sed, dum sarii¬
rari quaerit. Quasi diceret. Quando tanta est egestas, quod non
habet homo vnde saturari valeat, tunc propter necessitatem cibi
facile aiustitia declinat. Et hoc est contra illos, qui didunt, quod
mendicare propter sustentationem, non est illicitum, sed tant
tum propterfoluptatem; quod manifeste contrarium est sg¬
ritati. Saturari enim quaerit homo esuriens, non vpluptates
quaerens; sed sicut saturitatem quaerit egestas, sic voluptates
quaerit saturitas. Ideo etiam praecipit Apostolus egenos vali¬
dos operari corporaliter vnde viuant, vt non cogantur egestate
necessaria (non dicit voluptuosa) perere, vt dicit Glos. August. 
posita supra ead. dist. §. Sunt igitur otiosi. Item Augustinus in lib. 
De Opere Monach. cap. 13. Praecauit hoc Apostolus, ne quisquam
ex necessitate sustentandae vitae in mala opera dilabatur. Non dicit, 
ex causa voluptatis quaerendae, sed, ex necessitate fustentandae vitae, 
Non est igitur licitum mendicare, siue propter voluptafessi, 
siue propter sustentationem, nisi in casibus supradictis. Et noc
idem patet per legem humanam, quae ideo prohibet validos
mendicare, Ne sic mendicando, siue propter sustententationem, 
siue propter voluptatem, foueant inertiam suam. Cod. De iden
dicantibus validis. I. Vna, lib. 11. Item in Authentic. De Quaesto¬
re, §. Si vero occasione vitae, Coll. 6. Item certum est, quoti sali
de periculosa est omnis necessitas; cogit enim homipemome
nia experiri, &amp; inopinata, &amp; pudenda. Vnde Seneca omnia
experiri cogit necessitas. Item Petrus Anfulsi. Intantum est pese¬
sima necessitas, vt omnia experiri cogat, atqueclegem non seruare
compellat, &amp; ad res cunctas constringat. Item Seneca. Necessita</Unicode>
            </TextEquiv>
        </TextRegion>
    </Page>
</PcGts>
