<?xml version="1.0" encoding="UTF-8" standalone="yes"?>
<PcGts xmlns="http://schema.primaresearch.org/PAGE/gts/pagecontent/2013-07-15" xmlns:xsi="http://www.w3.org/2001/XMLSchema-instance" xsi:schemaLocation="http://schema.primaresearch.org/PAGE/gts/pagecontent/2013-07-15 http://schema.primaresearch.org/PAGE/gts/pagecontent/2013-07-15/pagecontent.xsd">
    <Metadata>
        <Creator>prov=University of Rostock/Institute of Mathematics/CITlab|PLANET AI GmbH/Gundram Leifert/gundram.leifert@planet-ai.de:name=544029-m2(htr_id=29082)::::v=2.6.7
prov=University of Rostock/Institute of Mathematics/CITlab|PLANET AI GmbH/Tobias Gruening/tobias.gruening@planet-ai.de:name=de.uros.citlab.module.baseline2polygon.B2PSeamMultiOriented:v=2.6.7
prov=University of Rostock/Institute of Mathematics/CITlab|PLANET AI GmbH/Tobias Gruening/tobias.gruening@planet-ai.de:name=/net_tf/LA73_249_0mod360.pb:de.uros.citlab.segmentation.CITlab_LA_ML:v=2.6.6
Transkribus</Creator>
        <Created>2020-11-24T15:28:07.164+01:00</Created>
        <LastChange>2021-01-06T15:55:36.103+01:00</LastChange>
        <TranskribusMetadata docId="544029" pageId="22819246" pageNr="127" tsid="50718412" status="IN_PROGRESS" userId="48123" imgUrl="https://files.transkribus.eu/Get?id=IEGGVWJLWNKRDGGZHRCOZTQW&amp;fileType=view" xmlUrl="https://files.transkribus.eu/Get?id=KSDBHHVOAEKKRCUPGUGINPRY" imageId="17792446"/>
    </Metadata>
    <Page imageFilename="321.jpg" imageWidth="2592" imageHeight="3508">
        <ReadingOrder>
            <OrderedGroup id="ro_1619609476003" caption="Regions reading order">
                <RegionRefIndexed index="0" regionRef="r1"/>
            </OrderedGroup>
        </ReadingOrder>
        <TextRegion orientation="0.0" id="r1" custom="readingOrder {index:0;}">
            <Coords points="524,4 524,2854 2045,2854 2045,4"/>
            <TextLine id="r1l14" custom="readingOrder {index:0;}">
                <Coords points="521,238 1635,269 2012,255 2032,197 1771,137 1637,206 1480,163 1296,207 521,177"/>
                <Baseline points="530,225 604,225 679,225 753,225 828,225 902,225 977,227 1051,227 1126,228 1200,228 1275,230 1350,230 1424,231 1499,232 1573,233 1648,234 1722,234 1797,234 1871,236 1946,236 2021,236"/>
                <TextEquiv>
                    <Unicode>sa statuta diuinitus ediderunt. Item contra hoc etiam elt</Unicode>
                </TextEquiv>
            </TextLine>
            <TextLine id="r1l15" custom="readingOrder {index:1;}">
                <Coords points="524,302 2010,307 1912,243 525,245"/>
                <Baseline points="534,290 607,290 680,291 753,291 827,291 900,293 973,293 1047,293 1120,294 1193,295 1267,296 1340,296 1413,297 1486,297 1560,299 1633,299 1706,300 1780,300 1853,300 1926,300 2000,302"/>
                <TextEquiv>
                    <Unicode>instantia manifesta, in Iuda Domini proditore, qui cum esset</Unicode>
                </TextEquiv>
            </TextLine>
            <TextLine id="r1l16" custom="readingOrder {index:2;}">
                <Coords points="524,372 1901,397 2007,381 2008,309 524,323"/>
                <Baseline points="534,356 607,356 680,357 753,357 826,359 900,359 973,360 1046,360 1119,362 1192,362 1266,363 1339,363 1412,363 1485,365 1558,365 1632,365 1705,366 1778,366 1851,366 1924,368 1998,368"/>
                <TextEquiv>
                    <Unicode>electus a Domino, iuxta illud Ioan. 6. Nonne ego duodecim vos</Unicode>
                </TextEquiv>
            </TextLine>
            <TextLine id="r1l17" custom="readingOrder {index:3;}">
                <Coords points="521,437 1993,465 2007,380 521,394"/>
                <Baseline points="531,419 604,420 677,420 750,422 824,422 897,423 970,425 1044,425 1117,426 1190,428 1264,428 1337,429 1410,429 1483,431 1557,431 1630,432 1703,432 1777,432 1850,432 1923,432 1997,431"/>
                <TextEquiv>
                    <Unicode>elegi, &amp; vnus ex vobis Diabolus est? (quod dicebat propter Iu¬</Unicode>
                </TextEquiv>
            </TextLine>
            <TextLine id="r1l18" custom="readingOrder {index:4;}">
                <Coords points="522,498 1962,523 2008,466 522,445"/>
                <Baseline points="531,488 604,488 677,488 750,488 824,489 897,489 970,491 1044,492 1117,492 1190,494 1264,495 1337,495 1410,497 1483,498 1557,498 1630,498 1703,500 1777,500 1850,500 1923,500 1997,500"/>
                <TextEquiv>
                    <Unicode>dam proditorem, vt dicit Gloss.I &amp; propter Dominum omnia</Unicode>
                </TextEquiv>
            </TextLine>
            <TextLine id="r1l19" custom="readingOrder {index:5;}">
                <Coords points="520,567 2012,577 2012,530 1933,506 521,520"/>
                <Baseline points="530,554 603,554 677,555 750,555 824,557 898,557 971,558 1045,558 1119,560 1192,561 1266,561 1340,563 1413,563 1487,564 1561,564 1634,564 1708,564 1782,564 1855,564 1929,564 2003,563"/>
                <TextEquiv>
                    <Unicode>reliquisset CVnde Petrus loquens pro omnibus Apostolis, in¬</Unicode>
                </TextEquiv>
            </TextLine>
            <TextLine id="r1l20" custom="readingOrder {index:6;}">
                <Coords points="517,636 1864,661 2021,653 2022,598 517,585"/>
                <Baseline points="527,620 601,620 675,621 749,623 824,624 898,624 972,626 1046,627 1121,627 1195,629 1269,629 1343,630 1418,630 1492,632 1566,632 1640,633 1715,633 1789,633 1863,633 1937,633 2012,633"/>
                <TextEquiv>
                    <Unicode>ter quos erat Iudas, dicit Matth. 19. Ecce nos reliquimus omniae, </Unicode>
                </TextEquiv>
            </TextLine>
            <TextLine id="r1l21" custom="readingOrder {index:7;}">
                <Coords points="536,704 2018,715 2018,654 1956,639 536,651"/>
                <Baseline points="546,686 619,687 692,688 765,689 838,690 911,692 984,692 1058,693 1131,695 1204,695 1277,696 1350,697 1423,698 1496,698 1570,698 1643,699 1716,699 1789,698 1862,698 1935,698 2009,696"/>
                <TextEquiv>
                    <Unicode>&amp; secuti sumus te) &amp; sic, non dito, perfectus, sed in statu per¬ </Unicode>
                </TextEquiv>
            </TextLine>
            <TextLine id="r1l22" custom="readingOrder {index:8;}">
                <Coords points="523,765 2018,796 2019,714 1978,710 524,706"/>
                <Baseline points="533,753 606,753 680,753 754,755 828,755 902,756 976,758 1049,758 1123,760 1197,761 1271,762 1345,764 1419,764 1493,765 1566,765 1640,765 1714,765 1788,765 1862,764 1936,764 2010,761"/>
                <TextEquiv>
                    <Unicode>fectionis esset; nihilominus tamen postea, adhuc manens Apo¬</Unicode>
                </TextEquiv>
            </TextLine>
            <TextLine id="r1l23" custom="readingOrder {index:9;}">
                <Coords points="524,829 1787,871 2013,853 2014,794 524,769"/>
                <Baseline points="533,818 606,818 680,819 753,820 827,821 900,822 974,824 1047,825 1121,827 1194,828 1268,830 1342,830 1415,831 1489,833 1562,833 1636,834 1709,834 1783,834 1856,834 1930,834 2004,833"/>
                <TextEquiv>
                    <Unicode>stolus, propter inopiam &amp; cupiditatem pecuniae, lapsus ost in</Unicode>
                </TextEquiv>
            </TextLine>
            <TextLine id="r1l24" custom="readingOrder {index:10;}">
                <Coords points="529,901 2016,928 1983,849 1115,880 530,837"/>
                <Baseline points="539,885 612,885 685,887 759,888 832,890 906,890 979,891 1052,893 1126,894 1199,896 1273,896 1346,897 1419,899 1493,899 1566,900 1640,900 1713,900 1786,902 1860,902 1933,902 2007,900"/>
                <TextEquiv>
                    <Unicode>furtum &amp; proditionem. Vnde Ioan. 12. dicitur de illo, quia</Unicode>
                </TextEquiv>
            </TextLine>
            <TextLine id="r1l25" custom="readingOrder {index:11;}">
                <Coords points="529,964 2013,979 1983,921 1839,914 1229,907 1160,948 1055,905 530,913"/>
                <Baseline points="539,950 612,951 685,953 758,954 831,954 905,956 978,957 1051,959 1124,960 1197,961 1271,962 1344,963 1417,965 1490,965 1563,966 1637,966 1710,968 1783,968 1856,968 1929,968 2003,969"/>
                <TextEquiv>
                    <Unicode>tur erat, &amp; loculos habens, Glos. Ioculorum Domini eustos, </Unicode>
                </TextEquiv>
            </TextLine>
            <TextLine id="r1l26" custom="readingOrder {index:12;}">
                <Coords points="526,1028 1650,1039 1702,1076 2017,1063 2018,979 526,986"/>
                <Baseline points="536,1017 609,1017 683,1017 756,1019 830,1019 903,1020 977,1022 1050,1023 1124,1025 1197,1026 1271,1028 1345,1029 1418,1030 1492,1031 1565,1032 1639,1032 1712,1032 1786,1032 1859,1031 1933,1030 2007,1028"/>
                <TextEquiv>
                    <Unicode>ea, quae mittebantur, Gloss. in loculos, portabat, Gloss. ministe¬</Unicode>
                </TextEquiv>
            </TextLine>
            <TextLine id="r1l27" custom="readingOrder {index:13;}">
                <Coords points="532,1093 1988,1136 2020,1072 532,1044"/>
                <Baseline points="542,1080 615,1082 688,1083 762,1085 835,1085 908,1086 982,1088 1055,1089 1128,1091 1202,1092 1275,1094 1348,1094 1422,1095 1495,1097 1568,1097 1642,1098 1715,1098 1788,1098 1862,1098 1935,1097 2009,1097"/>
                <TextEquiv>
                    <Unicode>rio, sed tollebat furto, id est asportabat. Vnde etiam Chri¬</Unicode>
                </TextEquiv>
            </TextLine>
            <TextLine id="r1l28" custom="readingOrder {index:14;}">
                <Coords points="528,1156 2023,1179 1972,1110 1614,1147 1567,1106 528,1099"/>
                <Baseline points="537,1145 610,1146 684,1148 758,1149 832,1151 906,1152 979,1154 1053,1155 1127,1157 1201,1158 1275,1160 1348,1161 1422,1161 1496,1163 1570,1163 1644,1164 1717,1164 1791,1164 1865,1164 1939,1164 2013,1163"/>
                <TextEquiv>
                    <Unicode>stum vendidit, vt haberet pecuniam Matth. 20. Quid vultis</Unicode>
                </TextEquiv>
            </TextLine>
            <TextLine id="r1l29" custom="readingOrder {index:15;}">
                <Coords points="517,1228 1938,1269 2015,1194 518,1186"/>
                <Baseline points="527,1212 600,1213 674,1214 748,1215 822,1217 896,1217 970,1219 1043,1221 1117,1223 1191,1224 1265,1226 1339,1227 1413,1228 1487,1229 1560,1230 1634,1230 1708,1230 1782,1230 1856,1230 1930,1230 2004,1229"/>
                <TextEquiv>
                    <Unicode>mihi dare, &amp; ego eum vobis tradam ? At illi constituerunt ei trigin¬</Unicode>
                </TextEquiv>
            </TextLine>
            <TextLine id="r1l30" custom="readingOrder {index:16;}">
                <Coords points="534,1290 1978,1320 2005,1237 1451,1275 878,1221 817,1258 534,1243"/>
                <Baseline points="543,1278 615,1280 688,1281 760,1281 833,1283 906,1284 978,1286 1051,1287 1123,1289 1196,1290 1269,1292 1341,1292 1414,1293 1486,1295 1559,1295 1632,1296 1704,1296 1777,1296 1849,1296 1922,1296 1995,1296"/>
                <TextEquiv>
                    <Unicode>ta argenteos. Si. ergo inter duodecim Apostolos a Domino</Unicode>
                </TextEquiv>
            </TextLine>
            <TextLine id="r1l31" custom="readingOrder {index:17;}">
                <Coords points="537,1358 1867,1399 2013,1376 2014,1323 538,1307"/>
                <Baseline points="546,1346 618,1346 691,1347 764,1349 837,1350 910,1352 983,1353 1055,1353 1128,1355 1201,1356 1274,1358 1347,1359 1420,1359 1493,1361 1565,1361 1638,1362 1711,1362 1784,1362 1857,1361 1930,1361 2003,1359"/>
                <TextEquiv>
                    <Unicode>electos, qui reliquerunt omnia propter Christum, vnus illo¬</Unicode>
                </TextEquiv>
            </TextLine>
            <TextLine id="r1l32" custom="readingOrder {index:18;}">
                <Coords points="518,1421 1844,1467 2024,1436 2025,1392 518,1376"/>
                <Baseline points="527,1410 601,1412 675,1413 750,1414 824,1415 899,1416 973,1418 1047,1419 1122,1421 1196,1422 1271,1424 1345,1424 1419,1425 1494,1427 1568,1428 1643,1428 1717,1428 1791,1430 1866,1430 1940,1430 2015,1430"/>
                <TextEquiv>
                    <Unicode>rum postea lapsus est in furtum &amp; proditionem, quoniam adhut</Unicode>
                </TextEquiv>
            </TextLine>
            <TextLine id="r1l33" custom="readingOrder {index:19;}">
                <Coords points="526,1491 2021,1518 2003,1438 1248,1468 527,1426"/>
                <Baseline points="536,1476 609,1478 683,1479 757,1479 831,1481 905,1482 978,1484 1052,1485 1126,1487 1200,1488 1274,1490 1347,1491 1421,1493 1495,1493 1569,1494 1643,1494 1716,1494 1790,1494 1864,1494 1938,1493 2012,1491"/>
                <TextEquiv>
                    <Unicode>in rebus temporalibus cor habens, vinculum cupiditatis non omninm</Unicode>
                </TextEquiv>
            </TextLine>
            <TextLine id="r1l34" custom="readingOrder {index:20;}">
                <Coords points="524,1556 1830,1591 1970,1589 2022,1535 525,1514"/>
                <Baseline points="533,1542 610,1542 688,1544 766,1545 844,1547 922,1548 1000,1550 1077,1552 1155,1554 1233,1556 1311,1557 1389,1559 1467,1559 1544,1560 1622,1560 1700,1560 1778,1560 1856,1560 1934,1559 2012,1557"/>
                <TextEquiv>
                    <Unicode>abruperat, vt dicit Glos. super illud Pod. 1os. Scrutetur feenera¬</Unicode>
                </TextEquiv>
            </TextLine>
            <TextLine id="r1l35" custom="readingOrder {index:21;}">
                <Coords points="534,1621 1943,1658 2027,1644 2028,1567 534,1569"/>
                <Baseline points="543,1605 616,1608 690,1610 764,1612 838,1614 911,1616 985,1617 1059,1619 1133,1620 1206,1622 1280,1623 1354,1624 1428,1625 1501,1626 1575,1626 1649,1626 1723,1627 1796,1628 1870,1628 1944,1626 2018,1626"/>
                <TextEquiv>
                    <Unicode>tor omnem substantiam eius, &amp;c. non est mirum, si inter inmni¬</Unicode>
                </TextEquiv>
            </TextLine>
            <TextLine id="r1l36" custom="readingOrder {index:22;}">
                <Coords points="1569,1660 1592,1660 1594,1662 1603,1662 1603,1630 1569,1630"/>
                <Baseline points="1578,1655 1593,1655"/>
                <TextEquiv>
                    <Unicode>E Exa</Unicode>
                </TextEquiv>
            </TextLine>
            <TextLine id="r1l37" custom="readingOrder {index:23;}">
                <Coords points="524,1685 1539,1733 2025,1700 2026,1643 525,1641"/>
                <Baseline points="533,1671 607,1673 681,1676 755,1677 829,1679 903,1680 977,1682 1051,1683 1125,1685 1199,1686 1274,1688 1348,1688 1422,1689 1496,1689 1570,1691 1644,1691 1718,1691 1792,1691 1866,1692 1940,1692 2015,1692"/>
                <TextEquiv>
                    <Unicode>tas duodenas hominum, per ingressum Rreligionis omniapro¬</Unicode>
                </TextEquiv>
            </TextLine>
            <TextLine id="r1l38" custom="readingOrder {index:24;}">
                <Coords points="523,1772 2013,1792 2014,1703 524,1706"/>
                <Baseline points="533,1736 606,1738 680,1740 753,1743 827,1745 900,1746 974,1748 1047,1749 1121,1751 1194,1752 1268,1754 1341,1754 1415,1755 1488,1755 1562,1757 1635,1757 1709,1757 1782,1758 1856,1758 1929,1758 2003,1758"/>
                <TextEquiv>
                    <Unicode>pter Christum relinquentium, non tamen postea longe abaet</Unicode>
                </TextEquiv>
            </TextLine>
            <TextLine id="r1l39" custom="readingOrder {index:25;}">
                <Coords points="523,1818 1966,1854 2034,1788 523,1777"/>
                <Baseline points="533,1806 607,1808 682,1809 756,1810 831,1812 905,1812 980,1814 1054,1815 1129,1817 1203,1818 1278,1820 1353,1820 1427,1821 1502,1821 1576,1823 1651,1823 1725,1823 1800,1824 1874,1824 1949,1824 2024,1823"/>
                <TextEquiv>
                    <Unicode>cularium conuersatione habitantium; immo inter gentes in¬</Unicode>
                </TextEquiv>
            </TextLine>
            <TextLine id="r1l40" custom="readingOrder {index:26;}">
                <Coords points="532,1885 1900,1917 2031,1894 2032,1835 532,1837"/>
                <Baseline points="542,1869 616,1872 690,1874 764,1875 838,1878 912,1880 986,1881 1060,1883 1134,1883 1208,1884 1282,1885 1356,1886 1430,1886 1504,1887 1578,1887 1652,1887 1726,1889 1800,1889 1874,1889 1948,1889 2022,1889"/>
                <TextEquiv>
                    <Unicode>ciuitatibus commixtorum, nec non inter Saeculares Viros &amp;</Unicode>
                </TextEquiv>
            </TextLine>
            <TextLine id="r1l41" custom="readingOrder {index:27;}">
                <Coords points="536,1948 2027,1997 1996,1906 537,1891"/>
                <Baseline points="545,1938 618,1940 692,1941 765,1943 839,1944 913,1946 986,1947 1060,1948 1134,1949 1207,1950 1281,1952 1355,1952 1428,1953 1502,1955 1576,1955 1649,1956 1723,1956 1797,1957 1870,1958 1944,1958 2018,1959"/>
                <TextEquiv>
                    <Unicode>Mulieres frequenter conuersantium; non de labore corporali, </Unicode>
                </TextEquiv>
            </TextLine>
            <TextLine id="r1l42" custom="readingOrder {index:28;}">
                <Coords points="528,2033 1945,2058 2047,1991 529,1970"/>
                <Baseline points="539,2006 613,2007 688,2009 763,2009 838,2010 913,2012 988,2013 1062,2015 1137,2016 1212,2016 1287,2018 1362,2019 1437,2020 1512,2021 1586,2022 1661,2022 1736,2024 1811,2024 1886,2024 1961,2024 2036,2024"/>
                <TextEquiv>
                    <Unicode>quem non exercent; non de communibus bonis Ecclesiaesquae¬</Unicode>
                </TextEquiv>
            </TextLine>
            <TextLine id="r1l43" custom="readingOrder {index:29;}">
                <Coords points="529,2085 2005,2110 2031,2044 530,2039"/>
                <Baseline points="539,2070 613,2072 687,2073 761,2075 835,2076 909,2078 983,2079 1057,2081 1131,2082 1205,2084 1280,2085 1354,2087 1428,2088 1502,2088 1576,2090 1650,2090 1724,2090 1798,2090 1872,2090 1946,2090 2021,2088"/>
                <TextEquiv>
                    <Unicode>non habent; sed de sola mendicitate ab ipsis Saecularibus sema</Unicode>
                </TextEquiv>
            </TextLine>
            <TextLine id="r1l44" custom="readingOrder {index:30;}">
                <Coords points="520,2164 1981,2182 2055,2164 2056,2098 521,2105"/>
                <Baseline points="530,2138 605,2138 681,2139 757,2141 833,2142 908,2144 984,2145 1060,2147 1136,2148 1211,2150 1287,2152 1363,2153 1439,2154 1514,2156 1590,2156 1666,2156 1742,2157 1817,2156 1893,2156 1969,2154 2045,2153"/>
                <TextEquiv>
                    <Unicode>per viuentium; inueniantur multi, qui adhuc in rebus saecula</Unicode>
                </TextEquiv>
            </TextLine>
            <TextLine id="r1l45" custom="readingOrder {index:31;}">
                <Coords points="521,2220 1893,2251 2031,2228 2032,2162 1512,2210 1454,2172 522,2169"/>
                <Baseline points="530,2205 604,2205 679,2205 753,2207 828,2208 902,2210 977,2211 1051,2213 1126,2215 1200,2217 1275,2219 1350,2220 1424,2222 1499,2223 1573,2223 1648,2223 1722,2223 1797,2222 1871,2220 1946,2219 2021,2214"/>
                <TextEquiv>
                    <Unicode>ribus cor habentes vinculum cupiditatis, aut alterius affectio¬</Unicode>
                </TextEquiv>
            </TextLine>
            <TextLine id="r1l46" custom="readingOrder {index:32;}">
                <Coords points="527,2283 2052,2307 2052,2256 1984,2240 527,2234"/>
                <Baseline points="536,2271 611,2271 686,2273 761,2274 837,2276 912,2277 987,2279 1063,2282 1138,2283 1213,2285 1289,2286 1364,2288 1439,2288 1514,2289 1590,2290 1665,2291 1740,2291 1816,2289 1891,2288 1966,2287 2042,2285"/>
                <TextEquiv>
                    <Unicode>nis saecularis, non omnino abruperint dicentes Dauide¬</Unicode>
                </TextEquiv>
            </TextLine>
            <TextLine id="r1l47" custom="readingOrder {index:33;}">
                <Coords points="532,2348 2033,2365 1994,2302 780,2329 533,2287"/>
                <Baseline points="542,2336 616,2338 690,2339 764,2342 838,2343 912,2345 986,2346 1060,2348 1134,2349 1208,2351 1283,2352 1357,2354 1431,2354 1505,2355 1579,2355 1653,2357 1727,2357 1801,2357 1875,2355 1949,2355 2024,2355"/>
                <TextEquiv>
                    <Unicode>Psal. 1os. Commixti sunt inter gentes &amp; dedicerunti  ope¬</Unicode>
                </TextEquiv>
            </TextLine>
            <TextLine id="r1l48" custom="readingOrder {index:34;}">
                <Coords points="515,2416 1973,2451 2030,2440 2031,2366 515,2376"/>
                <Baseline points="524,2403 598,2405 673,2406 748,2408 823,2410 898,2412 973,2413 1047,2415 1122,2415 1197,2417 1272,2418 1347,2420 1422,2420 1497,2421 1571,2421 1646,2423 1721,2423 1796,2424 1871,2424 1946,2424 2021,2424"/>
                <TextEquiv>
                    <Unicode>ra eorum. Praesertim; cum eorum innumera multitudo</Unicode>
                </TextEquiv>
            </TextLine>
            <TextLine id="r1l49" custom="readingOrder {index:35;}">
                <Coords points="523,2484 1048,2467 1805,2529 2006,2511 2008,2439 1769,2432 1727,2471 524,2432"/>
                <Baseline points="533,2469 606,2471 679,2472 752,2474 825,2477 899,2478 972,2480 1045,2481 1118,2483 1191,2484 1265,2486 1338,2487 1411,2489 1484,2489 1557,2490 1631,2490 1704,2492 1777,2492 1850,2492 1923,2490 1997,2490"/>
                <TextEquiv>
                    <Unicode>melior non existat illa hominum paucitate, quae hubi¬</Unicode>
                </TextEquiv>
            </TextLine>
            <TextLine id="r1l50" custom="readingOrder {index:36;}">
                <Coords points="523,2549 1995,2592 2022,2519 523,2502"/>
                <Baseline points="533,2538 610,2540 688,2541 766,2543 844,2544 922,2547 1000,2549 1077,2550 1155,2552 1233,2553 1311,2553 1389,2555 1467,2556 1544,2556 1622,2558 1700,2558 1778,2559 1856,2559 1934,2559 2012,2559"/>
                <TextEquiv>
                    <Unicode>tauit in arca Noe, aut in domo Abrahae aut in domo Isaaci</Unicode>
                </TextEquiv>
            </TextLine>
            <TextLine id="r1l51" custom="readingOrder {index:37;}">
                <Coords points="523,2614 2031,2643 2032,2584 1956,2577 524,2570"/>
                <Baseline points="533,2604 607,2606 681,2607 756,2609 830,2610 905,2613 979,2615 1053,2616 1128,2618 1202,2619 1277,2621 1351,2622 1425,2624 1500,2625 1574,2625 1649,2627 1723,2627 1797,2625 1872,2625 1946,2624 2021,2622"/>
                <TextEquiv>
                    <Unicode>aut in domo lacob, aut in domo Dauid, aut in consortio ip¬</Unicode>
                </TextEquiv>
            </TextLine>
            <TextLine id="r1l52" custom="readingOrder {index:38;}">
                <Coords points="528,2682 1706,2732 2024,2713 2025,2660 828,2662 529,2619"/>
                <Baseline points="537,2669 610,2672 684,2674 758,2676 832,2678 906,2680 980,2682 1054,2684 1128,2685 1202,2688 1276,2688 1349,2690 1423,2691 1497,2693 1571,2693 1645,2694 1719,2694 1793,2694 1867,2694 1941,2694 2015,2694"/>
                <TextEquiv>
                    <Unicode>sius Christi, de qua paucitate aliqui grauissime peccauerunt; </Unicode>
                </TextEquiv>
            </TextLine>
            <TextLine id="r1l53" custom="readingOrder {index:39;}">
                <Coords points="524,2754 1729,2803 1807,2768 2009,2812 2037,2701 1415,2747 525,2683"/>
                <Baseline points="533,2738 607,2741 682,2743 757,2746 831,2748 906,2751 981,2753 1055,2755 1130,2757 1205,2759 1280,2760 1354,2762 1429,2762 1504,2762 1578,2763 1653,2763 1728,2762 1802,2762 1877,2760 1952,2758 2027,2756"/>
                <TextEquiv>
                    <Unicode>Nec sit securior eorum cohabitatio, quam sit Coelum Eppre</Unicode>
                </TextEquiv>
            </TextLine>
            <TextEquiv>
                <Unicode>sa statuta diuinitus ediderunt. Item contra hoc etiam elt
instantia manifesta, in Iuda Domini proditore, qui cum esset
electus a Domino, iuxta illud Ioan. 6. Nonne ego duodecim vos
elegi, &amp; vnus ex vobis Diabolus est? (quod dicebat propter Iu¬
dam proditorem, vt dicit Gloss.I &amp; propter Dominum omnia
reliquisset CVnde Petrus loquens pro omnibus Apostolis, in¬
ter quos erat Iudas, dicit Matth. 19. Ecce nos reliquimus omniae, 
&amp; secuti sumus te) &amp; sic, non dito, perfectus, sed in statu per¬ 
fectionis esset; nihilominus tamen postea, adhuc manens Apo¬
stolus, propter inopiam &amp; cupiditatem pecuniae, lapsus ost in
furtum &amp; proditionem. Vnde Ioan. 12. dicitur de illo, quia
tur erat, &amp; loculos habens, Glos. Ioculorum Domini eustos, 
ea, quae mittebantur, Gloss. in loculos, portabat, Gloss. ministe¬
rio, sed tollebat furto, id est asportabat. Vnde etiam Chri¬
stum vendidit, vt haberet pecuniam Matth. 20. Quid vultis
mihi dare, &amp; ego eum vobis tradam ? At illi constituerunt ei trigin¬
ta argenteos. Si. ergo inter duodecim Apostolos a Domino
electos, qui reliquerunt omnia propter Christum, vnus illo¬
rum postea lapsus est in furtum &amp; proditionem, quoniam adhut
in rebus temporalibus cor habens, vinculum cupiditatis non omninm
abruperat, vt dicit Glos. super illud Pod. 1os. Scrutetur feenera¬
tor omnem substantiam eius, &amp;c. non est mirum, si inter inmni¬
E Exa
tas duodenas hominum, per ingressum Rreligionis omniapro¬
pter Christum relinquentium, non tamen postea longe abaet
cularium conuersatione habitantium; immo inter gentes in¬
ciuitatibus commixtorum, nec non inter Saeculares Viros &amp;
Mulieres frequenter conuersantium; non de labore corporali, 
quem non exercent; non de communibus bonis Ecclesiaesquae¬
non habent; sed de sola mendicitate ab ipsis Saecularibus sema
per viuentium; inueniantur multi, qui adhuc in rebus saecula
ribus cor habentes vinculum cupiditatis, aut alterius affectio¬
nis saecularis, non omnino abruperint dicentes Dauide¬
Psal. 1os. Commixti sunt inter gentes &amp; dedicerunti  ope¬
ra eorum. Praesertim; cum eorum innumera multitudo
melior non existat illa hominum paucitate, quae hubi¬
tauit in arca Noe, aut in domo Abrahae aut in domo Isaaci
aut in domo lacob, aut in domo Dauid, aut in consortio ip¬
sius Christi, de qua paucitate aliqui grauissime peccauerunt; 
Nec sit securior eorum cohabitatio, quam sit Coelum Eppre</Unicode>
            </TextEquiv>
        </TextRegion>
    </Page>
</PcGts>
