2592 3508
584 202 2051 315 nae conuersationis praebent aliis, sicut faciebant illi pauperes
588 283 2056 399 Sanctorum, qui erant in Ierusalem tempore; Apostolorum.
581 360 2039 443 Act. 4. Et ideo volunt omnino vacare spiritualibus, scilicet ora¬
585 425 2049 508 tionibus, psalmis, & lectioni, & praedicationi; & ne interpo¬
578 494 2043 596 rant ista opera spiritualia, quae sunt meliora corporalibus, ideo
577 559 2048 659 nolunt operari corporaliter, vnde viuant; sed magis eligunt
578 624 2047 723 mendicare; & hoc appellant mendicare propter Deum istdon¬
553 701 2045 779 ne isti licite mendicare possunt, licet validi sint corporesad o¬
578 761 2028 836 operandum; Immo videtur, quod ad opus illorum dehaoasit fie¬
554 820 2039 901 ri collectae per vniuersam Ecclesiam, sicut siebant tunc ab Apo¬
560 885 2041 972 stolis, ad opus illorum, qui etant tunc in lerusalem, vt legitur
553 965 2047 1029 Rom. Is. & 3. Corinth. 6. Non enim praetermittenda sunt
569 1003 2031 1116 spiritualia opera, quae sunt maiora bona, propter opeta corpo¬
563 1083 2032 1172 ralia, quae sunt minora bona; sede contrario. Vnde Iice 9.
569 1138 2032 1244 super illud. Sine, vt mortul sepeliant mortuos suos, dicit diloss.
561 1209 2031 1331 Ciocer Domibus minora bona pro vtilitare eiorum esse praraprpdit¬
573 1265 712 1330 renda,
620 1345 2031 1453 §. Ad quod sufficienter respondet Augustinus, loquens con¬
560 1409 2020 1513 tra illos Monachos Carthaginenses, contra quos fecit librum
557 1472 2028 1581 Ete opere Monachorum, qui similiter se exeusabant a praecaepto
564 1530 2015 1646 Apostoli de operando manibus propter necessitatem victus,
551 1609 2025 1703 eo quod spiritualibus operibus vacabant. Vnde in eodem lib¬
557 1672 2032 1782 cap. 19. opponit Augustinus contra illorum exculationem in
543 1722 2060 1852 hunc modum dicens. Quid enim agant, qui corporaliter spernr¬
547 1805 2023 1916 ri nolunt; cui res vacent, scire desidero. Et statim ponit respon¬
553 1855 2016 1965 siouem eorum dicens. Orationibus, inquiont, & psaliis, qu
544 1923 2017 2043 lrduioas, & verbo Dei, id est praedicationi. Deinde suid res
542 2000 2017 2109 ponsioni opponit dicens. Sancta plane vita. Sed si ab iit aupecui¬
542 2064 2020 2175 di non sumus; non n aniduscaridum est, nec ipsae escae quoridie prapa¬
547 2137 2023 2233 raumdae, vt possint assuomi. Si autem ad ista sernos Dei certis pprer¬
545 2201 2014 2301 hallis temporum ipsius infirmitatis humanie necessitas cogit; cur nori
547 2260 2024 2363 & praeceptis Apostolicis, scilicet de operando corporaliter, ibses¬
545 2329 2028 2429 nandis, aliquas papres temporienideput amus? Citius enpio exelqudit aui
541 2384 2011 2500 vna obedientos oratio, quam decem millia contemptoris. Quasi di¬
545 2459 2028 2571 ceret. Sicut interponunt opera spiritualia, propter cibum corpoialem
541 2522 2029 2609 parandum, & manducandum; sic debent interponere, propret dibcum
549 2593 2020 2702 corporalee, corporaliter operando que veuduuio; & docione, quia citius
546 2658 2016 2757 ext ouiitur vna orutio illituis qios ubedit Apostolo, cerpopaliten operal¬
536 2714 2023 2836 do, quam decem millia illius; qui contra praecepeum Apostoli, magis
