2592 3508
559 169 2046 250 ta die, & nolens sumere carnalem cibum. Quod cum audisset
560 235 2045 339 Frater, prostrauit se ad poenitentiam dicens. Ignoste mihi, Ab¬
554 306 2023 387 ba. Et dixit ei Senex, Puto, opus habet omninb Mariae Martha.
549 374 2044 448 Nam in veritate Contemplatiui laudantur per opera misericordiae, quae
555 442 2036 509 dgunt ipsi ex ofsicio Adautho. Pater igitur per authoritatos Au¬
556 512 2030 579 gustini, & per exempla Hieronymi, quod ille, qui indiget ne¬
570 580 2038 652 cessariis huius vitae, intermittere debet orationes, & alia opera
564 634 2030 741 spiritualia Clicet opera spiritualia simpliciter Ioquendo sint me¬
563 704 2026 781 liora corporalibus) propter opera corporalia, vnde viuat; nisi
557 767 2031 860 spiritualibus ita sit adstrictus per Ecclesiam, quod nihil aliud a¬
566 848 2027 911 gere possit; tunc enim excusaretur a praecepto Apostoli de ope¬
563 914 2037 1005 rando, vt ostensum est supra ead. dist. in illo. §. Sunt lautem
543 970 873 1048 quidum casus.
645 1019 2019 1115 §. Ad illud autem; quod obijcitur de Pauperibus Sanctis,
547 1105 2035 1170 qui erant in serusalem, quod fiebant collectae ad opus ipsorum;
563 1168 2016 1260 si esporidet sufficienter Augustinus, assignans ad hoc duplicem
545 1241 2018 1306 responsionem, quarum Prima est; quod illi Sancti, qui erant in
552 1297 2026 1389 ferusalem;cum diuites fuissent, & delicate vixissent, omnia
557 1372 2027 1440 praedia sua vendiderant, & pretia posuerant ad pedes Aposto¬
547 1433 2024 1523 lorum ad opus pauperum conuersorum, vt legitur Act. 4. Vn¬
558 1483 2030 1582 de, quia indigebant, & vnde viuerent, non habebant, & men¬
558 1562 2031 1633 dicare erubescebant, vt ostensum est paulo ante de Timotheo
541 1634 2034 1730 §. Item cum Aispostolus; & de corporali labore victum acquirere
550 1702 2024 1772 non valebant, quia praesumebatur eos laborem corporalium
545 1774 2032 1858 operum ferre non posse, eo quod diuites fuerant; ideo ad opus
546 1831 2039 1922 corum fiebant collectae. Secunda potio esti quod iidem San¬
549 1870 2021 1956 cti, qui trant in Ierusalem, miseranit Gentilibus primos Prae¬
547 1960 2039 2023 dicatores, qui eos ab idololatria conuerterant ad cultum Chri¬
540 2024 2034 2124 sti; & quia sic eis sua spiritualia communicauerant, idleofsebi¬
551 2099 2027 2186 tores eorum erant Gentiles conuersi, vt eis sua carnallo nisi¬
542 2154 2034 2243 strarent; & ideo siebant collectas apud Gentiles conuersos, ad
548 2233 2027 2300 opus illorum Sanctorum, qui erant in Ierusalem. Et hoc
553 2298 2043 2363 probat Augustinus per Scripturam Apostolorum Act. 4. &
550 2366 2031 2449 per Scripturam Apostoli Rom. I9. sic dicens in eodem lib. cap¬
548 2425 2038 2527 20. Solent rales, non melius, sicut multi putant, sed quisislerum est,
541 2481 2028 2596 lauiguidius educati, laborem operum corporalium sustinere non posse¬
551 2555 2029 2651 Tales fortasse multi erant in lerosolomae; vam scriptum est, quod
538 2626 2028 2717 praedia sua vendiderint, & pretia eorumm aiure pedes Apostolorum po¬
550 2687 2038 2772 suerint vt distribueretur vnicuique, proue opus erat. Ecce prinma
