2592 3508
510 146 1977 244 inde vero ostendit Augustinus, praeceptum Apostoli supradis
518 212 1961 308 ctum, non esse contrarium verbo Euangelii supradicto. Vnde
506 274 1961 365 librum illum diuidit Augustinus in duas partes; in quarum pri¬
505 355 1955 440 ma ostendit, quod praeceptum Apostoli supradictum ad om¬
510 420 1961 493 nes illos extenditur, qui nullo legitimo impedimento deten¬
500 483 1971 549 ti, operari potentes, sed nolentes, prae nimia egestate necessa¬
500 554 1972 637 ria quaerere compelluntur ;volens, vt a nullo indigeant victu
507 614 1969 700 & tegumento, quoniam hoc valet spiritualiter Seruis Christi.
500 674 1968 773 In secunda vero parte ostendit, quod operari manibus, pro¬
511 754 1964 820 pter necessitatem victus, non est contrarium illis praeceptis
507 813 1962 874 Domini Matth. 6. Nolite solliciti esse dicentes, quid manducabi¬
503 882 1971 946 mut? &c. Item, Nolite solliciti esse in crastinum, &c. Vnde in
494 954 1973 1018 eodem lib. cap. 3. dicit Augustinus sic. Primo ergo demonstrare
509 1010 1977 1101 debemus, §. Apostolum Paulum opera corporalia Seruos Dei operari
519 1076 1971 1157 voluisse, quae finem haberent in magnam spiritualem mercedem, ad
505 1131 1982 1207 hoc vt ipsi victu & tegumentea nullo indigerent, sed manibus suis
503 1197 1973 1276 hoc sibi procurarent; deinde ostendere illa Evangelica praecepta, de
505 1282 1973 1357 quious nonnulli, non solum pigritiam, sed & arrogantiam suam fo¬
506 1347 1969 1412 uent, Apostolico praecepto & exemplo non esse contraria. Patet
509 1393 1973 1471 igitur, quod Augustinus praeceptum Apostoli de operando
516 1474 1974 1535 manibus propter necessitatem victus, non solum inducit con¬
513 1540 1959 1628 tra illos Monachos, qui dicebant non debere corporaliterope
499 1602 1978 1674 rari, ne fieret contra praecepta Euangelii supradicta; sed etiam
506 1675 1974 1747 contra illos Monachos, seu quoscumque alios Seruos Christi,
503 1738 1973 1809 qui, licet non sint illius falsae opinionis; tamen, aut propter
509 1802 1964 1892 arrogantiam, aut propter aliam causam minus legitimam, no¬
512 1857 1969 1957 lunt operari corporaliter vnde viuant, cum tamen indigeant
508 1937 1962 2020 necessariis vitae, & a praecepto Apostoli non legitime excusen¬
513 1995 596 2052 tur.
550 2026 1971 2130 §. Item; quod ad omnes tales Monachos extendatur praecae¬
499 2138 1971 2205 ptum Apostoli supradictum, patet ex eo, quod dicit Hierony¬
499 2185 1974 2259 mus Ad Rusticum Monachum. Si Apostoli habentes potesta¬
501 2258 1974 2333 tem de Evangelio videre, laborabant manibus suis, ne quemquam
505 2338 1975 2428 grauarent, & aliis tribuebant refrigeria, quorum pro spiritualibus
509 2400 1986 2468 debebant metere carnalia; curtu in vsus tuos cessura non praepares;
507 2473 1983 2549 aut fiscellam texe iunco, aut canistrum lentis plecte viminibus. Et
506 2515 1984 2611 infra. Texantur lina capiendis piscibus; scribantur & libri, vt
507 2601 1980 2659 & manus operetur cibos, & anima satietur lectione. De Con¬
490 2666 1979 2740 sec. dist. 5. ean. Numquam. Item Hieronymus Ad Mancum
