2592 3508
499 140 2040 271 Presbyterum. Nihil oriosus accipider daum quosiuiea n&e lorep pist
502 234 2042 340 labore quaerimus cibum; scientes ab ua postolo diciu essei er
492 314 2041 406 AVTEM NON OPERATVI; NONI MAPDVcEy Item an liti, pet
504 376 2027 477 Historiae Tripartitae, quam Casodorus transtulit de Fraeco
512 441 2034 517 in Eatinuim, siclegitur. Monachus; nisi uperaius fueiit Pi liis
526 491 2041 578 bus, violento iudicatur aqualis. Item ibiderums Serapionidirca des
516 573 2046 667 cem millia sub se Monachos habuit, quos omnes sice ducabasi tut in
512 633 2036 732 propriis sudoribus necessaria compararent; & aliis ministraiet iren¬
506 698 2038 784 tibus. Item Beatus Benedictus ini Regola adenacherunip r au
519 767 2043 862 capitulo Dei opere manuum quotidianos ita dicita ? Tuns ipere
524 828 2031 932 Monachi sunt, si de labore manuum viuunt; sicut Apostoli & ipa¬
519 908 2038 985 tres nostri. Ecce qualiter Augustinus, & Hieronymus il &
518 987 2044 1054 Benedictus ostendunt seipsos, & alios Monachos; tam ex praes¬
517 1031 2040 1101 cepto Apostoli, quam exemplo Apostolorum austrictos ad
540 1107 2030 1182 operandum corporaliter propter victum; cum tamen constet
544 1174 2030 1253 eos non fuisse illius falsae opinionis, vt crederent corporaliter
544 1261 2030 1326 operari, esse contrarium praecaeptis. Euangelicis, supradictis.
550 1307 2041 1380 Item Cassianus in lib. 10. De institulis Monachorum. Hoc est
543 1386 2044 1453 apud Agyptum ab antiquis Patribus sancta sententia, operantem
544 1448 2034 1542 Monachum vno Doemone pulsari; otiosum vero innumeris spiritibus
543 1506 769 1590 deuastari.
534 1565 576 1613 ilit
599 1547 2037 1652 §. Item videtur, quod in omni conuentu Regularium nen
537 1629 2029 1723 habente sufficienter necessaria huius vitae, illi, qui aptr Iuut
535 1700 2036 1775 ad operandum, nec sunt oceupatione Ecclesiastica sic districti,
554 1790 2026 1861 quod aliud agere non possint, debent pro victu conuentus
549 1830 2032 1915 corporaliter operari. Quod si labor eorum non sufficii con¬
541 1916 2035 1991 uentui, forte propter multitudnem infirmorum; lot osespar
545 1959 2037 2067 tione Ecclesiastica districtorum, qui non possunt cprporaliter
551 2065 2034 2124 operari; tunc indigentiae illius conuentus ex eleemosynis box
503 2089 2033 2195 norum fidelium debent suppleri. Vnde Augustinus in lib. xie
554 2162 2035 2244 opere Monach. cap. I6. Qui excellentiorem sanctitatis graduur in
544 2238 2040 2326 Et clesia Dei tenere voluerunt, vt spei saecularis vincula cuncta praes¬
545 2294 2031 2383 cinderent, & animum libenter diuinae militiae dedicarent; sic debent
553 2394 2037 2451 & ipsi praeceptis Apostolicis obedire, vt compatiantur infirinis; &
546 2444 2034 2517 amore priuatae rei non illigati, manibus suis in commune laborare, vt
548 2504 2034 2573 hoc suppleatur ex oblationibus bonorum fidelium; quod laborantibus,
542 2571 2041 2640 & aliquid, vnde vitam transigant, operantibus, propter infirmita¬
550 2640 2026 2717 tes tamen Monachorum aliquorum, & occupationes Ecclesiasticas,
553 2705 2022 2780 & eruditionem doctrins salutaris, deesse putauerint. Nota hic,
