2592 3508
526 194 1976 276 quod illorum indigentiae, qui nihil omnino volunt operari cor¬
527 265 1980 347 poraliter vnde viuant, licet ab operando legitimam excusatio¬
521 323 1980 396 nem non habeant, supplendae non sunt; id est, non est dignum,
524 412 1976 474 vt suppleantur de eleemosynis fidelium; sed indigentie illorum
530 457 1983 544 tantum, qui licet operentur, quod possunt, tamen non sibi
532 525 1989 602 sufficiunt; quia tales otiosi dici non possunt. Vnde super illud
527 610 1992 679 2. Thessal. 3. Vos autem, Fratres nolite deficere benefacientes,
530 659 1994 723 dicit Glos. pauperibus; quia etsi operentur, possunt tamen nonnullis
527 723 1991 788 indigere, vt dictum est supra ead. dist. §. Est etiam casuis. Quasi
536 787 1995 875 diceret. Illis pauperibus benefacite, qui operantur quod possurt, sed
531 873 1990 932 tamen opus suum eis non sufficit ad viuendum. Per hoc innuens
547 916 1978 980 Glos. quod illi sunt indigni beneficio, qui nihil operantes.
526 1001 1989 1069 cum possint, volunt viuere otiosi. Non tamen peccant, qui tali¬
540 1052 1988 1116 bus ex pietate benefaciunt; sed peccant ipsi, qui recipiunt. Vn¬
529 1117 1999 1180 de sequitur in Glos. Non entm in reprehensionem venit, qui hu¬
539 1185 1994 1244 manus est in largiendo; sedis, qui cum possit laborem serre, otiosus
536 1249 927 1333 vult vitam agere.
596 1315 1994 1386 §. Item certum est, quod inter illos, qui omnia reliquerunt
530 1379 1989 1462 propter Christum, meliores sunt illi, qui postea operantur,
538 1458 1984 1524 Vnde viuant, & vnde necessitatem patientibus tribuant, quam
534 1513 1998 1573 illi, qui non operantur, cum possint. Vnde Act. 20. super il¬
519 1575 1999 1636 lud. Beatius est magis dare, quam accipere. dicit, Glos. Illos autem
527 1634 1990 1709 maxime glorificat, qui cunctis, quae possident, semel renuntiantes,
527 1706 1984 1771 nihilominus operantur, vt habeant, vnde tribuant necessitatem pa¬
521 1771 1996 1836 tienti. Item Cassianus De institutis Monachorum lib. 10. Haec
533 1827 1996 1915 est, inquit, impertiens beatior largitas, quam accipientis penuria;
523 1906 1995 1978 quae non de pecunia per infidelitatem, vel diffidentiam reseruata; nec
530 1963 1980 2028 de reconditis auaritiae thesauris impenditur; sed quae defructibus ope¬
525 2035 1997 2098 ris proprii, & pio sudore profertur. Ideo Augustinus in lib. De
536 2098 1991 2163 opore Monach. cap. 19. Ioquens de quibusdam Regularibus ita
522 2162 1998 2236 dicit. Si obedire praecepto Apostoli, scilicet de operando manibus,
541 2236 1995 2309 vel nolunt, vel non possunt; saltem illos, qui volunt, meliores; qui
524 2298 1998 2374 autem etiam postunt, faeliciores esse fateantur, iuxta illud Apostoli
536 2378 1995 2435 I. Cor. 2. AEMVIAMINI CRARISMATAMELIOR4A. Item in eodem
524 2426 1988 2509 lib. cap. 31. Fratres, qui non operantur; saltem illos, qui operantur,
536 2512 1986 2583 anteponendos sibi non dulitent. Deinde vero illos, qui non ope¬
534 2570 1995 2627 rantur, cum necessariis vitae indigeant, sed vagantur extra
527 2625 1988 2708 Monasteria propter quaestum, appellat contumaces, eo quod
520 2691 2007 2756 non obediunt praecepto Apostoli de operando manibus; &
