2592 3508
534 99 2064 212 bas operantem in lege Domiuliineditari¬ Quiffallere sion ini Domini;
531 195 799 268 altissimis
591 270 2044 346 §. Quod vero dicunt se vacare diuinae leotsonis; non eos Exi¬
545 324 2043 409 culat, sed magis accusat, cum in eainuersant praeceituimt tisi
547 401 2039 469 postoli supradictum, videlicet de operando vnaribusepropter;
531 463 2044 555 victum. Peruersi sunt ergo semper legendo; & quod doLet¬
548 523 2043 605 lectio, non agendo; nolentes facere quouleguut, vo diutius.
557 587 2051 690 legere possint. Vnde Augustinus in eode caprguraurem se qlii
553 666 2031 740 cunt vacare lectioni, nonne illic inueniunt, quod praecipit Spostoluss
558 729 2047 803 Quae est ergo ista peruersitas, lectioni nolle obtemperare; dum vulret
566 795 2046 876 vacare; & vt quod bonum est, diutius feratur ;  rdeu facere volle
555 850 2046 953 bonum; quod legitur? Quis enim nesciat tantocitiusquemque prosi¬
557 927 2031 997 cere, cum bona legit; quantocitius facit, quod segitE? LOTRI¬IPEE;
600 991 2036 1069 §. Quod autem se dicunt vacarespraedicadoni, siue doctrinae,
557 1054 2040 1126 vel disputatroni, nomeos similiter ab ogerando exenfat; dum
549 1127 2046 1210 nonomnes valeant praedicare vel docere; etsi etiam omises pos¬
545 1178 2034 1252 sent, melius tamen est, quod successiuepraedicent, vel doces
543 1266 2038 1338 ant, quam quod simul; ne caeteri a. necessariis dperibsus impes
548 1317 2033 1398 diantur & etiam quod vno praedicante, ieliddeenteupossunt
541 1389 2034 1476 multi audire. Vnde Augustinus in eod. cap. Si autem alicui sepu
542 1451 2026 1543 mo erogandus est & ita occupet vt manibiss operari non vacet?
541 1529 2032 1606 numquid omnes in Mon asterio possunt venientibus ad se ex alio gend
542 1585 2029 1661 re vitae fratribus vel disinas lectiones exponere; velde aliquibius
542 1656 2035 1744 quaestionibus salubriter disputare? Quando ergo non omnesspossauit,
543 1714 2030 1788 cur sub hoc obtentu omnes vacare volunt? Quamquaum, ersionines
543 1777 2034 1867 possant, vicissitudine tamen facere deberent; non solum, ne caeteri Ane¬
548 1843 2029 1925 cessariis operibus occuparentur; sed etiam; quia safficit; vt audientibus
548 1915 2026 1995 pluribus, vnius loquatur; Restat igitur; quod vacare spiritualibus;
545 1970 2032 2078 spirituales viros necessariis indigerites, nontextusat iab operalm
548 2041 2033 2139 do manibus propter victum, nisi in casibus supradiolis  qust
584 2112 2041 2201 §. Item forsan obijciet Otiositatis Defensor, etsi opore spiri¬
542 2177 2024 2271 tualia, quae ad priuatam vtilitatem pertinent; & sunt erationes;
536 2247 2024 2333 exhortationes, & sectiones priuate; aliquando interpoinerdu
542 2298 2028 2408 sint propter operacorpgraliaiunde victus habeatustardlen illa
542 2366 2023 2478 spiritualia opern; quae pertinent ad publieam vtibitatem Eecle¬
539 2432 2023 2546 siae, vt est publice praedicare; publice idocere i populi cons
529 2506 2029 2610 fessiones audire, & eis poenitentias salutares tiniungere, vel
534 2581 2028 2650 aliis modis regimen animarum exereere; nnon sunt interpor
530 2649 2028 2750 nerida propter opera corporalia; sed exeusant a praecopio A
