2592 3508
556 166 2071 273 minus de loculis suis, in quibus fidelium oblationes senetraboriac
558 259 2063 344 tur, cis necessaria ministrabat. Vnde Aueustipls super Ioati¬
559 323 2062 391 Iem. Habebat Dominus loculos, afidelibus oblata conseruans, &
562 386 2064 475 ex eis suorum necessitatibus, & aliis indigentibus tribuebati Et
561 456 2056 544 habetur 12. q. I. cap. Habebat. Quando vero mittebat eos prae¬
559 532 2064 605 dicare, Matth. 10. Euntes praedicate, &c. & Huc rof Ite, ece ego
557 596 2053 667 mitto vos, &c. tunc ipsi viuebant de sua praedicatione, recie
571 662 2045 739 pientes, scilicet a suis Auditoribus, necessaria huic vitae; ilxta
570 713 2029 804 permissionem Domini Euc. 10. dicentis, Edentes & bibente
561 792 2061 873 quae apud illos sunt, dignus est enim operarits mercede sua.  ? Post,
574 859 2070 941 quam vero Dominus, per mortem & resurrectionem corporaa.
564 916 2062 1015 lem, corporaliter ab iis recessit; non legitur, quod ad mendis;
563 979 2058 1057 candum, vel victum ab Auditoribus suis petendum se conuer.
573 1060 2046 1141 terint Apostoli, cum egerent; sed potius ad corporalem labo¬
566 1123 2046 1210 rem artis licitae, de qua ipsi vixerant ante; cum ab hoc se non
565 1179 2059 1271 prohibitos esse scirent. Vnde super illud Ioan. 21. Dicit ei
558 1250 2058 1340 Simon Petrus, vado piscari, dicit Gloss. Post acceptum insuffla
562 1318 2053 1397 tionis spiritum, post verba eius, SICVT MISITMEPATEH,PTEco
563 1377 2067 1451 MITTo voS, subito siunt Apostoli quod fuerant, scilicet piscatores,
556 1442 2065 1522 non hominum, sed piscium. Sed sciendum est, non prohibitos fuisse
557 1520 2065 1593 arte licita victum quaerere, cum vnde viuerent; non haberent. SEt
560 1570 2059 1666 certe verisimile est, quod tanto libentius, quanto facilius ad
552 1644 2052 1721 mendicandum, quam ad corporaliter operandum sesconuer¬
569 1704 2011 1777 ti ssent, si hoc sibi honestum & licitum esse scirent. Ddinde vt
569 1770 2032 1851 ro Ecclesia crebrescente, & in numero credentium proficien¬
569 1845 2049 1927 te, non solum vixerunt de corporalilabore, sed etiam de com.
569 1899 2019 1983 munibus bonis Ecclesiae; nam credentes, quotquot erant pos
563 1970 2028 2045 fessores domorum, vel agrerum, vendebant praedia sua, & po
562 2042 2056 2120 nebant pretia ante pedes Apostolorum; & ipsi distribuebant
569 2104 2064 2199 singulis, prout cuique opus erat, ita quod nullus erat egens inter
560 2171 2036 2264 illos, vt legitur Act. 4. Sic ergo patet, quod veri Apostoli, aui
560 2238 2059 2326 de loculis Domini, aut de sumptibus Euangelii, aut de qpere
557 2301 2052 2374 corporali, aut de bonis Ecclesiae in communi leguntur via illes
553 2370 2066 2476 sed nusquam leguntur, vt credimus, mendicasse. Pater etians.
561 2450 2058 2526 quod veri Apostoliopera spiritualia propter corporalia inter¬
559 2506 2059 2607 ponebant; quando, aut de loculis Domini, aut de oblatis pro¬
560 2575 2066 2664 sumptibus Euangelii, aut de bonis Ecclesiae positis in commus¬
556 2629 1232 2703 muni viuere non valebant.
615 2689 2064 2812 §. Ex praemissis ergo relinquitur, quod vacare spiritualibus,
