2592 3508
559 177 1129 277 septem Paragraphis.
637 189 2067 325 §. Sed achue dicet super feriosus Oriosialis Descplor esei
536 290 2057 396 velle mendicare exemplo Chlisti, vt Christum perlectilsinni¬
568 360 2051 452 tetur, quem afferit nendicasse aiuxta illud Psal. 39. Qo autem
567 429 2026 523 mendicus sum, & pauper; quod secundum Glos. dicit &hr istia
567 515 1138 603 de se ex sorma serui.¬
575 517 2065 661 §. Sed secundum quod patetibidem, non loquitur abi cltis
542 618 2051 719 stus de mendicitate victus corporalis; sed de mendicitate siu¬
556 722 2049 784 rituali, secundum quam perebat Christus homoa Patre, laeci¬
564 771 2054 859 tiam aternam, ne quis alius homo gloriam letitiae illius ibi
550 855 2049 942 arrogaret. Vnde Glos. Hoch dicit Christus de se ex formas serui
556 894 2052 984 ne quis gloriam latitiae praedictae sibi arroget. IEt dicitur Christus
566 966 2033 1068 mendicus, quoniam a Deo Patre petit, pauper verp dicitur
552 1046 2066 1124 quia sibi non sufficit in quantum homo, sed Pates guram habes
575 1100 2095 1193 ipsius. Vnde Glos. Mendicus est, qui ab alio petit; & pauper,
580 1157 2051 1261 qui sibi non sufficit. Sequitur. Dominus sollicitus est mei; Glos.
556 1234 2071 1314 Id est, curam habet mei. Egestas enim Christi, & paupertas ap¬
550 1294 2072 1377 pellatur in Scriptura, eius infirmitas assumpta. Vnde super il¬
534 1365 2077 1458 lud Psal. Io§. Libera me, quia egenus & pauper ego sumi dicit Glcit.
556 1427 2080 1523 Egestas & paupertas Christi est infirmitas, ex qua cuossixue ilti
608 1512 2065 1583 §. Item obijciunt Otii Defenfores illud Psal. 1o§. Etperse¬
547 1583 2080 1658 cutus est hominem inopem & mendicum; Glos. Id est Christum.
544 1634 1672 1723 Ergo videtur, quod Christus fuit mendicus I.
616 1660 2069 1786 §. Respondeo. Mendicus sumitur ibi pro papipere. dl ide
558 1760 2063 1841 Glos. exponens ponit pauperem, vbi textus ponit menidietisi
540 1823 2080 1902 dicens. Pauperem persequi, sola sauitia est; alii vero interdum proe¬
584 1895 2061 1985 diuitiis & honoribus huius mundi patiuntur. Non dicit flos.
587 1963 2056 2051 Mendicum persequi, sed pauperem persequi. Sumitur ergo imen¬
554 2025 2072 2120 dicus pro paupine, sicut alibi mendicus sumitur proegenfite &e
551 2099 2074 2190 econuerso, vt Psal. 69. vbi dicitur Ego vero egenus sime falei¬
596 2170 892 2245 vel mendicus.
635 2216 2070 2316 §. Item opponunt illud Hieronymi Ad funiam, De irgi¬
561 2294 2070 2371 nitate seruanda. Caue ne mendicante Domino Deo tuo alienas di¬
582 2386 883 2438 uitias auge as.
654 2416 2083 2523 §. Respondeo. Hieronymus posuit mendicante ipro pau¬
552 2495 2082 2588 pere, sicut & dictum est in Glos. praedicta. Velidixit sheistum;
558 2565 2080 2655 mendicantem, non in persona propria, sed in memibris suis, id¬
562 2635 2080 2728 est, debilibus & egentibus Christianis; quemadmodum ipse
559 2703 2077 2807 Christus dicit de se ipso, non pio sua persina, sed pro suis
