2592 3508
538 146 2040 228 tibi ministrat, cuius vultum frequenter atiendiss ; Max iite alitee
540 201 2034 284 periculosa est iuuenibus viris, propterdubricum nuenilis erar¬
537 265 2020 353 tis. Vnde Apostolus docens Timothcum, qualiter debe it ali
537 329 2020 399 loqui mulieres, praecipue iuueniles aetate, eo quod iple erar iu¬
552 408 2009 484 uenis, facit ei mentionem de castitate dicens. Anus obsecras vt
542 469 2028 542 matres; iuuenculas, vt sorores, in omni castitates; Glos. In alliquiis
546 544 2010 616 iuuencularum, recte iuuenis de castitate monetur. tem superillum
544 601 2001 677 Canticorum 2. capite nobis vulpeculas paruulas; dicit Bernar
547 674 2013 744 dus. Cum seemina semper esse, & non cognoscere faminam, nonne
553 737 2019 820 plus est, quam mortuum suscitare? Quod minus est non potes; & quod
535 799 2027 883 maius est vis credam tibi? Quotidie latus tuum ad latusinuentule
545 854 1996 946 est in mensa; oculi tui ad oculos illius in colloquio; manus tuae adma
536 933 2013 1018 nus illius in tactu; & castus vis haberi? Estosis; sed ego suspictont
547 1001 2006 1084 non careo. Scandalo mihi es; tolle scandali causam; quote compro¬
547 1052 2004 1145 bes verum, vt iactas, Evangelii imitatorem. Item Beatus Fran¬
555 1117 2025 1194 ciscus In Regula sua cap. II. Praecipio Fratribus vniuersis firmiter,
557 1193 2020 1269 vt non adeant suscepta consortia mulierum; neque ingrediantur in
544 1255 2027 1322 Monasteria Monacharum, praeter eos, quibus ab Apostoliea Sede
544 1322 1997 1383 concessa est licentia spiritualis; nec siant Compatres viroruma vi
542 1389 1995 1474 mulierum, ne hac occasione inter Fratres, vel de Fratribus scanda
558 1449 1989 1536 lum oriatur. Si non licet eis ingredi Monasteria Monacharum
560 1531 2038 1607 quae aliqua regula canonica coercentur; multo minus licet eis
549 1576 1998 1677 ingredi domos Beguinarum, vel aliarum Mulierum consortia
561 1657 1788 1725 quae nulla regula canoniea coercentur. ; Topi rus
638 1705 2022 1788 §. Quod si forte dicatur, non esse timendum de sanctas far¬
553 1785 1999 1871 miliatitate Beguinarum, saltem incorruptarum, & virginum
555 1843 2041 1917 eo quod non sint assuetae ad carnale commercium, & ideo nul¬
553 1913 2038 2001 lum, aut modicum gerunt incitamentum; Responderi potest,
552 1992 2022 2069 quod etiam in eis est nonnullum periculum, propter earum
559 2042 2031 2118 verba tenera, & ridentem aspectum. Vnde Hieronymus Ad
558 2105 2024 2194 Oceanum. Quid te delectat virginale alloquium? Si enim eos; quos
548 2186 2044 2261 diligunt, viderint, ridentibus oculis salutationis tenera verba prose¬
557 2238 2019 2330 runt. Eccl. 9. Virginem ne conspicias, ne forte scandaligeris in
540 2318 2037 2398 decore illius. Item, nonne Mater Domini virgo fuit eastissi¬
537 2369 2046 2451 ma; nonne Apostoli fuerunt castissimis praeciple; postaliam
564 2450 2017 2535 virtute ex alto fuerunt induti, id est in gratia confirmati; &
560 2574 2018 2645 discessit; quod non fecisset, si cum eis commorari diu licite po¬
540 2645 2034 2751 tuisset. Nonne Paulus fuit castissimus; vnde I. Corinih. 2.
