2592 3508
556 136 2074 275 Opisex, si non sit fraudulentus, aut auaros, que priume vei quidres;
550 246 2068 332 aliud autem ipsom animum oocupare curis colligende peceniae sini dei
552 305 2075 387 poris labore, sicut sunt Negotiatores, Procunaibres, Pondatitoitit
558 364 2064 458 Nota quod dicit, corpore laborane;, animolliberb; ex sue pite,
573 433 2047 520 quod labor corporis non impedit animilibertatem ad contem
574 497 2035 585 plandum, si tamen absint fraus, quatitia, & eupiditas. Etlos
576 573 2017 662 iatis patet exemplo Apostolorum, qui post iuesuit ectienes
573 619 2030 713 Dominir odierunt ad opera corporalia propter nictum, non is
555 705 2060 791 negotia saecularia propter iuerum; vr pstonsum efesupra dist. E.
576 761 2054 850 §. Non solus. Vnde Gregorius in Homist Piscitorum aetium,.
578 826 2068 916 Matihaeum Telonarium scimus. Et post conuensionem suam Pe¬
569 900 2065 985 trus ad piscationam rediit, Matthaeus verb; ad Relonii negorium non
571 966 2039 1026 resedit; quia aliud est victum per pisentienem quaerem, aliiid reloni
554 1031 2059 1120 lueris pecuxias augere. Item August. indibi DDe Apere; Mion int,
569 1096 2052 1183 cap. 8. Quid impedit seruum Dei manibus operantem ialige Romi¬
572 1154 2059 1254 ni meditari, & psallere nomini Domini altissimi? Et constas, quod
543 1209 2059 1325 meditatio Legis Diuinae, & oratio, siue psalmodias partos sunt
573 1298 2061 1382 contemplationis. Ex quo sequitur, quod onus mannum sine
551 1359 2054 1439 fraude, & aliis vitiis, non impedit contemplationem. Etilne
550 1428 2054 1493 verum est, dum tamen ita sit moderatum, quod non Eaxtis geuat
563 1482 2074 1580 spiritum deuotionis, sicut est in Monasteruis bene moderatis;
571 1548 2085 1647 Vnde B. Franciscus in Regula sua cap. 5. Fratres, quile s ilederit
559 1619 2053 1710 Dominus gratiam laborandi, laborent fideliter & deuotenta quod etis
559 1690 2053 1753 sexcluso inimico animae; scientiae, orationis, ao deuotionis spirirum non
566 1754 2046 1849 extingoant, vt dictum est supra ead. dist. §. Ex praemissis atem
567 1812 2056 1918 Aug. in eodem lib. cap. 29. Mallem per singulos dios gentis horis,
561 1892 2055 1978 quantum in bene moderatis Monasteriis constitutum est, aliquid ia¬
548 1955 2057 2038 nibus operari, & certas horas habere ad orandum, & legendum; &
564 2012 2053 2104 aliquid de diuinis literis agendum, liberas; quam tionultuosas prolidi¬
552 2088 2054 2171 tates causarum alienarum pati; de negotiis saecularibus; veliuidiran¬
551 2157 2058 2254 do dirimendis, vel interueniendo praecidendis; quibus eriomelestiis
547 2213 2057 2300 idem adstrinxit Apostolus; non vtique suo, sed eius, quiper eum lo¬
557 2289 2066 2373 quebatur, arbitrio. Nota quod dicit, in benemoderats Monaste¬
551 2354 2054 2420 riis. Ecce quod labor manuum moderatus non impedit animi
556 2420 2071 2512 contemplationem. Item Euc. 12. super illud alite solliciti es¬
544 2485 2043 2583 se, quid manducetis, dicit Gloss. Non prouidentiam prohibnt, qui
549 2553 2049 2622 quam in sudore vultus panis praeparatur; sed vetat sollicitudinem,
551 2619 2054 2692 quae mentem perturbat, & ab aternis reuocat. Ex quo patet, quod
549 2683 2051 2788 opus manuum propter victum, dum tamen absint vitia supra¬
