2592 3508
585 148 2076 233 de securi; aternis melius vacetis. Si ergo securitas nec estariorilre¬
582 233 2084 318 vitae facit, vt melius vacari possit aternis; econtiario enidis
599 297 2087 390 citas, quae incerta est de necestariis vitae, impedit ilibertateri
591 362 2063 455 animi ad vacandum aeternis. Item mendicitas impeditlibettas
591 426 2060 516 tem animi, quam debet habere Christianus ad non peceandum;
587 488 2054 579 propter pericula ipsius mendicationis praedicta supra ead adist.
580 555 2057 649 §. Si vero quaeratur; ad quam libertatem Religio Christiana
579 623 2049 718 nos aduocat, vt ostensum est supra ead. dist. §. Si vero dicar
581 689 671 741 tur.
649 746 2044 841 §. Rursum dicunt, se nolle operari corporaliter propter ci¬
572 802 2053 915 bum, vt liberius possint vacare studio verbi Dei; & ex hoci
569 882 2058 979 promptiores esse praedicationi, confidentes, vt afferunt, de ci
566 942 2044 1034 bo corporali in Domino promittente; & dicente Matth. 6.
563 1012 2053 1104 Nolite solliciti esse dicentes, quid manducabimus? aut quid bibemus;
571 1083 2055 1170 &c. Et infra. Quaerite ergo primum regnum Dei, & haec omnia ad¬
549 1142 2045 1241 pcientur vobis. Nec attendunt, quod similiter promittit Do¬
557 1211 2051 1297 minus verbum suum, sicut promittit corporalem cibum Matthi¬
551 1281 2044 1376 10. dicens. Dum steteritis ante Reges, & Praesides, nolite cogita¬
537 1350 2047 1444 re, quomodo, aut quid loquamini; aabitur enim vobis in illa hora;
541 1417 2055 1501 quid loquamini. Non enim vos estis, qui loquimini, sed spiritus Pa¬
549 1474 2052 1546 tris vestri, qui loquitur in vobis. De qua Domini promissione di¬
532 1548 2072 1638 cit Augustinus in lib. De opere Monach. cap. 2. Sermo quippe sa¬
535 1595 2031 1689 pientiaespiritalis est, de quo voluit eos cogitare promittens, quod eis ni¬
529 1664 2032 1760 hil inde sollicitis praestaretur. Vnde Glos. Interlinearis ibidem.
533 1721 2041 1828 Non enim ex ingenio, vel arte vestra, verba vestra procedunt; sed ex
523 1803 2043 1897 spiritus Sancti gratia. Cur igitur viri literati, & competenter
535 1871 2040 1959 prouecti, magis confidunt in Domino, de cibo corporaliha¬
530 1927 2021 2043 bendo sine labore corporis, quam de verbo Dei habendo sine
523 1995 2025 2097 studio & labore mentis; nisi quiaplus timent laborem corpos
527 2065 2027 2157 ris, tamquam grauiorem & eis insuetum, quam studium siue
527 2122 2027 2210 laborem mentis; tamquam minus grauem, & eis assuerum Hi¬
530 2187 2017 2277 si forte dicere velint, quod Dominus promittit verbum suum;
534 2260 1991 2357 ante Reges & Praesides, persecutores Ecclesiae infideles, quas
530 2319 1968 2422 les erant tempore Apostolorum, & non ante viros Catholieo
526 2387 1986 2494 filios spiritales Ecsspliae & fideles, quales sunt temporibus mo,
537 2450 1998 2567 dernorum. Quoo quantum sit ridiculosum, & veritari con¬
524 2531 1609 2621 trarium, iudicet, quiasidicare potest. NLEEHIE
577 2603 2012 2687 §. Item, quod occupatio verbi Dei non exculer illos dsalteni)
521 2665 1985 2768 qui ad legendum, vel praedicandum ex officiomon tenentur;
