2592 3508
455 193 1930 268 propter victum corporaliter laborare; vel saltem, de commu¬
461 234 1933 316 nibus bonis Ecclesiae, ad instar Clericorum, aut Monachorum,
458 305 1930 382 iuxta statutum Ecclesiasticum viuere, pro vitanda periculosa
462 385 1929 451 mendicitate; Non est igitur inhonestum, sed valde honestum
465 433 1924 517 Nobilibus, Literatis, Sacerdotibus, Praedicatoribus, qui reli¬
464 497 1937 600 querunt omnia propter Christum; si pro necessitate victus ope¬
451 563 1925 652 ra Rusticorum, aut Fabrorum, aut Structorum, aut Sutorum,
457 633 1921 716 aut quaecumque alia exerceri possunt sine peccato, corporali¬
463 706 1942 780 ter operentur; maxime cum dicat Ecclesiasticus cap. 19. Non
455 760 1928 845 oderis laboriosa opera, & rusticationem ab Altissimo creatam.
456 827 1939 909 Glos. Laborare, & otium fugere laudabile est; vnde Apostolus.
466 913 1941 972 CUMSIEENTIO OPERANTES PANEM SVUM MANDVCENT. Item
464 980 1937 1046 alia Gloss. Peccanti homini sententia data est, vt labore manuum
463 1036 1936 1132 quaerat victum. Vnde illud IN SVDORE VVLTVSTVIVESCERIS
468 1106 745 1181 PANE TVO.
544 1181 1929 1243 §. Item, non sufficit Defensoribus Otii, suam mendicatio¬
453 1246 1935 1309 nem illicitam aliquatenus excusare; sed etiam nituntur ostende¬
464 1290 1932 1374 re, quod mendicare sit opus perfectionis illis, qui propter Chri¬
466 1356 1940 1443 stum omnia reliquerunt; quantumcumque sint validi ad ope¬
468 1418 1937 1506 randum corporaliter; dum tamen vacent spiritualibus. Quod
469 1483 1931 1572 ideo afferunt, quod sequatur ad opus perfectionis, quod est re¬
465 1570 1941 1643 linquere omnia propter Christum. Dicunt enim, quod quia
462 1632 1931 1709 reliquerunt omnia propter Christum (quod est opus perse¬
467 1682 1937 1773 ctionis; & ideo facti sunt inopes; idcirco necesse habent postea
467 1758 1931 1838 mendicare; & ideo mendicare, considerata eius causa prima,
475 1835 1004 1924 opus est perfectionis.
560 1906 1939 1976 §. Sed certe pari ratione dici posset, quod furari, vel adu¬
467 1946 1935 2036 lari sunt opera perfectionis in illo, qui reliquit omnia propter
471 2010 1941 2100 Christum. Plaerumque enim contingere potest, quod aliquis,
476 2105 1947 2188 qui omnia reliquit propter Christum, propter inopiam & cu¬
470 2145 1947 2252 piditatem pecuniae, postea incidat in adulationem, vel furtum,
485 2223 1943 2300 vel proditionem, vel aliud graue peccatum, vt patet in Iuda
475 2268 1947 2382 proditore, sicut ostensum est supra ead. dist. in illo §. Sed for¬
487 2344 1946 2436 ian dicet, & §. Item dicunt otii Defensores. Dicendum est ergo,
477 2421 1953 2516 quod mendicare necessario non sequatur ad relinquere omnia
481 2474 1947 2565 propter Christum; cum possit pauper Christi viuere de bonis
473 2545 1937 2638 Ecclesiae, si sit persona Ecclesiastica, vt legitur 12. §. I. cap. Vi¬
474 2603 1952 2701 dentes; vel de Euangelio, si ad hoc fuerit ab Ecclesia ordinatus,
468 2675 1959 2765 vt ostensum est supra dist. 1. §. Item, vt ostendit Augustinus; vel
