2592 3508
561 136 2056 232 sione) illicitae, quoniam ab eorum diserepant professione, vt
555 242 2065 325 est. baptieare, vel de haptismo suscipere; mortuos se¬
552 309 2064 382 pelire, pogulo poenitentias dare; infirmos visitare, vnstio¬
556 359 2058 440 nes facere, publicas Missas cantare; Ecclesiasticas actiones
566 436 2050 511 tractare, publice praedicare, Iudices, vel Arbitros, vel Procu¬
555 508 2061 583 ratores, vel Aduocatos, in causis etiam Ecclesiasticis, vol mi¬
553 564 2064 654 ferabilium Personarum esse. Licet enim omnia ista in se pia
563 619 2058 722 sint, & meritoria; non tamen conueniunt statui Regularium,
568 689 2051 788 siue Monachorum, quorum est subiectos & quietos esse ) ieiu¬
556 767 2053 849 nia & orationes obseruare, in claustris morari, nullas causas,
564 820 2060 918 siue saeculares, siue Ecclesiasticas tractare, Ioca publica non fre¬
561 907 2052 991 quentare, numquam publice praedicare, nec publicas Missas
572 971 2051 1046 cantare, nec baptiaeare, nec de baptismo suscipere, nec mor¬
572 1035 2069 1139 tuum sepelire, nec poenitentias dare, nec infirmos visitare, vt
566 1105 2062 1185 ostensum est supra pro parte dist. 1. §. Secundum igitur, & §. Rur¬
563 1160 2065 1260 sus. Item in Calcedonensi Concilio. Eos, qui in Monasteriis sunt,
572 1235 2057 1308 placet nobis Episcopo suo esse subiectos, quieti operam dare, igiunia
571 1303 2073 1393 & orationes obseruare, in locis, in quibus se Deosemelidoupuerunt,
573 1361 2073 1438 vermanentes; neque Ecclesiasticas, neque saeculares, neque aliquas at¬
563 1434 2061 1515 trectare actiones, relinquentes propria Monasteria; gisi forte iubean¬
557 1498 2058 1591 tur propter vrgentes necestitates ab ipsius ciuitatis Episcopo. 19. &
560 1562 2066 1653 I. cap. Qui vere. Item in eadem quaestione. Iuxta calcedonensis
563 1625 2060 1717 optimi Concilii tenorem, Monachos ad normam. B. Renedicti viuere,
564 1703 2070 1790 intra claustra morari praecipimus; vicos, castella, ciuitates peragrare
563 1761 2078 1857 prohibemus; a populorum praedicatione omnino cessare censuimus.
556 1818 2058 1920 Item Pelagius 16. q. I. De praesentium portitore, quod defenfor factus
550 1902 2073 1983 non est, nulla vobis molestia sit; quia satis valde amarigimum ha¬
558 1947 2083 2053 beo, de iusto proposito ad illud homines deduci ofsicium, in quo niullo
554 2019 2078 2096 modo, quaea Monachis Deo promissa sunt, valeant adimpleri, som¬
552 2091 2084 2180 nimoda enim est illius habitus, & istius officii diuersitas; illio enim
563 2167 2073 2244 quies, oratio, labor manuum; at hic causarum cognitio, conuentio¬
556 2230 2062 2315 nes, actus, publica litigia, & quaecumque, vel Ecclesiastica instituta;
578 2289 2052 2383 vel supplicantium necestitas poscit. Sic ergo patet, quod quae
562 2356 2080 2453 dam actiones licitae sunt Clericis, quae, licet in se piae & sinctae
563 2416 2056 2524 sint, tamen illicitae sunt Regularibus Viris, propter discre¬
572 2489 2079 2595 pantiam professionis. Haec autem omnia intellige de Regu¬
565 2553 2061 2650 laribus, non habentibus populum, nec ad Ecclesiasticas praela¬
554 2629 2081 2712 tiones assumptis, vt dictum est supra dist. 1. §. Sed forte dicet.
565 2674 2077 2807 Patet igitur ex praedictis, quod quaedam actiones, seuquaedam
