2592 3508
514 128 1995 212 ad vsum suum Mundus procul dubio non amaret. Mare enim
534 194 1992 283 viua corpora in seipso retinet; sed mortua extra se protinus ex¬
514 282 650 363 pellit.
637 346 1990 418 §. Item certum est, quod ille, qui vult vacare Deo, occu¬
517 419 2009 488 pationes Mundi fugere debet. Vnde Seneca Ad Eucilium
526 465 1991 545 Epist. 4. Vaca bonae menti, ad quam nemo peruenit occupatus.
513 537 1992 606 Item I. Timoth. 5. super illud, Et hoc praecipe, vt irrepre hensibiles
517 592 1989 690 sint, dicit Glos. Sublatis actionibus Mundi, quae aditus solent ape¬
525 651 1987 749 rire peccatis, potest bona conuersatio incolumis permanere. Maxi¬
518 722 2001 805 me autem verum est hoc in Regularibus Viris, qui debent con¬
533 779 1993 869 templationi vacare; & ideo a Mundi actionibus debent fundi¬
530 845 2007 949 tus separari, vt ostensum est supra ead. dist. 5. Sed forte obijciet
539 920 1987 1004 curiosutatis Defensor. Vnde B. Franciscus In Regula sua cap.
532 986 1991 1067 1o. caueant Fratres a sollicitudine huius saeculi. Item in cap. 3.
535 1068 2006 1140 caueant Fratres, & eorum Ministri, ne sollicitisint de rebus eorum,
524 1115 2001 1220 qui vitam hanc voluerint accipere; vt libere faciant de rebus suis,
532 1186 2006 1276 quidquid Deus inspirauerit eis. Ecce quod Viri Regulares &
534 1258 1998 1330 Religiosi, de rebus priuatis huius Mundi, nec pro se, nec pro
527 1337 2004 1396 aliis debent esse solliciti. Relinquitur ergo, quod illi Regu¬
537 1403 2008 1468 lares Viri, quos Mundus non proiicit, sed ad vsum suum tra¬
536 1449 2010 1532 hit; & qui neglectis propriis actionibus, id est ad statum, vel
540 1511 2000 1596 officium suum pertinentibus, propter fauorem humanum, vel
543 1579 2014 1659 propter aliud aliquod commodum temporale, agunt pro aliis
523 1650 2010 1731 negotia huius mundi, & propter hoc vagantur hac & illac ne¬
545 1717 2016 1813 gotis mundanis implicati; nondum sunt Mundo mortui; sed
532 1792 2007 1868 ad instar Vulpis, qui simulat se mortuum vt aues decipiat, vt
530 1841 2013 1923 dicit Isidorus lib. 12. Etymolog. sunt simulatores & si¬
536 1915 2013 1996 cti; & dici possunt, & sunt procul dubio curiosi & Go¬
521 1977 2017 2061 rouagi. Et isti periculosi sunt, quia contra doctrinam Aposto¬
537 2044 2020 2131 li viuunt, & alios ad idem inducunt; quemadmodum sa¬
536 2115 2026 2199 ciunt otiosi, vt ostensum est supra ead. dist. 5. De illis etiam
534 2195 782 2261 Monachis.
650 2250 2020 2332 §. Item propter hoc etiam periculosi sunt homines prae¬
541 2315 2017 2395 dicti otiosi, curiosi Gorouagi; quoniam plaerumque contin¬
542 2377 2010 2497 gere potest, quod aliquando, vt fideles Christi sibi magis alli¬
542 2464 2012 2531 iciant, & ad largiendum sibi magis inducant, & sub praetextu
539 2535 2027 2596 Euangelii otiose viuere valeant; ad praedicandum plebibus alie¬
536 2599 2028 2663 nis; & confessiones audiendum, sine canonica vocatione se
529 2650 2031 2731 ingerant, & sic Pseudo, & Penetrantes domos siant; de quibus
