2592 3508
663 175 2017 266 §. Duobus autem modis simulant humilitatem & Religio
523 242 2056 310 nem, per habitum exteriorem; videlicet distiliguende se ab aliis ho¬
553 310 2070 395 minibus, per habitus vilitatem; & per exteriorent habitsis oustenira
558 357 2045 467 tem. De simulatione humilitatis & Religionis; quaum Priuit
548 438 2055 532 distinguendo se ab aliis hominibus per habitus vilitatesn Iepitur
553 495 2046 580 Matrsi. 6. vbi dicitur de PharisaeisHyoocritis; Id est de illis, qui
553 567 2056 670 superstitiose diuidunt se ab aliis per speciem Religionis; sce si¬
556 635 2050 732 mulationem sanctitatis. Exterminant facies suns, ;&re. Glos.
541 694 2043 778 Id est, extra terminos humanae conditionis abducunt; sciliagt per ha¬
554 761 2059 852 bitus vilitatem. Vnde continuo sequitur in Gloss. Fitur ed ni¬
555 832 2037 930 core vestium Sactantia est; ita ex nimio squallore; Id est eg osliinia
570 900 2050 972 vilitate. Item ibidem. Exterminant faties sudi, &c. Glos.
551 966 2054 1075 Luctuosis fordibus, in quibus iactantia est; & magis subspecie Ras¬
542 1025 2050 1111 ligionis decipiunt. Item ibidem. Exterminant facies suuto EGre
548 1096 2041 1188 Gloss. Vt aliis dissimiles videantur; & ex ipsa vilitate vleus ho¬
542 1170 2052 1264 mines praedicentur. Ecce simulatio humilitatig et Religibnis
539 1236 2055 1321 per habitus vilitatem. Et nota hse, quod falsa humilitasilia¬
550 1298 2043 1378 gis inflat, quam aperta superbia. Vnde August, Ad Patiliis ina
548 1362 2037 1454 Episcopum. Lit miris modis in aninia hominis; vt sor fallsai hiemis¬
530 1409 1599 1491 litate magis infletur, quam si apertius superbireg
585 1482 2049 1579 §. Desiliiulatione vero humilitatis & Religioniis; slidisi fie
524 1564 2049 1633 eiunt dicti Seductores distingutendo se ob aliis hominibus, per lllibiet
536 1633 2031 1714 tus dusteritatenose xteriprem legitur Matth. 23. super illuctseidii¬
541 1695 2030 1782 gnisicant finibrias, vbi dicit Glos. Quod Scribie ii Pharisiei Hropo¬
509 1750 2055 1852 Scrita, qui per simulationem humilitatis & Raeligiouisidecipie¬
512 1832 2041 1914 bant populum, quemadmodum decipiunt Sedustorde praedi¬¬
544 1882 2039 1956 cti, in palliis suis quadeates & simbriatis, quae gestaliant; & aliisul¬
547 1952 2043 2049 dei secundum doctrinam Moysi Humera §. faciebaut sinsbridd aliis;
536 2017 2050 2117 longiores , ad distinguendum se ab aliis, & in eis ligabant acultissi¬
539 2092 2025 2178 mas spinas, vt eundo, vel sedendo, interdum pungerentur; &lqsua¬
542 2147 2033 2243 si sic commoniti retraberentur ab offensat ; Dei. Contra quos inuei
545 2215 2033 2315 hitur Domisus Matth. 23. dicens. Dilatant phalacteria suas.
540 2296 2038 2389 & magnisicans simbrias. Hos imitari videntur quidam modernia
535 2362 2031 2444 gestantes viles vestes, & asperas exterius in aperto. Ecce simu¬
538 2413 2032 2525 latio sanctitatis per exteriorensiabitus austeritatem, & ab aliis;
538 2476 931 2557 dissimilitudinem.
626 2555 2026 2643 §. Et ne vilitas, vel exterior austeritas quemquam deci¬
544 2617 2016 2701 piat, notandum est; quod vilitas, vel austeritas habitus exte¬
530 2691 2029 2784 tioris, & generaliter quilibet rerum temporalium vsus restrie¬
