2592 3508
574 145 2077 275 gruat uribus coruri, cum quibus viuendam esti vt opiilirm est
590 256 2037 352 paulo ante. Hoc idem pater eromplo veiusdtesni qiug eistsiuil
573 319 2082 406 Nam, vt in vita eius Iegitur. Vestes eius; & calir amenta, &
584 370 2102 463 lectualia, ex moderato & competenti habitu erant, nec nitida ni¬¬
585 435 2069 531 mium, nec abiecta plurimum; quia his plurimum se veliactare in¬
587 504 2071 599 solentes homines solent, vel abiicere; ex vtroque, non qiiae Iesu Christi,
580 575 2058 674 sed quae sua sunt iidem quaerentes. Item Hieronglnus sid Rlepo¬
578 642 2078 746 tianum. Vestes pullas aeque deuita, vt candidas; ornatus, vi fordes
578 711 2067 812 pari modo fugiendae sunt; quia alterum diuitias; alterium glonium re¬
580 774 2071 873 dolet; id est, hpocrisim. Item Hieron. in lib. DtVirginitate Ad
578 825 2061 933 Eustochium. Nec affectata sordes, nec exquisita inunditiae conue¬
576 904 2054 982 uiunt Christianis. Et habetur dist. 41. §. I. Tales superstitiosas
578 977 2068 1068 restrictiones rerum temporalium, & serdes habitus exteriores
567 1027 2060 1134 faciunt plaerumque ambitiosi Hypocritae, vt in sanctitate vitae
572 1106 2066 1179 nocabiles, & sanctiores aliis hominibus videantur, & per hoc ad
573 1155 2060 1268 honores huius mundi facilius prouehantur. Contra quos dicit
566 1220 2057 1323 Seneca Ad Eucilium Epist. 6. Illud te monap, ne illorum mores qui
549 1308 2047 1404 non proficere, sed conspici cupiunt, facias aliqua; quae inhabitu iuo,
557 1372 2059 1442 aut genere vitae notabilia sint. Asperum eultum, & intonsug ca¬
556 1443 2061 1532 pur, & negligentiorem barbam, & indictum argento odium, & coa
565 1490 2055 1573 bile humi positum, & quidquid aliud ambitionen peruersa via sequi¬
557 1571 2055 1666 tur, euita. Et infra. Quid si nos hominum consuetudini caeperimus
554 1638 2043 1700 excerpere) intus omnia dissimilia sint; frons nostra populo conue¬
555 1704 2043 1777 niat. Et infra. Nec splendeat toga, nec fordeat quidem. Et infra¬
558 1762 2036 1844 Non putemus frugalitatis indicium auro, argentoque caruisses idaga¬
561 1836 2042 1931 m sis, vt meliorem vitam sequamur, quam vulgus; non vt cuntrae¬
558 1898 2041 1992 riam. Hoc primum Philosophia promit tit, sensum communem, ha¬
541 1966 2035 2044 manitatem, & congregationem; aqua professione nos dissimilitudo
554 2010 2035 2114 separabit. Videamus, ne ista, per quae admirationem parare volumus,
552 2097 2041 2183 ridicula, & odiosa siant. Nempe propositum nostrum est, se¬
543 2161 2040 2242 cundum naturam viuere; hoc contra naturam est faciles odisse
557 2226 2038 2307 munditias, & squallorem appetere. Et infra. Potest autem
554 2300 2034 2389 esse non incompta frugalitas; hic modus mihi plicet; tempe¬
551 2360 2029 2435 retur vita inter bonos mores, & publicos. Quid ergo, dicunt
550 2409 2041 2498 Hypocritae, eadem faciemus, quae caeteri? Nihil inter nos, & illos
545 2489 2037 2573 int ererite Et respondet Seneca. Intererit plurimum. Dissimiles
549 2544 2037 2645 nos esse vulgo sciat, qui inspexerit proprius; qui domum intrauerit,
538 2619 2043 2710 nos potius miretur, quam supellectilem nostram. Magnus ille est,
539 2693 2044 2772 qui fictilibus sic vtitur, quemadmodum argento; nec ille minos est,
