2592 3508
566 106 2091 228 ita nec vir habet potestatem sui corporis, sed aulier I. Gorilillirge
573 205 2090 279 lgitur, si fiat habitus ornatus, vel delitiosus,; secundure iuntes
574 264 2088 366 patriae, & modulum personae, propter vitandum seati dalim
568 361 2086 433 Vxoris; vel. causa seruandi authoritatem, vel reuerentiam;
587 420 2061 508 quae debetur personae suae, non est vituperabilis, sed magis lau¬
572 499 2078 569 dabilis. Vnde Hieronymus Ad quemdam Regemi Vtere deli¬
565 549 2090 622 ciis; non prote, sed pro Regina; vel ad timorem incutiendum; vt ru¬
550 622 2090 697 stitia exerceatur. Sic ergo patet, quod vilis, vel ornatus habi¬
561 696 2090 773 tus, quandoque est laudabilis, quandoque vituperabilis. Vilis
563 754 2086 843 tate autem vestium vituperabili vtuntur Hypocritae, ve simus
561 806 2082 883 lent humilitatem, & Religionem, siue sanctitatem; contra
557 880 2094 987 illud Hieronymi Ad Nepotianum. Humilitatem vestium tumen
572 939 1019 1022 ti animo ne appetas.
594 993 2062 1077 §. Sed forte obijciet Simulator Hypocrita, de Ioanne Bap¬
555 1076 2084 1173 tista, Qui hubebat vestimenta de pilis camelorum. Mlatth. 8. Et
559 1143 2082 1219 de antiquis sanctis, de quibus dicitur Heb. II. Circuieruntin
559 1223 2071 1307 melotis, in pellibus caprinis. Item de ornatu bonarum Mulierum,
561 1279 2061 1380 de quibus dicitur I. Petri 3. Quarum non sit extrinsecus capillatura
572 1338 2076 1420 Glos. Sicut ait coprianus. Serico, & purpura indutae, Christum in¬
555 1412 2067 1489 duere sinceriter non possunt; auro, & margaritis, & monilibus ador¬
545 1491 2078 1578 natae, & ornamenta cordis & pectoris perdiderunt. Videtur ergo;
548 1546 2077 1636 quod vilitas vestium simpliciter loquendo sit laudabilis, & or¬
555 1602 1041 1686 natus vituperabilis.
594 1641 2070 1768 §. Ad quod dicendum est, sicut iam dictum est; quod tam
549 1753 2067 1841 vilitas vestium, quam ornatus, seruatis moribus & modulo
548 1817 2054 1918 personae, laudabiles sunt; illis autem non seruatis, vituperabi¬
557 1873 755 1932 les sunt.
637 1898 2068 2025 §. Ad ea autem, quae obijciunt de vilitate vestium Iobnnis
546 2010 2056 2115 Baptistae, & aliorum antiquorum Sanctorum; Dicendum est,
549 2097 2063 2162 quod Ioannes non excedebat mores publicos aliorum; cum
562 2153 2054 2212 non haberet publicam hominum conuersationem, sed priua¬
554 2220 2050 2291 tam; cum habitaret in deferto, solus vel cum paucis; & sibi sis
555 2290 2061 2379 milibus, tamquam Fremita. Vnde Matth. 3. super illud Esea
553 2353 2059 2423 eius erat locusta, & mel soluestre, dicit Gloss. Esca non cum studio
557 2417 2057 2511 parata, sicut conuenit Eremitae. Alii vero Sancti, Qui circuibant
566 2490 2046 2558 multa loca, vt dicit Gloss. in melotis, in pellibus caprinis. Hebr.
542 2554 2050 2651 It. non excedebant mores publicos, nec modulum persone sue;
558 2601 2056 2712 secundum suam professionem, & statum, quem elegerant; non
537 2683 2049 2789 contrarium publicis moribus, cum non haberent publicam ho;
