2592 3508
543 163 2047 241 vt cum exspecie virtutis vnius glorietur Hypocritas in aliquors
539 236 2043 311 apertum peccatum proinde dilabatur. Vnde super illid Iob
544 301 2040 385 4. Tyeris perit, eo quod non haberet pradam, dicit Gregorius int
556 365 2032 447 lib. 5. Moral. Omnis Hypocrita Togris esti quiaidum mundus coi
551 431 2046 500 lor de simulatione ducitur, vitiorum nigredine interrumpente varia¬
547 482 2046 567 tur. Sape enim, dum de castitatis munditia extollitur, fordi Aui¬
552 568 2047 645 ritis sadatur. Sape, dum Largitatis virtute speciosui ostenditur,
559 621 2030 706 Euxuriae maculis inquinatur. Sape, dum castitatis & Pargitati;
555 693 2051 761 decore vestitur, velut ex xelo Iustitlae, crudelitatis atrocitare fusta.
556 756 2030 836 tur. Saepe Largitates castitate, Pietate ex pulchra visione induitur
553 820 2044 915 sed intersusa obscuritate Superbiae notatur. Sicque fit; vt intermis¬
567 907 2053 984 tis vitiis, dum mundam in se speciem vsquequaque Hypocrita non
557 967 2052 1042 ostendit, quasi vnum colorem Tygris habere nequaquam possit.
559 1019 2052 1093 Item, quoniam superbus est omnis Hypocrita; licet speciem
563 1081 2058 1182 humilitatis aliquandiu singat, non tamen suam sempin super¬
563 1157 2037 1226 biam celare potest; quia, etsi in vno opere tegat illam, in alio
563 1226 2038 1312 tamen opere, Iudicio Diuino, detegitur. Vnde super illud
571 1288 2047 1363 Iob 41. Ipse est Rex super omnes filios superbiae, dicit Gregorius
560 1349 2046 1426 Iib. 34. Moral. Etsi aliquando reprobi fictam speciem humilitatis
569 1415 2056 1510 assumunt, semetipsos tamen celare in omnibus nequaquam possunt;
551 1504 2055 1577 quia eorum superbia diu latere non sustinet; Et cum ex alia res isut.
563 1563 2056 1638 ex alia actione denudatur. Ecce qualiter peccata Hypocritarum
570 1639 2041 1706 quandoque manifesta siunt, etiam durante ipsorum simulafio¬
559 1705 641 1765 ne¬
630 1704 2052 1828 §. Plene autem, & plane manifesta siunt eorum peccata,
573 1823 2053 1898 ipsorum simulatione cessante. Cessat autem eorum simulatio
572 1883 2050 1971 pluribus modis. Cessat enim cessante laude hominum, vel fa¬
560 1961 2055 2028 uore. Vnde super illud Iob 4. Togris periit, eo quod non haberet
566 2013 2070 2110 praedam, dicit Gregorius lib. 5. Moral. Varietas tuae simulationis
566 2080 2057 2166 extincta est, quia & adulatio laudis ablata; Et iam tua hopocrisis
566 2161 2035 2234 praedam non habet, quia percussa diuinitus, humanis fauoribus ea
569 2202 2045 2295 ret. Cessat etiam plaerumque simulatio Hypocritae, adepro
569 2277 2073 2360 eo, ad quod sperabat se per hypocrisim peruenire. Contingit
572 2344 2059 2415 enim aliquando; quod Hypocritae, vt honorem huius mundi
560 2412 2064 2488 facilius assequantur, sacrae eruditionis studio insistunt, ppaupe¬
560 2481 2057 2550 ribus sua distribuunt, per habitum Religionis, vel per aliud
568 2551 2055 2624 signum virtutis, speciem maturitatis ostendunt; sed qum per
560 2608 2072 2708 hoc ad honorem transitorium, & au diuitias prouecti extite¬
563 2683 2053 2781 rint, tamdem plerumque, specie sanctitatis relicta, in volupta¬
