2592 3508
476 154 1956 245 & in agone. Et hoc dicit Chrysostomus super locum illum
481 226 1950 310 his verbis. Quare non dedit Deus doctrinam, qua cognoscerentur;
469 311 1671 388 Et respondet. Quia voluit nos esse in agone semper.
583 354 1948 444 §. Nec miretur quis, si difficile ab aliis cognoscuntur Hy.
483 439 1958 525 pocritae; cum etiam ipsi quandoque propter laudem popula¬
494 515 1971 575 rem immoderatam, ad tantam excaecationem perueniant,
493 561 1962 659 quod etiam seipsos plaerumque esse Hypocritas non cognos¬
497 618 1965 716 cant; sed tales plaerumque se esse existimant apud Deum, qua¬
493 683 1965 772 les a deceptis hominibus aestimantur. Vnde super illud Iob
500 753 1972 844 20. Velut somnium auolans non inuenietur dicit Grego¬
489 812 1983 910 rius in libro 1s. Moralium. Hypocritae dum ab omnibus
493 882 1974 972 immoderate laudantur, tales se quoque apud Deum esse exi¬
502 961 1982 1047 stimant, quales se gaudent hominibus innotuisse. Vnde fit, vt
503 1033 1977 1100 etiam aeternae vitae praemia se percepturos praesumant; & qui
500 1080 1978 1172 hic de humanis fauoribus exultant, illic se habituros requiem
505 1145 1972 1237 omnino non dubitent. De talibus potest intelligi, quod, di¬
497 1210 1978 1302 cit Salomon Prouerb. 14. Est via, quae videtur hominiAnsta;
494 1286 1977 1364 nouissima autem eius ducunt ad mortem. Glos. Aliquando homines
500 1330 1984 1444 pondere corruptionis adhuc grauati, dum bosta appetunt, sub specie
498 1409 1983 1500 boni per mala currunt; & idum bona desiderant, qua gradiantur
505 1484 1986 1586 ignorant. Ecce summe periculosum peccatum; de aliis enim
510 1538 1974 1651 peccatis peenitere possunt peccatores propter conscientiam
504 1601 1978 1701 arguentem; Hypocrite vero, cum propter immoderatam lau¬
507 1675 1970 1763 dem populi se plaerumque sanctos existiment, vt dictum est,
508 1751 1984 1829 adeo vincti sunt in peccato hypocrisis, quod poenitere non
521 1823 1983 1893 possunt; cum non habeant conscientiam arguentem, sed po¬
510 1867 1984 1964 tius defendentem, & statum suum approbantem; & ideo non
512 1955 1995 2030 clamant ad Dominum pro indulgentia obtinenda, sed in
512 2023 1984 2110 peccatis suis moriuntur. Vnde super illud Iob 36. Non clama¬
512 2065 1980 2166 bunt, cum vincti fuerint, dicit Gregorius in lib. 20. Moral. Vin¬
513 2130 1974 2230 cti non clamant Hypocritae, quia humanae laudis auiditate superati.
515 2201 1984 2309 sanctos se esse miseri, etiam cum in peccatis moriuntur, putant. Item
529 2266 1996 2365 Gregorius in Homil. Quo se peccatores esse non credunt, eo dete¬
514 2330 1992 2436 rius peccatores siunt. De his dicit Salomon Prouerb. 30. Ge¬
519 2420 1998 2497 neratio, quae sibi munda videtur, & tamen non est lota sordi¬
514 2498 715 2573 bus suis.
583 2552 1994 2637 §. Item, ideo periculose falluntur Hypocritae; quia, cum
520 2599 1991 2717 peccatum suum hypocrisis (quam Eeguinagium superstitioso
514 2684 2007 2772 nomine vocant) reputent esse virtutem, de remedio cogitare
