2592 3508
462 139 1951 215 ne & deceptione perdurant. Nulli enim essent Simulatores,
467 210 1954 277 si nullos haberent fautores. Vnde super illud Iob 20. Neque
470 276 1937 357 vltra eum intuebitur locus eius, dicit Gregorius Iib. 15. Moral.
468 339 1958 420 Quis est locus Hypocritae, nisi cor adulantium? Ibi quippe requiescit,
477 411 1951 474 vbi fauores inuenit. Et ideo fautores Hypocritarum sunt pluri¬
470 474 1950 547 mum corrigendi. Vnde August. in lib. De opere Monach. de ta¬
471 539 1938 631 libus Ioquens GHypocritis scilicet, otiosis, curiosis, & Gyrouagis,
478 598 1953 684 de quibus Iocutus est in illo libro) cap. 31. dicit. Sciant igitur
475 696 1957 756 cateri Fratres, & rilii nostri, qui fauere talibus, & huiusmodi prae¬
472 739 1956 827 sumptionem defendere consueuerunt, se potissimum corrigendos. De
482 827 1960 885 variis ergo modis simulationum ac deceptionum Pseudo-Prae¬
482 884 1956 956 dicatorum, & Penetrantium domos, & aliorum Hypocritarum haec¬
489 947 984 1029 ad praesens sufficiant.
881 1010 1541 1091 Explicit Tertia Distinctio.
