2592 3508
470 134 1936 212 dictum est. Hoch autem non faciunt, id est potestatem non si¬
474 193 1950 261 bi vsurpant veri Apostoli. Vnde super illud 2. Corinth. 10.
480 258 1949 326 Non enim audemus nos inserere, aut comparare quibusdam, qui
486 324 1946 388 serpsos commendant, dicit Glossa. Quia non sumus sicut Pseudo,
500 402 1953 474 vt potestatem vsorpemus, sed a Domino electi accepimus, nihil vl¬
492 458 1947 524 tra concessum praesumentes. Illi autem non accepta potestate, sed
503 523 1952 593 vsurpata dominari volunt, nomini suo vendicantes authoritatem.
501 594 1956 678 Veri ergo Apostoli, non nisi in Domino gloriari volentes, iux¬
496 654 1956 740 ta illud 2. Corinth. 19. Qui gloriatur, in Domino glorietur, Gloss.
487 721 1957 795 Qui patestatem vult exercere, exerceat eam in mensura sibi a Deo
497 786 1962 882 data; mensuram sibi a Deo datam non excedunt, sed diligenter
494 850 1965 915 obseruant; non exercentes scilicet potestatem in subditos alie¬
493 915 1959 989 nos. Vnde 2. Corinth. 10. vt ostendat Apostolus differen¬
499 1000 1971 1052 tiam verorum Apostolorum ad Pseudo dicit. Nos autem non
513 1069 1981 1136 gloriabimur in immensum. Glos. Id est non exercebimus potestatem
520 1131 1986 1196 vltra mensuram nostram; SED gloriabimur secundum mersuram
499 1197 1963 1259 regula, qua mensus est nobis Deus. Gloss. Id est secundum mensura¬
509 1243 1978 1317 tum mihi a Deo populum, cuius ego sum regula ad dirigendum. Et 2.
505 1322 1980 1398 Corinh. 10. dicit Apostolus. Non habentes spem gloriari in alie¬
510 1381 1990 1459 na regula. Id est Non Speramus exercere potestatem in illis, qui
517 1444 1992 1515 sunt de regimine alieno. Vnde Glossa ibi. Nec illi, qui vltra vos
519 1507 1989 1573 sunt, de alieno regimine sunt. Vnde regulam alienam appellat
509 1578 1986 1644 illos, qui de alterius regime sunt. Sequitur in Glossa. Deinde ex¬
509 1643 1986 1725 ponit, qui dixerit IN ALIENA RECVLA; scilicet In hus quae praepara¬
520 1707 1991 1771 ta sunt. Glossa. Ab aliis Praedicatoribis; quia his praedicabat A¬
513 1777 1998 1858 postolus, quibus non erat annunciatum, vt gloriam, scilicet aeter¬
520 1842 1986 1909 nam, suo labore quaereret. Regulam ergo alienam appellat A¬
537 1924 1999 1989 postolus illos, qui erant de alterius regimine. Si qui ergo Prae¬
521 1979 2003 2045 dicatores (de quorum canonica missione, seu vocatione
530 2042 2005 2107 non constet) ex more nomini suo, vendicent authorita¬
520 2104 1995 2189 tem Ct si forte Praedicatores, vel opitulationes Ecctrsie se appel¬
525 2176 1995 2239 lent, vt dictum est) & ex eo potestatem praedicandi; vel aliud
519 2233 2007 2305 animarum regimen exercendi sibi vsurpent in lubditos alie¬
518 2323 2002 2393 nos; non videntur esse verr Apostoli; sed suspectipotius hube¬
524 2370 1182 2459 ri possunt; ne sint Pseudo¬
595 2449 2004 2518 §. Sextum Signum potest esse; Quod veri Praedicatores,
527 2521 2004 2596 priusquam potestatem Ecclesiasticam sibi aliquo modo com¬
521 2593 2011 2652 missam exerceant, an sint a Deo, vel ab Ecclesia recte missi; seu
523 2656 2016 2723 recte vocati, diligenter attendunt; quo considerato, terminos
