2592 3508
505 144 1985 261 nabas Act. Is. dicentes. Reuertentes visitemus Fratres per vni¬
508 240 1982 333 uersas ciuitates, in quibus praedicauimus, quomodo se habeant. Vn¬
518 282 1996 395 de Rom. Is. dicit Apostolus. Sic autem praedicaui Evangelium,
515 361 2001 458 non vbi nominatus est Christus. Glos. Ab aliis Apostolis. Sequitur.
530 418 2002 525 Ne super alienum fundamentum aedificarem. Gloss. Id est. Ne prae¬
510 483 2005 596 dicaremiam per alios conuersis; malebam enim iacere sundamentum
532 568 2010 668 vbi non erat, quam super aliorum praedicationem. Quasi diceret.
520 607 2001 725 Illud reputabam vtilius, quam istud. Item 2. Corinth. 10. dicit
528 674 2002 797 Apostolus. Non sumus in immensum gloriantes, Id est potestatem
525 748 2005 859 exercentes (sic enim exponitur, gloriari, paulo ante) In alienis
526 803 2004 925 laboribus. Gloss. Vbi alius fundamentum fidei posuisset; quod esset
547 876 2002 988 vltra mensuram gloriari; supple Nisi ad hoc ob causas praedictas esse¬
533 960 2002 1061 mus Specialiter destinati. Sequitur. Spem autem habentes secundum
531 1010 2014 1123 regulam nostram. Glos. Id est, secundum regimen nostrum. ETIAM
533 1072 2019 1188 in illa, quae vltra vos sunt, Evangelixare, non in aliena regula; Id
544 1137 2014 1253 est Non in alieno regimine; scilicet in his quae praeparata sunt. Glos.
547 1210 2026 1324 Ab aliis Praedicatoribus. Quia his praedicabat Apostolus, quibus
539 1266 2027 1388 non erat annunciatum, vt gloriam, scilicet aeternam, labore suo
549 1331 2024 1465 quaereret, vt dictum est supra ead. dist. 5. signo. Nota, quod A¬
543 1403 2017 1532 postolus, licet haberet generalem legationem in Gentibus
553 1475 2021 1587 vniuersis, vt ostensum est supra dist. 1. §. Item, certum est; tamen
547 1530 2021 1661 potius eligebat praedicare infidelibus conuertendis, quam fide¬
552 1601 2027 1718 libus per alios iam conuersis, & habentibus alios Praedicatores
556 1665 2034 1781 sibi specialiter deputatos. Et hoc, vt ex eo mereretur gloriam
553 1738 2028 1846 apud Deum; & ne videretur gloriari. Vnde Augustinus repre¬
553 1801 2022 1915 hendit quosdam Monachos Carthaginenses, qui quasi missi
561 1882 2035 1981 essent a Deo, vel ab Ecclesia, praedicabant; non infidelibus
568 1927 2040 2051 conuertendis; sed Christianis iam conuersis, eorum regimini
565 2015 2026 2115 non commissis, sed proprios Praelatos habentibus; gloriantes
567 2073 2032 2180 & dicentes, se in hoc plurimum occupatos; & sub hoc prae¬
559 2132 2031 2245 textu volebant victum habere de Euangelio ab Auditoribus
572 2202 2043 2316 suis, manibus otiosis. Et cum eis obijceretur, Anostolum,
567 2259 2031 2382 non de sua praedicatione, sed de labore suo corporali vixisse; repli¬
578 2330 2044 2443 cabant dicentes. Quo tempore operabatur Apostolus corporali¬
560 2416 2051 2515 ter, cum fere quotidie praedicaret? Et appellat eos Augustinus
579 2466 2050 2580 otiosos in libro De opere Monach. cap. 14. sic dicens. Isti au¬
572 2538 2040 2646 tem, qui tamquam multum negotiosi & occupati, de tempere opera¬
573 2583 2064 2717 tionis Apostoli inquirunt, quid agunt? Numquid ipsi ab Ierusatem
572 2667 2049 2803 per circuitum vsque ad Illyricum mare, terras Evangelio repleuerunt?
