2592 3508
461 154 1957 257 Non quod hoc non facerem, si contigisset, statim subiungit, Sed
458 258 1950 315 malebam iacere sundamentum fidei, vbi non erat, quam super alio¬
463 306 1952 381 rum praedicationem. Quasi diceret. Hoc reputabam vtilius, quam
464 370 1595 437 illud. Et hoc rationibus supradictis paulo ante.
568 434 1962 516 §. De Narcisso autem Presbytero, non dicit Glossa, Quod
467 518 1950 588 peregrinando publice praedicaret, tamquam habens Apostolicam po¬
473 589 1951 644 testatem; sed quod Sanctos Fratres confirmabat; quod esse pote¬
478 635 1963 707 rat per priuatas exhortationes. Vel potest dici, quod quia
488 706 1959 787 Presbyter erat & nullam Prouinciam sibi ad instar Apostolo¬
485 762 1961 836 rum specialiter assignatam habebat forsan commissum erat ei
476 848 1950 908 ab Ecclesia, vt peregrinando confirmaret Sanctos Fratres,
488 902 1959 973 etiam publice praedicando. Sicut commissum suit Ioanni
491 962 1968 1034 Ephesios consirmare ab alio conuersos. Sicut etiam mitte¬
488 1042 1973 1115 bant Apostoli Discipulos suos ad illos, quos ipsi conuerte¬
491 1107 1971 1172 rant, confirmandos; quoniam ipsi ad eos conuenire perso¬
485 1186 1964 1243 naliter non valebant, vt ostensum est supra dist. 1. §. Sed ite¬
484 1232 1977 1315 rum dicet. Potest etiam dici, quod Narcissus, etiam publice
488 1312 1971 1388 praedicando in diuersis Prouinciis, nulli Praelato iniuriam sa¬
503 1361 1985 1436 ciebat, cum nondum distincta essent officia; ex qua distinctio
488 1425 1968 1502 ne hodie alii Praelati, alii vero Subditi appellantur; vt osten¬
492 1505 1970 1579 sum est supra dist. 1. §. Sed iterum dicet aliquis. Quae distinctio
482 1571 1984 1652 postea facta fuit ad pacem Ecclesiae perpetuo conseruandam, vt
489 1626 1978 1701 ostensum est supradist. I. §. Item in hoc consistit; quoniam pacem
475 1702 1968 1772 turbant, qui officia Praelatorum sibi assumunt absque canonica
476 1756 1961 1835 missione, vt ostensum est supra dist. I. §. Cum igitur vt dictum est.
614 1826 1965 1908 §. Si qui ergo -Praedicatores (de quorum Canonica mis¬
484 1903 1982 1971 sione, sen vocatione non constet) non habentes generalem
494 1971 1952 2034 legationem, ad instar Pauli; vel saltem certas Ecclesias
494 2037 1977 2101 vel certas Prouincias sibi ad instar aliorum Apostolorum spe¬
487 2090 1978 2163 cialiter & canonice assignatas, omissa multitudine immensa
490 2153 1983 2235 infidelium, quae adhuc remanet conuertenda, sine canonica
494 2219 1983 2301 missione se ex more ingerant ad praedicandum fidelibus iam
497 2282 1973 2364 conuersis, habentibus proprios Apostolos, vt dictum est supra;
486 2371 1975 2452 & ex hoc etiam glorientur se plurimum occupatos in militia
499 2419 1979 2500 Christi; videntur velle gloriari in plebibus alienis; & ideo non
500 2516 1985 2572 videntur esse veri Apostoli; sed potius suspecti haberi possunt,
476 2570 864 2637 ne sint Pseudo.
578 2618 1991 2708 §. Octauum Signum potest esse, Quod veri Praedicatores,
479 2690 1977 2777 quando in legationem mittuntur, vadunt in suam legationem,
