2592 3508
537 145 2038 271 est supra in Prologo§. Siquis vero. Pseude vernininiter eloi¬
541 249 2032 337 riantes amant diputationes contentiosas; contes illula poi¬
537 316 2032 398 stoli Philipp. 2. Nihil per contestionem, neque per nanemgloriai.
543 372 2049 452 Quod ex eo patet, quoniam impnobi sunt dispurando, & nisisE
540 434 2048 523 rectum existimant, quod ab eorum; sensibus sit diuersum, it¬
557 505 1184 578 ostensum est supra ibidem.
626 554 2022 654 §. Item, veri Apostoli, cum vanam gloriam non quaeranti
531 638 2039 715 non praedicant ad gloriam suam sed ad gloriam Deia Vnde a.
560 700 2046 777 Corinth. 4. dicit Apostolus. Non praedicamus noseripsos. Glos.
557 778 2037 842 Praedicati nostra non tendit ad gloriam nostram, sed ad goriam
560 842 2029 931 Dei. TVnC enim bene bonum dicitur, cumuso qui dicit, soltes, d
551 906 2025 980 quo accepit, per id appetit placere, quod dicit, vt dicit Gregi lib. s.
561 971 2039 1043 Moralium super illud Iob vit. Dedit eis Pater sum haereditatem
558 1033 2031 1102 inter Fratres earum. Ioar. . Qui quaerit gloriam eius, qui misit il¬
552 1102 2049 1199 lum, hic verax est. Pseudo vero Praedicatores praeditant ad
553 1171 2041 1255 gloriam suam. Quod ex eo patet, quod quandoque praedicant
563 1239 2040 1332 a semetipsis, cum non habeant a Domino potestatem, vtpote
566 1299 2050 1370 absque canonica missione. Iuxta illud Ioan. g. Quia semetigso
557 1368 2049 1467 loquitur, gloriam suam querit. Et super illud 2. Corinth, ino¬
569 1429 2053 1509 Qui gloriatur, scilicet praedicando, in Domino glorietur; dicit
572 1499 2054 1602 Gloss. Id est, Deo attribuat gloriam suam. Quod non potest, qui non
557 1568 1795 1642 habet a Domino potestatem) quia gloriam suam quaerit.
635 1588 2052 1714 §. Item, ex eo quod quidam Praedicatores, populum in se
562 1698 2061 1782 vitae nouitate conuertere cupientes, praeter morem ficclesiae
572 1768 2043 1847 quasdam nouitates superstitiosas inducunt speciem sanctitatis
568 1834 2039 1927 habentes; patet, quod ipsi vanam gloriam quaerunt; Nam sis¬
566 1903 2058 1976 pocrisis, & vanitatum praesumptiones, ex vanagloria priuntur, vt
566 1961 2053 2056 dicit Gregorius lib. 31. Moralium super illud Iob 39. Proculodo¬
564 2029 2031 2099 ratur bellum, &c. Tales videntur esse illi Praedicatores, qui quae
539 2095 2051 2173 dam noua & insueta opera poenitentiae, vt a multis creditur; si¬
569 2162 2033 2254 mulata; nec non quasdam traditiones nouas, & infuetas, &e su¬
571 2250 2039 2319 perstitiosa, faciunt, contra Diuinas Scripturas, & confra ca¬
570 2294 2022 2375 nonica instituta, & contra morem Ecclesie ; ac publice osten
575 2371 2013 2462 tant, & ostentari docent, vt plenius ostendetur infra in Io. si
566 2436 2022 2517 gno. §. Norandum tamen, cum sequentibus tribus Paragraphis
572 2514 1390 2589 & infra ead. dist. in I. & I2. signis.
645 2568 2056 2636 §. Si qui ergo Praedicatores (de quorum; canoniea
577 2647 2041 2727 missione, siue vocatione non constet) praecipus Rogulares
576 2707 2073 2788 squi prae caeteris dicunt se mundi gloriam abdicasse; ex more
