2592 3508
557 155 2034 240 quentiam maxime perfectionis insintando, artificiose com¬
548 197 2036 308 mendant, in depressionem etiam aliorum; quod non est lici¬
548 263 2033 364 tum Christiano, vt ostendetur infra, proximo signo. §. Sed
547 333 2031 435 forte. Item Praedicatores, de quoruim canonica missione non
558 411 2027 468 constat, non propter salutem animarum, sed ad sui commen¬
561 467 2021 539 dationem praedicare videntur. Vnde super illud 2. Corinth.
555 545 2030 635 1o. Non enim qui seipsum commendat &c. dicit Glos. Seipsum
558 609 2037 675 commendat, qui praedicat non missus. Item serpsum commendat,
565 670 2033 743 qui facta sua commendat, quod est peccatum maximum. Vn¬
548 738 2023 828 de super illud Iob 31. Si osculatus sum manuum meam ore meo,
554 810 2046 880 quae est iniquitas maxima, dicit Glos. Manum suam osculatur orae¬
581 851 619 889 c
547 866 1122 948 suo, qui laudat quae facit,
636 938 2040 1027 §. Sed forsan dicet Pseudo-Praedicator. Nonne Aposto¬
548 999 2037 1091 stolus commendauit seipsum 2. Corinth II. dicens. Ministri
549 1074 2031 1142 Christi sunt, & ego, in laboribus plurimis, &c. & 2. Corinth¬
558 1146 2043 1220 r2. Ioquens de seipso dicit. Quoniam raptus est vsque ad pertium
548 1210 2040 1296 ccelum, & qudiuit areana, quae non licet homini loqui; & multas
545 1273 2031 1354 tam ibi, quam alibi dicit ad commendationem sui. Similiter
561 1331 2049 1427 deatus Iob cap. 29. commendauit seipsum dicens. Oculus fui
544 1397 2057 1461 caeco, pes claudo; & multa talia dicit ad sui commendationem.
550 1458 2037 1556 Cum igitur Apostoli, & alii Sancti Viri seipsos commendent;
548 1529 2040 1636 Relinquitur, quod commendare seipsum non est signum, per
552 1611 1716 1676 quod aliquis Praedicator Psuudo debeat reputari.
616 1641 2024 1756 §. Ad quod dicendum est, quod Viri Iusti, non nisi progis
551 1737 2032 1812 morum vtilitate inducti, vel nimia, necessitare coacti, com¬
549 1803 2041 1891 mendant seipsos. Vnde Gregorius in 9. Homil. 2e part, super
550 1866 2048 1930 Exechiel. dicit. De Iustis sciendum esti, quod numquam sud honae
545 1929 2042 2014 deregunt, nisi eos proximorum vtilitas, aAuE, ceire, nomiae neressi¬
544 2001 2039 2079 tas cogat. Vnde Paulus, cum virtutes suas, enumerassete
548 2051 2037 2155 subiunxit, Factus sum insipiens, vos me coegistus; quod sumprum
560 2133 2047 2223 est 2. Corinth. 12. Quod ergo Apostolus commendauit seip¬
547 2184 2048 2271 sum, hac necessitate coactus fecit; quia Corinthii occasione
557 2250 2043 2348 Pseudo- Apostolorum, minus sentiebant de ipso; & quoniam
561 2334 2050 2428 praeferebant Pseudo- Apostolos veris causa accurati sermonis,
564 2385 2052 2472 vt ostensum est supra dist. 1. §. Ex hae autem seductione, &e¬
555 2443 2049 2564 Vt igitur Corint hii non deciperentur a Pseudo (quos praese¬
556 2521 2055 2596 rebant Paulo, & aliis veris Apostolis) ad hoc impediendum co¬
543 2595 2060 2661 gebatur commendare seipsum. Vnde 2. Corinth. 3. super¬
547 2657 2067 2750 illud, Incipimus nosmetipsos iterum commendare, dicit Gloss. Noe,
