2592 3508
500 156 2005 269 in lib. 1. Moralium dicit Gregorius. Iob nequaquam in ariogantis
514 247 1999 324 vitium incidit, quia contra internum desperationis impulsumper ex¬
508 310 1971 398 teriora praeconiorum suorum verba pugnauit; vt, cum bonasquae fece
508 381 1790 468 rat, diceret, nequaquam de bono, quod quaesierat, des peraret.
551 418 1986 540 §. Aliquando etiam Sancti Viri in mortis articulo constituti;
514 512 2011 593 cum iam eos fauor humanus titillare non potest, vt maiorem
520 594 2007 678 apud Deum confidentiam habeant, in oratione computi inire¬
518 638 2007 734 feruni Deo, non hominibus, bona, que in hac vita fecerunt; neut
518 717 2014 791 fecit Exechias 4. Reg. 10. Vnde super illud Iob 1s. Quid itumet
519 782 2004 868 contra Deum spiritus tuus; dicit Gregorius in lib. 12. Moralium.
517 841 2025 932 Exechias Rex, cum molestia corporis afflictus ad extremitatem pere
522 912 2005 988 nenisset vitae, in oratione compunctus dixit. OBSECRO DONINE,
524 983 2015 1067 MEMENTO, QuOMODO AMBVLAVERIM CORAM TPE INIVERI¬¬
526 1041 2002 1115 TATE, ET COADE PERTECTO. Nec tamen Deus hanc confestio¬
522 1122 2013 1194 nem perfectionis eius despexit, quem mox in suu praecibus exaudiuit.
523 1174 2010 1265 Item super illud Iob3 I. Si letatus sum super multis diuitiis meli,
525 1242 2016 1315 dicit Gregorius lib. 22. Moral. Sicut, dum viuimus, debemus bona
515 1306 2010 1386 nostra a memoria repellere, ne extollant; its apropinquante exita
523 1387 2025 1467 plaerumque ea ad memoriam iuste reuocamus; vt videlicet fiduciam
523 1443 2025 1527 praebeant, & desperatum timorem premant. Sic ergo commen¬
533 1508 2029 1580 dant se Viri Sancti, aut proximorum utilitate inducti, vel ne¬
530 1587 2011 1647 cessitare coacti, vel ne desperent in angnstia tribulationis. Ma¬
512 1630 2022 1716 xime autem commendant se Deo, non hominibus, in articulo
526 1705 2028 1779 mortis, cum iam eos fauor humanus titillare non potest; vt
530 1779 1698 1861 per hoc maiorem fiduciam habeant apud Deum.
578 1837 2034 1935 §. Notandum tamen, quod illi soli in casibus praedictis se
518 1899 2033 2000 commendare, vel bona sua referre, vel ostendere possunt, qui
515 1972 2032 2038 per mentis firmitatem, & perfectam humilitatem, omnem sanie
525 2036 2033 2124 dem humanam contemnere, & calcare nouerunt. Vnde siit
533 2093 2037 2189 per illud Iob 8. Et in ortu suo germen eius egredietum dicit Grea
531 2165 2043 2266 gorius in lib. 8. Moral. Valde perfectorum est, sic ostenso opere Aue
533 2232 2037 2327 thoris gloriam quaerere vt de illata laude, priuata nesciant exultas
535 2300 2025 2377 tione gaudere. Ideoque tunc solum innoxie hominibus laudabile opus
543 2380 2079 2463 ostenditur, cum per despectum mentis veraciter laus impensa caleae¬
547 2438 2025 2536 tur. Quam quia infirmi quique perfecte contemnendo non superant.
548 2499 2034 2614 restat necesse est, vt bona, quae operantur, abscondant. Abseondere
551 2576 2028 2642 ergo debent infirmi opera sua bona, propter periculum vanae
557 2640 2034 2729 laudis, vt dictum est; quia, sicut dicit Gregorius Iib. 343. Mo¬
547 2705 2016 2817 ral. Bona, quae innotescunt hominibus, sine periculortias esse possunt
