2592 3508
584 186 1999 269 §. Item abscondere debent opera bona, quoniam abscondita
524 258 2000 331 magis placent Deo. Vnde Matth. 9. super illud Et Pater tuus,
511 332 2010 397 qui videt in abscondito, reddet tibi, dicit Gloss. Videre Dei, est ap¬
529 387 1995 469 probare. Illa vero tantum approbat, quae sunt abscondita. Quae ex¬
531 449 2002 516 tra sunt, non placent ei, nec approbat. Supple Si hoc ex industria
530 514 2009 571 fiat. Orans igitur nec voce coram populo clamare, nec ma¬
524 578 2005 664 nus expandere, nec oculos ad caelum leuare, nec ad altare
520 663 2007 731 magis quam cateri appropinquare, nec quidquam nouum sa¬
521 716 2002 780 cere debet, quo notabilis inter alios fiat, vel quasi per hoc ma¬
523 787 2006 869 gis a Deo valeat exaudiri. Vnde super illud Matth. Sporantes
518 858 2007 916 autem nolite multum loqui, &c. dicit Chrysostomus. Orans ni¬
512 911 2013 977 hil nouum faciat, nec voce clamet, nec manus expandat, nec impu¬
512 985 1995 1043 denter oculos tollat ad caelum vt notabilis fiat. De hoc dicit Sene¬
526 1050 2005 1112 ea Ad Lucilium Epist. 30. Non sunt ad caelum eleuandae manus, nec
523 1114 2006 1179 exorandus Adituus, vt ad aurem Simulacri, quasi magis exaudiri
509 1178 1858 1261 possimus, admittat; prope est tibi Deus; tecum est; intus est.
600 1254 2008 1324 §. Non tamen negamus, quin manuum extensio, vel ge¬
522 1328 2003 1396 nussexio, vel totius corporis, prostratio aliquando facienda
511 1381 1998 1435 sint in Ecclesia, secundum morem Ecclesiae, vel etiam in pri¬
520 1450 2009 1507 uato, ad excitandam deuptionem orandi. Vnde August. in
518 1508 2003 1605 libro De Cura pro mortuis agenda. Orantes quandoque genua
520 1550 2016 1662 figunt, extendunt manuss vel etiam prosternuntur; quamuis eorum
516 1648 2008 1700 inuisibilis voluntas, & intentio, Deo nota sit. Sed hinc magis se¬
506 1706 2019 1773 ipsum excitat homo ad orandum, gemendumque humilius atque
526 1795 2017 1859 teruentius. Et nescio, quo modo, his motibus exterius visibi¬
515 1840 2016 1901 liter factis, ille interior animi motus inuisibilis, qui eos se¬
519 1906 2008 1972 cit, augetur. Si autem aliquis de membris suistalia facere
519 1978 2016 2035 nequeat, nihilominus tamen in corde efficaciter orat. Vn¬
515 2043 2010 2123 de Augustinus subiungit ibidem. Verumtamen, si eo mo¬
507 2107 2016 2166 do quisque tenentur vt haec de suis membris facere nequeat, non
522 2171 2001 2252 ideo non erat interior homo, & ante oculos Dei in secretissimo cubili,
530 2235 1144 2323 vbi compungitur, sternitur.
587 2305 2007 2373 §. Sed sunt aliqui Hypocritae, qui fingunt se velle facere
514 2371 2004 2438 bona sua in abscondito, vt inde magis laudentur; vnde quan¬
518 2445 2002 2507 doque simulant se abscondere orationem suam, & tamen eam
511 2507 2007 2566 modo aliquo manifestant. Vnde super illud Matt. 6. Amant
508 2569 2007 2635 in angulis platearum stantes orare dicit Glossa. In angulis, quasi¬
505 2656 2022 2717 absconsores precum; & tamen in plateis, vt videantur; & ex hoc¬
493 2706 2023 2797 amplior gloria. dtem ibidem Chrysostomus. Tingunt se abscon¬
