<?xml version="1.0" encoding="UTF-8" standalone="yes"?>
<PcGts xmlns="http://schema.primaresearch.org/PAGE/gts/pagecontent/2013-07-15" xmlns:xsi="http://www.w3.org/2001/XMLSchema-instance" xsi:schemaLocation="http://schema.primaresearch.org/PAGE/gts/pagecontent/2013-07-15 http://schema.primaresearch.org/PAGE/gts/pagecontent/2013-07-15/pagecontent.xsd">
    <Metadata>
        <Creator>prov=University of Rostock/Institute of Mathematics/CITlab|PLANET AI GmbH/Gundram Leifert/gundram.leifert@planet-ai.de:name=544029-m2(htr_id=29082)::::v=2.6.7
prov=University of Rostock/Institute of Mathematics/CITlab|PLANET AI GmbH/Tobias Gruening/tobias.gruening@planet-ai.de:name=de.uros.citlab.module.baseline2polygon.B2PSeamMultiOriented:v=2.6.7
prov=University of Rostock/Institute of Mathematics/CITlab|PLANET AI GmbH/Tobias Gruening/tobias.gruening@planet-ai.de:name=/net_tf/LA73_249_0mod360.pb:de.uros.citlab.segmentation.CITlab_LA_ML:v=2.6.6
Transkribus</Creator>
        <Created>2020-11-24T15:23:22.811+01:00</Created>
        <LastChange>2021-01-06T16:30:38.044+01:00</LastChange>
        <TranskribusMetadata docId="544029" pageId="22819405" pageNr="246" tsid="50719900" status="IN_PROGRESS" userId="48123" imgUrl="https://files.transkribus.eu/Get?id=LHFILBZDDFHTQMYCHWGEZVVJ&amp;fileType=view" xmlUrl="https://files.transkribus.eu/Get?id=FOGFCXEEGVZLEWPZTYXCXNCM" imageId="17792597"/>
    </Metadata>
    <Page imageFilename="440.jpg" imageWidth="2592" imageHeight="3508">
        <ReadingOrder>
            <OrderedGroup id="ro_1619609500498" caption="Regions reading order">
                <RegionRefIndexed index="0" regionRef="r1"/>
            </OrderedGroup>
        </ReadingOrder>
        <TextRegion orientation="0.0" id="r1" custom="readingOrder {index:0;}">
            <Coords points="491,94 491,2757 1985,2757 1985,94"/>
            <TextLine id="r1l3" custom="readingOrder {index:0;}">
                <Coords points="510,213 1985,243 1986,178 511,171"/>
                <Baseline points="519,198 591,198 664,198 737,200 810,200 883,201 956,203 1028,204 1101,206 1174,207 1247,210 1320,212 1393,214 1466,216 1538,219 1611,221 1684,224 1757,227 1830,230 1903,232 1976,234"/>
                <TextEquiv>
                    <Unicode>nem peccat grauiter contra Deum. Vnde Matt. 6. super illud</Unicode>
                </TextEquiv>
            </TextLine>
            <TextLine id="r1l4" custom="readingOrder {index:1;}">
                <Coords points="503,282 1920,324 1992,271 504,230"/>
                <Baseline points="513,266 586,266 659,267 733,267 806,269 880,270 953,270 1027,272 1100,274 1174,276 1247,278 1320,279 1394,281 1467,284 1541,285 1614,288 1688,290 1761,293 1835,294 1908,296 1982,299"/>
                <TextEquiv>
                    <Unicode>Receperunt mercedem suam, dicit Glossa. In his omnibus, non so¬</Unicode>
                </TextEquiv>
            </TextLine>
            <TextLine id="r1l5" custom="readingOrder {index:2;}">
                <Coords points="501,347 1765,387 1956,380 1992,335 503,282"/>
                <Baseline points="510,332 583,332 657,332 730,333 804,334 878,335 951,336 1025,338 1098,339 1172,342 1246,344 1319,345 1393,347 1466,350 1540,352 1614,354 1687,357 1761,359 1834,361 1908,363 1982,365"/>
                <TextEquiv>
                    <Unicode>lum vera merces praua intentione euacuatur; sed vitium simulatio¬</Unicode>
                </TextEquiv>
            </TextLine>
            <TextLine id="r1l6" custom="readingOrder {index:3;}">
                <Coords points="509,411 1245,437 1392,400 1920,459 1996,397 510,364"/>
                <Baseline points="519,396 592,396 665,398 738,399 812,399 885,401 958,402 1032,404 1105,405 1178,407 1252,410 1325,411 1398,413 1471,416 1545,417 1618,419 1691,422 1765,425 1838,426 1911,428 1985,431"/>
                <TextEquiv>
                    <Unicode>nis &amp; irrisionis contra Deum augetur. SIMVLAT A enim aelui¬</Unicode>
                </TextEquiv>
            </TextLine>
            <TextLine id="r1l7" custom="readingOrder {index:4;}">
                <Coords points="506,476 1771,524 1953,516 1993,465 507,433"/>
                <Baseline points="515,465 588,464 661,465 735,465 808,466 881,467 955,468 1028,470 1101,471 1175,473 1248,476 1321,477 1395,480 1468,482 1541,485 1615,486 1688,489 1761,491 1835,492 1908,494 1982,495"/>
                <TextEquiv>
                    <Unicode>tas, non est aequitas, sed duplicatumpeccatum, in quo est iniquitas, &amp;</Unicode>
                </TextEquiv>
            </TextLine>
            <TextLine id="r1l8" custom="readingOrder {index:5;}">
                <Coords points="518,549 1988,563 1937,515 1738,505 519,506"/>
                <Baseline points="527,533 599,533 672,533 744,533 817,534 890,534 962,536 1035,537 1107,539 1180,540 1253,543 1325,545 1398,546 1470,549 1543,551 1616,552 1688,555 1761,556 1833,558 1906,560 1979,560"/>
                <TextEquiv>
                    <Unicode>imulatio, vt dicit Glossa super illud Coloss. 3. Quodcumque se¬</Unicode>
                </TextEquiv>
            </TextLine>
            <TextLine id="r1l9" custom="readingOrder {index:6;}">
                <Coords points="499,611 692,609 712,628 738,610 1157,616 1137,580 1054,570 500,570"/>
                <Baseline points="509,600 542,599 576,599 609,599 643,597 677,597 710,597 744,598 778,599 811,599 845,600 878,600 912,602 946,602 979,603 1013,603 1047,605 1080,605 1114,606 1148,606"/>
                <TextEquiv>
                    <Unicode>ceritis, operamini ex animo. </Unicode>
                </TextEquiv>
            </TextLine>
            <TextLine id="r1l10" custom="readingOrder {index:7;}">
                <Coords points="595,684 1293,717 1958,708 1992,672 1804,634 597,625"/>
                <Baseline points="605,660 673,663 742,665 811,666 880,668 949,669 1018,671 1086,672 1155,674 1224,675 1293,677 1362,678 1431,680 1500,681 1568,683 1637,685 1706,686 1775,689 1844,690 1913,692 1982,693"/>
                <TextEquiv>
                    <Unicode>§. Sed forsan dicet aliquis, quod bona opera non sunt ma¬</Unicode>
                </TextEquiv>
            </TextLine>
            <TextLine id="r1l11" custom="readingOrder {index:8;}">
                <Coords points="505,740 1982,771 1983,721 1812,706 506,697"/>
                <Baseline points="515,729 591,731 668,731 745,732 822,734 898,735 975,737 1052,738 1129,740 1206,742 1282,744 1359,746 1436,747 1513,749 1590,750 1666,752 1743,754 1820,755 1897,756 1974,758"/>
                <TextEquiv>
                    <Unicode>nifestanda malis hominibus, qui parati sunt reprehendere, &amp;</Unicode>
                </TextEquiv>
            </TextLine>
            <TextLine id="r1l12" custom="readingOrder {index:9;}">
                <Coords points="499,804 527,812 810,810 810,760 780,754 751,770 500,764"/>
                <Baseline points="509,795 535,796 561,797 588,797 614,797 641,797 667,798 694,798 720,798 747,797 773,797 800,798"/>
                <TextEquiv>
                    <Unicode>non imitari.</Unicode>
                </TextEquiv>
            </TextLine>
            <TextLine id="r1l13" custom="readingOrder {index:10;}">
                <Coords points="589,881 1587,910 1982,898 1983,854 590,827"/>
                <Baseline points="599,860 667,863 736,864 805,866 873,867 942,869 1011,870 1079,872 1148,873 1217,875 1286,876 1354,878 1423,879 1492,880 1560,882 1629,883 1698,885 1766,886 1835,888 1904,890 1973,891"/>
                <TextEquiv>
                    <Unicode>§. Sed contra hos dicit Chrysostomus super illud Matt. 6. </Unicode>
                </TextEquiv>
            </TextLine>
            <TextLine id="r1l14" custom="readingOrder {index:11;}">
                <Coords points="496,937 1977,965 1973,905 497,889"/>
                <Baseline points="506,924 579,926 652,927 725,930 798,932 871,933 944,935 1017,936 1090,938 1163,939 1236,941 1309,942 1382,944 1455,945 1528,946 1601,947 1674,948 1747,950 1820,951 1893,953 1967,954"/>
                <TextEquiv>
                    <Unicode>Vt sit eleemosona tua in abscondito, dicens. Non, vt opinantur qui¬</Unicode>
                </TextEquiv>
            </TextLine>
            <TextLine id="r1l15" custom="readingOrder {index:12;}">
                <Coords points="503,1004 1974,1027 1881,970 503,951"/>
                <Baseline points="512,993 584,995 657,996 729,996 802,998 875,999 947,1001 1020,1002 1092,1002 1165,1004 1238,1005 1310,1008 1383,1008 1455,1010 1528,1011 1601,1013 1673,1014 1746,1016 1818,1017 1891,1017 1964,1019"/>
                <TextEquiv>
                    <Unicode>dam, ab iniustis tantum hominibus mi ericordiae opus voluit abscon¬</Unicode>
                </TextEquiv>
            </TextLine>
            <TextLine id="r1l16" custom="readingOrder {index:13;}">
                <Coords points="512,1072 1978,1102 1951,1050 1820,1034 1514,1026 1467,1062 513,1009"/>
                <Baseline points="522,1058 594,1059 666,1061 738,1062 811,1064 883,1065 955,1067 1028,1068 1100,1070 1172,1071 1245,1072 1317,1074 1389,1076 1461,1077 1534,1078 1606,1080 1678,1081 1751,1082 1823,1084 1895,1086 1968,1088"/>
                <TextEquiv>
                    <Unicode>di; cunctis enim hoc iussit omnino calari. Item Chivsostom. </Unicode>
                </TextEquiv>
            </TextLine>
            <TextLine id="r1l17" custom="readingOrder {index:14;}">
                <Coords points="506,1139 1970,1164 1971,1121 1720,1099 508,1082"/>
                <Baseline points="516,1122 588,1124 660,1125 732,1127 805,1128 877,1130 949,1131 1022,1133 1094,1134 1166,1136 1239,1137 1311,1139 1383,1140 1455,1142 1528,1143 1600,1145 1672,1146 1745,1148 1817,1149 1889,1151 1962,1152"/>
                <TextEquiv>
                    <Unicode>Si tu vis homines tuas videre directiones, absconde eas nunc¬</Unicode>
                </TextEquiv>
            </TextLine>
            <TextLine id="r1l18" custom="readingOrder {index:15;}">
                <Coords points="499,1205 1484,1246 1952,1227 1988,1189 500,1153"/>
                <Baseline points="509,1188 582,1190 655,1191 729,1193 802,1194 876,1196 949,1197 1022,1199 1096,1200 1169,1202 1243,1203 1316,1205 1389,1206 1463,1208 1536,1209 1610,1210 1683,1212 1756,1213 1830,1214 1903,1215 1977,1217"/>
                <TextEquiv>
                    <Unicode>Si studieris nunc latere, tunc te Deus famose praedicabitu orbe terra¬</Unicode>
                </TextEquiv>
            </TextLine>
            <TextLine id="r1l19" custom="readingOrder {index:16;}">
                <Coords points="494,1265 1980,1300 1961,1235 1837,1225 1626,1262 1311,1217 495,1225"/>
                <Baseline points="504,1253 577,1254 650,1257 724,1258 797,1260 870,1262 944,1263 1017,1265 1090,1266 1164,1268 1237,1269 1310,1271 1384,1272 1457,1274 1530,1274 1604,1275 1677,1277 1750,1278 1824,1280 1897,1281 1971,1283"/>
                <TextEquiv>
                    <Unicode>rum praesente; scilicet in die iudicii. Item ibidem. Impossibile est, </Unicode>
                </TextEquiv>
            </TextLine>
            <TextLine id="r1l20" custom="readingOrder {index:17;}">
                <Coords points="509,1330 1744,1379 1967,1363 1987,1321 510,1284"/>
                <Baseline points="519,1319 591,1321 664,1323 737,1325 810,1326 883,1328 956,1329 1029,1331 1102,1332 1175,1334 1248,1335 1320,1336 1393,1338 1466,1340 1539,1341 1612,1342 1685,1343 1758,1344 1831,1346 1904,1347 1977,1349"/>
                <TextEquiv>
                    <Unicode>vt bonum opus dimittat in abscondito Deus; quia gloria Dei</Unicode>
                </TextEquiv>
            </TextLine>
            <TextLine id="r1l21" custom="readingOrder {index:18;}">
                <Coords points="506,1411 545,1411 559,1396 578,1396 582,1392 591,1392 591,1361 582,1361 559,1339 534,1339 515,1357 506,1357"/>
                <Baseline points="516,1386 549,1386 582,1386"/>
                <TextEquiv>
                    <Unicode>est. </Unicode>
                </TextEquiv>
            </TextLine>
            <TextLine id="r1l22" custom="readingOrder {index:19;}">
                <Coords points="584,1468 1980,1484 1903,1427 585,1410"/>
                <Baseline points="593,1449 661,1452 730,1454 799,1455 868,1458 937,1460 1006,1461 1074,1463 1143,1466 1212,1467 1281,1469 1350,1470 1419,1472 1488,1473 1556,1473 1625,1475 1694,1476 1763,1476 1832,1476 1901,1478 1970,1478"/>
                <TextEquiv>
                    <Unicode>§. Sed videtur, quod bona opera facienda sunt coram ho¬</Unicode>
                </TextEquiv>
            </TextLine>
            <TextLine id="r1l23" custom="readingOrder {index:20;}">
                <Coords points="503,1531 1752,1572 1978,1556 1979,1510 504,1483"/>
                <Baseline points="513,1517 585,1518 658,1520 731,1521 804,1523 876,1525 949,1527 1022,1529 1095,1530 1167,1532 1240,1533 1313,1535 1386,1536 1458,1538 1531,1539 1604,1541 1677,1542 1749,1544 1822,1545 1895,1545 1968,1547"/>
                <TextEquiv>
                    <Unicode>minibus; cum dicat Dominus Matt. 5. Sicluceat lux vestra coram</Unicode>
                </TextEquiv>
            </TextLine>
            <TextLine id="r1l24" custom="readingOrder {index:21;}">
                <Coords points="497,1596 1023,1597 1054,1627 1164,1600 1228,1628 1438,1612 1452,1587 1237,1546 1199,1571 917,1545 751,1569 498,1531"/>
                <Baseline points="507,1583 553,1583 600,1584 647,1584 694,1585 741,1586 787,1587 834,1587 881,1589 928,1590 975,1591 1021,1592 1068,1593 1115,1595 1162,1596 1209,1598 1255,1599 1302,1599 1349,1601 1396,1602 1443,1602"/>
                <TextEquiv>
                    <Unicode>hominibus, vt videant opera vestra Eona. </Unicode>
                </TextEquiv>
            </TextLine>
            <TextLine id="line_1607882419306_389" custom="readingOrder {index:22;}">
                <Coords points="543,1653 1848,1708 1961,1692 1986,1646 1563,1654 1401,1606 544,1635"/>
                <Baseline points="553,1653 753,1655 853,1656 1053,1658 1253,1656 1353,1657 1553,1672 1753,1677 1853,1678 1975,1680"/>
                <TextEquiv>
                    <Unicode>§. Respondeo. Loquitur ibi Discipulis aquorum personas</Unicode>
                </TextEquiv>
            </TextLine>
            <TextLine id="r1l26" custom="readingOrder {index:23;}">
                <Coords points="494,1717 1975,1757 1976,1705 1906,1690 1394,1719 1182,1675 495,1680"/>
                <Baseline points="503,1712 576,1713 649,1716 722,1718 795,1719 868,1722 941,1724 1014,1725 1087,1727 1160,1728 1234,1730 1307,1731 1380,1733 1453,1734 1526,1736 1599,1737 1672,1739 1745,1739 1818,1740 1891,1740 1965,1742"/>
                <TextEquiv>
                    <Unicode>gerunt Praelati, vt dicit Glossa Euc. 10. vnde in principio illius</Unicode>
                </TextEquiv>
            </TextLine>
            <TextLine id="r1l27" custom="readingOrder {index:24;}">
                <Coords points="497,1797 1974,1811 1746,1753 1216,1745 1136,1781 498,1717"/>
                <Baseline points="506,1779 578,1781 651,1782 724,1784 797,1787 870,1788 943,1790 1016,1791 1089,1793 1162,1794 1235,1796 1307,1797 1380,1799 1453,1799 1526,1800 1599,1802 1672,1802 1745,1803 1818,1805 1891,1805 1964,1806"/>
                <TextEquiv>
                    <Unicode>Sermonis Matt. 5. Iegitur. Videns Iesus turbas ascendit in mon¬</Unicode>
                </TextEquiv>
            </TextLine>
            <TextLine id="r1l28" custom="readingOrder {index:25;}">
                <Coords points="497,1860 1778,1894 1939,1885 1968,1839 498,1812"/>
                <Baseline points="507,1845 579,1847 652,1848 724,1851 797,1852 869,1854 942,1856 1014,1857 1087,1859 1159,1860 1232,1862 1305,1863 1377,1865 1450,1866 1522,1868 1595,1869 1667,1869 1740,1871 1812,1871 1885,1872 1958,1872"/>
                <TextEquiv>
                    <Unicode>tem, &amp; accesserunt ad eum Discipuli eius. Glossa. Quasi multi¬</Unicode>
                </TextEquiv>
            </TextLine>
            <TextLine id="r1l29" custom="readingOrder {index:26;}">
                <Coords points="495,1925 1977,1948 1865,1890 496,1873"/>
                <Baseline points="504,1910 577,1913 650,1914 723,1916 796,1917 869,1919 942,1920 1016,1922 1089,1925 1162,1926 1235,1926 1308,1928 1381,1929 1454,1931 1528,1932 1601,1933 1674,1934 1747,1935 1820,1937 1893,1938 1967,1940"/>
                <TextEquiv>
                    <Unicode>tudinem vitans, vt solis Discipulis loqueretur. Et quia Praelato¬</Unicode>
                </TextEquiv>
            </TextLine>
            <TextLine id="r1l30" custom="readingOrder {index:27;}">
                <Coords points="500,1987 1971,2019 1972,1976 1858,1955 1436,1985 501,1946"/>
                <Baseline points="510,1976 582,1979 655,1980 727,1982 800,1983 873,1985 945,1988 1018,1989 1090,1991 1163,1992 1236,1994 1308,1995 1381,1997 1453,1998 1526,2000 1599,2001 1671,2003 1744,2004 1816,2006 1889,2007 1962,2007"/>
                <TextEquiv>
                    <Unicode>rum officium est docere; ideo praecipit, vt Praelatorum bona</Unicode>
                </TextEquiv>
            </TextLine>
            <TextLine id="r1l31" custom="readingOrder {index:28;}">
                <Coords points="495,2060 1983,2083 1908,2026 496,2015"/>
                <Baseline points="504,2045 577,2046 650,2048 724,2049 797,2051 871,2052 944,2054 1018,2055 1091,2057 1165,2058 1238,2060 1311,2062 1385,2063 1458,2064 1532,2066 1605,2067 1679,2069 1752,2070 1826,2070 1899,2072 1973,2073"/>
                <TextEquiv>
                    <Unicode>opera sint manifesta ad confirmandum doctrinam eorum. Vn¬</Unicode>
                </TextEquiv>
            </TextLine>
            <TextLine id="r1l32" custom="readingOrder {index:29;}">
                <Coords points="495,2126 1970,2139 1703,2084 496,2070"/>
                <Baseline points="504,2111 576,2112 649,2114 722,2115 795,2117 868,2118 941,2121 1013,2121 1086,2123 1159,2124 1232,2126 1305,2127 1378,2129 1451,2130 1523,2131 1596,2132 1669,2133 1742,2135 1815,2136 1888,2138 1961,2139"/>
                <TextEquiv>
                    <Unicode>de Glossa ibi. Opera requiro, vt videantur; &amp; sic doctrina con¬</Unicode>
                </TextEquiv>
            </TextLine>
            <TextLine id="r1l33" custom="readingOrder {index:30;}">
                <Coords points="490,2201 1956,2220 1981,2169 491,2131"/>
                <Baseline points="500,2177 573,2178 647,2181 720,2183 794,2185 867,2187 941,2189 1014,2190 1088,2192 1161,2192 1235,2193 1308,2195 1382,2196 1455,2197 1529,2198 1602,2199 1676,2201 1749,2202 1823,2204 1896,2205 1970,2207"/>
                <TextEquiv>
                    <Unicode>firmetur. Opera enim consirmant doctrinam. Vnde Glossa</Unicode>
                </TextEquiv>
            </TextLine>
            <TextLine id="r1l34" custom="readingOrder {index:31;}">
                <Coords points="488,2260 1703,2270 1798,2307 1968,2284 1969,2243 489,2203"/>
                <Baseline points="498,2243 571,2245 644,2247 717,2250 790,2252 863,2254 936,2255 1009,2256 1082,2258 1155,2259 1228,2261 1301,2262 1374,2262 1447,2264 1520,2265 1593,2265 1666,2267 1739,2268 1812,2270 1885,2271 1959,2273"/>
                <TextEquiv>
                    <Unicode>ibidem. Vere docet, qui facit quod docet; aliter seipsum eondemnat. </Unicode>
                </TextEquiv>
            </TextLine>
            <TextLine id="r1l35" custom="readingOrder {index:32;}">
                <Coords points="497,2319 1885,2372 1968,2349 1969,2308 498,2268"/>
                <Baseline points="506,2307 578,2310 651,2314 723,2316 796,2319 869,2321 941,2322 1014,2324 1087,2325 1159,2327 1232,2328 1305,2328 1377,2330 1450,2330 1523,2331 1595,2333 1668,2334 1741,2334 1813,2336 1886,2337 1959,2339"/>
                <TextEquiv>
                    <Unicode>Vult ergo Deus bona opera Prelatorum esse manifesta, vt per</Unicode>
                </TextEquiv>
            </TextLine>
            <TextLine id="r1l36" custom="readingOrder {index:33;}">
                <Coords points="487,2387 1625,2441 1934,2428 1966,2384 488,2347"/>
                <Baseline points="497,2379 573,2381 650,2383 727,2385 804,2387 880,2388 957,2390 1034,2391 1111,2393 1188,2394 1264,2396 1341,2397 1418,2399 1495,2400 1572,2401 1648,2402 1725,2403 1802,2403 1879,2405 1956,2405"/>
                <TextEquiv>
                    <Unicode>ea illorum confirmetur doctrina; &amp; hoc non ad gloriam Praela¬</Unicode>
                </TextEquiv>
            </TextLine>
            <TextLine id="r1l37" custom="readingOrder {index:34;}">
                <Coords points="491,2459 1974,2482 1974,2440 1790,2418 1642,2456 1589,2418 492,2411"/>
                <Baseline points="500,2445 573,2447 646,2449 719,2451 793,2453 866,2456 939,2457 1012,2459 1086,2460 1159,2462 1232,2463 1305,2465 1379,2466 1452,2466 1525,2468 1598,2468 1672,2469 1745,2469 1818,2471 1891,2471 1965,2471"/>
                <TextEquiv>
                    <Unicode>torum, sed ad gloriam Dei. Vnde sequitur ibi. Vt glorificent</Unicode>
                </TextEquiv>
            </TextLine>
            <TextLine id="r1l38" custom="readingOrder {index:35;}">
                <Coords points="495,2524 1968,2548 1895,2491 908,2511 496,2467"/>
                <Baseline points="504,2511 576,2514 649,2517 722,2519 795,2522 867,2523 940,2525 1013,2526 1086,2528 1158,2529 1231,2530 1304,2531 1377,2532 1449,2534 1522,2534 1595,2535 1668,2535 1740,2537 1813,2538 1886,2538 1959,2540"/>
                <TextEquiv>
                    <Unicode>Glossa, in vobis. Patrem vestrum, qui in caelis est. Quasi dice¬</Unicode>
                </TextEquiv>
            </TextLine>
            <TextLine id="r1l39" custom="readingOrder {index:36;}">
                <Coords points="481,2596 1744,2606 1874,2643 1965,2627 1966,2582 482,2544"/>
                <Baseline points="491,2580 564,2582 637,2583 710,2586 784,2588 857,2589 930,2591 1003,2592 1077,2594 1150,2595 1223,2596 1296,2597 1370,2598 1443,2600 1516,2601 1589,2603 1663,2603 1736,2604 1809,2606 1882,2606 1956,2607"/>
                <TextEquiv>
                    <Unicode>ret. Non vt glorificent vos, sed Deum. Vnde Glossa. Ita agite, </Unicode>
                </TextEquiv>
            </TextLine>
            <TextLine id="r1l40" custom="readingOrder {index:37;}">
                <Coords points="497,2661 1945,2711 1976,2645 498,2609"/>
                <Baseline points="507,2646 580,2649 653,2651 726,2653 799,2654 872,2657 945,2658 1018,2660 1091,2661 1164,2663 1237,2664 1310,2664 1383,2666 1456,2667 1529,2669 1602,2669 1675,2670 1748,2672 1821,2672 1894,2673 1967,2673"/>
                <TextEquiv>
                    <Unicode>vt non finem boni operis vestri in laudibus hominum constituatis; </Unicode>
                </TextEquiv>
            </TextLine>
            <TextLine id="r1l41" custom="readingOrder {index:38;}">
                <Coords points="485,2732 1981,2748 1622,2683 1217,2711 487,2665"/>
                <Baseline points="495,2717 568,2719 642,2721 716,2723 790,2725 864,2727 937,2729 1011,2730 1085,2732 1159,2733 1233,2735 1306,2736 1380,2738 1454,2738 1528,2739 1602,2739 1675,2741 1749,2741 1823,2741 1897,2741 1971,2741"/>
                <TextEquiv>
                    <Unicode>Et hoc nec in toto, nec in parte. Sunt enim aliqui, qui fauorem quae¬</Unicode>
                </TextEquiv>
            </TextLine>
            <TextEquiv>
                <Unicode>nem peccat grauiter contra Deum. Vnde Matt. 6. super illud
Receperunt mercedem suam, dicit Glossa. In his omnibus, non so¬
lum vera merces praua intentione euacuatur; sed vitium simulatio¬
nis &amp; irrisionis contra Deum augetur. SIMVLAT A enim aelui¬
tas, non est aequitas, sed duplicatumpeccatum, in quo est iniquitas, &amp;
imulatio, vt dicit Glossa super illud Coloss. 3. Quodcumque se¬
ceritis, operamini ex animo. 
§. Sed forsan dicet aliquis, quod bona opera non sunt ma¬
nifestanda malis hominibus, qui parati sunt reprehendere, &amp;
non imitari.
§. Sed contra hos dicit Chrysostomus super illud Matt. 6. 
Vt sit eleemosona tua in abscondito, dicens. Non, vt opinantur qui¬
dam, ab iniustis tantum hominibus mi ericordiae opus voluit abscon¬
di; cunctis enim hoc iussit omnino calari. Item Chivsostom. 
Si tu vis homines tuas videre directiones, absconde eas nunc¬
Si studieris nunc latere, tunc te Deus famose praedicabitu orbe terra¬
rum praesente; scilicet in die iudicii. Item ibidem. Impossibile est, 
vt bonum opus dimittat in abscondito Deus; quia gloria Dei
est. 
§. Sed videtur, quod bona opera facienda sunt coram ho¬
minibus; cum dicat Dominus Matt. 5. Sicluceat lux vestra coram
hominibus, vt videant opera vestra Eona. 
§. Respondeo. Loquitur ibi Discipulis aquorum personas
gerunt Praelati, vt dicit Glossa Euc. 10. vnde in principio illius
Sermonis Matt. 5. Iegitur. Videns Iesus turbas ascendit in mon¬
tem, &amp; accesserunt ad eum Discipuli eius. Glossa. Quasi multi¬
tudinem vitans, vt solis Discipulis loqueretur. Et quia Praelato¬
rum officium est docere; ideo praecipit, vt Praelatorum bona
opera sint manifesta ad confirmandum doctrinam eorum. Vn¬
de Glossa ibi. Opera requiro, vt videantur; &amp; sic doctrina con¬
firmetur. Opera enim consirmant doctrinam. Vnde Glossa
ibidem. Vere docet, qui facit quod docet; aliter seipsum eondemnat. 
Vult ergo Deus bona opera Prelatorum esse manifesta, vt per
ea illorum confirmetur doctrina; &amp; hoc non ad gloriam Praela¬
torum, sed ad gloriam Dei. Vnde sequitur ibi. Vt glorificent
Glossa, in vobis. Patrem vestrum, qui in caelis est. Quasi dice¬
ret. Non vt glorificent vos, sed Deum. Vnde Glossa. Ita agite, 
vt non finem boni operis vestri in laudibus hominum constituatis; 
Et hoc nec in toto, nec in parte. Sunt enim aliqui, qui fauorem quae¬</Unicode>
            </TextEquiv>
        </TextRegion>
    </Page>
</PcGts>
