<?xml version="1.0" encoding="UTF-8" standalone="yes"?>
<PcGts xmlns="http://schema.primaresearch.org/PAGE/gts/pagecontent/2013-07-15" xmlns:xsi="http://www.w3.org/2001/XMLSchema-instance" xsi:schemaLocation="http://schema.primaresearch.org/PAGE/gts/pagecontent/2013-07-15 http://schema.primaresearch.org/PAGE/gts/pagecontent/2013-07-15/pagecontent.xsd">
    <Metadata>
        <Creator>prov=University of Rostock/Institute of Mathematics/CITlab|PLANET AI GmbH/Gundram Leifert/gundram.leifert@planet-ai.de:name=544029-m2(htr_id=29082)::::v=2.6.7
prov=University of Rostock/Institute of Mathematics/CITlab|PLANET AI GmbH/Tobias Gruening/tobias.gruening@planet-ai.de:name=de.uros.citlab.module.baseline2polygon.B2PSeamMultiOriented:v=2.6.7
prov=University of Rostock/Institute of Mathematics/CITlab|PLANET AI GmbH/Tobias Gruening/tobias.gruening@planet-ai.de:name=/net_tf/LA73_249_0mod360.pb:de.uros.citlab.segmentation.CITlab_LA_ML:v=2.6.6
Transkribus</Creator>
        <Created>2020-11-24T15:30:00.748+01:00</Created>
        <LastChange>2021-01-06T16:33:10.613+01:00</LastChange>
        <TranskribusMetadata docId="544029" pageId="22819414" pageNr="255" tsid="50720008" status="IN_PROGRESS" userId="48123" imgUrl="https://files.transkribus.eu/Get?id=HMGBAFKTKVJCZQOQZHDQDHEZ&amp;fileType=view" xmlUrl="https://files.transkribus.eu/Get?id=OZTKRDJBDEFVQGIJMJOYQBCC" imageId="17792606"/>
    </Metadata>
    <Page imageFilename="449.jpg" imageWidth="2592" imageHeight="3508">
        <ReadingOrder>
            <OrderedGroup id="ro_1619609502500" caption="Regions reading order">
                <RegionRefIndexed index="0" regionRef="r1"/>
            </OrderedGroup>
        </ReadingOrder>
        <TextRegion orientation="0.0" id="r1" custom="readingOrder {index:0;}">
            <Coords points="533,0 533,2782 2085,2782 2085,0"/>
            <TextLine id="line_1607883012190_917" custom="readingOrder {index:0;}">
                <Coords points="558,226 2006,179 2005,135 1875,102 557,156"/>
                <Baseline points="566,196 766,196 866,195 1066,193 1266,188 1366,185 1566,181 1766,179 1866,180 1997,179"/>
                <TextEquiv>
                    <Unicode>§. Item, cum vsus ille, de quo absque rerum dominiei sen¬</Unicode>
                </TextEquiv>
            </TextLine>
            <TextLine id="line_1607883028761_926" custom="readingOrder {index:1;}">
                <Coords points="526,304 1915,268 2013,251 2012,183 525,239"/>
                <Baseline points="534,270 734,266 834,264 1034,261 1234,258 1334,257 1534,254 1734,249 1834,247 2003,246"/>
                <TextEquiv>
                    <Unicode>proprietate, se dicunt viuere, sit aliquid temporales omne que</Unicode>
                </TextEquiv>
            </TextLine>
            <TextLine id="line_1607883038322_929" custom="readingOrder {index:2;}">
                <Coords points="521,354 1999,331 2010,251 521,306"/>
                <Baseline points="531,320 731,331 831,330 1031,329 1231,326 1331,326 1531,327 1731,328 1831,326 2001,326"/>
                <TextEquiv>
                    <Unicode>tem temporale, quod in vsu est hominum; siuproprium; vel</Unicode>
                </TextEquiv>
            </TextLine>
            <TextLine id="line_1607883047409_932" custom="readingOrder {index:3;}">
                <Coords points="522,431 1960,418 2015,404 2014,319 522,376"/>
                <Baseline points="531,401 731,398 831,396 1031,394 1231,395 1331,395 1531,382 1731,379 1831,381 2005,382"/>
                <TextEquiv>
                    <Unicode>commune; quomodo audent dicere, vel suum eolleqium nliiis¬</Unicode>
                </TextEquiv>
            </TextLine>
            <TextLine id="r1l8" custom="readingOrder {index:4;}">
                <Coords points="531,500 1058,469 1320,495 1422,459 1421,424 1373,399 1231,427 1044,411 969,440 529,428"/>
                <Baseline points="539,476 582,474 626,473 669,473 713,471 757,471 800,470 844,469 888,468 931,467 975,467 1019,465 1062,465 1106,464 1150,462 1193,462 1237,461 1281,459 1324,458 1368,455 1412,453"/>
                <TextEquiv>
                    <Unicode>habere proprium, vel communonii</Unicode>
                </TextEquiv>
            </TextLine>
            <TextLine id="line_1607883059010_938" custom="readingOrder {index:5;}">
                <Coords points="553,542 1321,559 2035,507 2034,468 1865,442 553,502"/>
                <Baseline points="563,522 763,527 863,529 1063,529 1263,522 1363,518 1563,512 1763,507 1863,506 2025,506"/>
                <TextEquiv>
                    <Unicode>§. Item, cum omnibus, qui Deo militare irr orehensibiliter cu¬</Unicode>
                </TextEquiv>
            </TextLine>
            <TextLine id="line_1607883077803_945" custom="readingOrder {index:6;}">
                <Coords points="531,637 757,598 1002,635 2025,605 2024,539 1854,513 1030,544 922,587 530,568"/>
                <Baseline points="539,605 739,600 839,598 1039,595 1239,594 1339,592 1539,586 1739,583 1839,584 2016,585"/>
                <TextEquiv>
                    <Unicode>piunt, &amp; vitam Apostolorum, eorumque Discipulorum imitari g¬</Unicode>
                </TextEquiv>
            </TextLine>
            <TextLine id="r1l11" custom="readingOrder {index:7;}">
                <Coords points="551,677 1889,672 2016,656 2015,601 550,627"/>
                <Baseline points="561,666 633,668 705,668 777,668 850,668 922,666 994,666 1066,664 1139,662 1211,660 1283,659 1355,656 1428,654 1500,651 1572,649 1644,647 1717,645 1789,644 1861,642 1933,641 2006,641"/>
                <TextEquiv>
                    <Unicode>lent, necessaria sit vita communis, vt dicit Clemens in Epistoia</Unicode>
                </TextEquiv>
            </TextLine>
            <TextLine id="r1l12" custom="readingOrder {index:8;}">
                <Coords points="544,759 1968,731 2019,722 2018,656 542,711"/>
                <Baseline points="552,738 624,737 697,737 770,735 843,734 916,733 989,731 1062,729 1135,728 1208,726 1281,725 1353,722 1426,720 1499,718 1572,716 1645,714 1718,711 1791,710 1864,708 1937,705 2010,704"/>
                <TextEquiv>
                    <Unicode>4. &amp; iiucetur 12. 4. I. cap. Dilectissimis, in principio; Commu¬</Unicode>
                </TextEquiv>
            </TextLine>
            <TextLine id="r1l13" custom="readingOrder {index:9;}">
                <Coords points="544,814 2024,802 2022,722 1935,713 543,771"/>
                <Baseline points="552,801 625,801 698,801 771,800 844,800 917,798 990,797 1063,795 1136,794 1209,792 1282,791 1355,789 1428,787 1501,785 1574,783 1647,780 1720,779 1793,776 1866,774 1939,771 2013,770"/>
                <TextEquiv>
                    <Unicode>nis autem vita sit, in qua omnia necessaria huic vitae communican¬</Unicode>
                </TextEquiv>
            </TextLine>
            <TextLine id="r1l14" custom="readingOrder {index:10;}">
                <Coords points="550,883 1998,848 1996,789 1931,780 549,835"/>
                <Baseline points="558,869 629,867 701,867 772,866 844,865 915,864 987,863 1058,861 1130,860 1201,859 1273,857 1344,855 1416,854 1487,852 1559,849 1630,848 1702,845 1773,842 1845,839 1916,836 1988,833"/>
                <TextEquiv>
                    <Unicode>tur ad inuicem vtlegitur ibidem; Quomodo audent Viri Re¬</Unicode>
                </TextEquiv>
            </TextLine>
            <TextLine id="r1l15" custom="readingOrder {index:11;}">
                <Coords points="553,965 1676,954 2034,916 2032,855 551,906"/>
                <Baseline points="561,935 634,935 707,933 780,933 853,932 926,930 999,930 1073,928 1146,926 1219,924 1292,923 1365,920 1438,918 1511,917 1585,915 1658,912 1731,911 1804,909 1877,907 1950,905 2024,905"/>
                <TextEquiv>
                    <Unicode>gulares, communem se vitam ducere asserentes, &amp; victum</Unicode>
                </TextEquiv>
            </TextLine>
            <TextLine id="r1l16" custom="readingOrder {index:12;}">
                <Coords points="557,1019 2031,989 2000,912 556,970"/>
                <Baseline points="566,1002 638,1001 711,1001 784,999 857,999 929,998 1002,996 1075,995 1148,992 1220,990 1293,989 1366,987 1439,984 1511,983 1584,980 1657,978 1730,977 1802,974 1875,972 1948,971 2021,969"/>
                <TextEquiv>
                    <Unicode>communem saltem ex mendicatione habentes; dicere se niliil</Unicode>
                </TextEquiv>
            </TextLine>
            <TextLine id="r1l17" custom="readingOrder {index:13;}">
                <Coords points="569,1078 1811,1071 2028,1044 2027,985 568,1035"/>
                <Baseline points="578,1064 650,1064 722,1064 794,1064 866,1062 938,1061 1010,1061 1082,1059 1154,1058 1226,1056 1298,1054 1370,1053 1442,1050 1514,1049 1586,1046 1658,1044 1730,1043 1802,1041 1874,1038 1946,1037 2018,1035"/>
                <TextEquiv>
                    <Unicode>habere commune; cum ex eo dicatur vita communis, vt osten¬</Unicode>
                </TextEquiv>
            </TextLine>
            <TextLine id="r1l18" custom="readingOrder {index:14;}">
                <Coords points="548,1149 2045,1122 2043,1044 547,1089"/>
                <Baseline points="557,1133 630,1133 704,1133 778,1131 852,1130 926,1129 1000,1128 1073,1126 1147,1125 1221,1122 1295,1121 1369,1119 1443,1116 1517,1115 1590,1112 1664,1110 1738,1107 1812,1104 1886,1103 1960,1100 2034,1098"/>
                <TextEquiv>
                    <Unicode>sum est; quod victui necessaria communicantur eNumquid vo¬</Unicode>
                </TextEquiv>
            </TextLine>
            <TextLine id="r1l19" custom="readingOrder {index:15;}">
                <Coords points="566,1218 2038,1184 2037,1123 1983,1115 845,1181 565,1154"/>
                <Baseline points="575,1199 647,1199 720,1199 792,1197 865,1197 938,1196 1010,1194 1083,1193 1156,1191 1228,1190 1301,1188 1374,1187 1446,1185 1519,1182 1592,1181 1664,1179 1737,1177 1810,1175 1882,1173 1955,1171 2028,1169"/>
                <TextEquiv>
                    <Unicode>lunt dicere, quod ille vsus rerum, quem absque proprietate se</Unicode>
                </TextEquiv>
            </TextLine>
            <TextLine id="r1l20" custom="readingOrder {index:16;}">
                <Coords points="567,1285 2050,1242 2008,1179 566,1219"/>
                <Baseline points="576,1266 649,1265 722,1265 795,1264 868,1263 942,1262 1015,1260 1088,1259 1161,1257 1234,1256 1308,1254 1381,1253 1454,1251 1527,1250 1600,1248 1674,1245 1747,1244 1820,1242 1893,1239 1966,1238 2040,1236"/>
                <TextEquiv>
                    <Unicode>habere dicunt, &amp; de quo communiter viuunt, sit nihit; &amp; ita</Unicode>
                </TextEquiv>
            </TextLine>
            <TextLine id="r1l21" custom="readingOrder {index:17;}">
                <Coords points="571,1347 2044,1322 2042,1263 1900,1252 570,1287"/>
                <Baseline points="581,1331 653,1331 726,1331 798,1330 871,1329 944,1328 1016,1328 1089,1326 1161,1325 1234,1323 1307,1322 1379,1320 1452,1317 1524,1316 1597,1314 1670,1311 1742,1310 1815,1307 1887,1305 1960,1303 2033,1301"/>
                <TextEquiv>
                    <Unicode>de nihilo viuunt? Nonne contra conscientias suas impudenter</Unicode>
                </TextEquiv>
            </TextLine>
            <TextLine id="r1l22" custom="readingOrder {index:18;}">
                <Coords points="564,1412 2051,1382 2011,1315 563,1347"/>
                <Baseline points="572,1398 645,1398 719,1397 792,1397 866,1395 939,1394 1013,1394 1086,1392 1160,1391 1233,1388 1307,1386 1380,1385 1454,1383 1527,1381 1601,1379 1674,1377 1748,1374 1821,1373 1895,1371 1968,1370 2042,1367"/>
                <TextEquiv>
                    <Unicode>loquuntur; Nisi forte impudentius velint asserere, licitum eis</Unicode>
                </TextEquiv>
            </TextLine>
            <TextLine id="r1l23" custom="readingOrder {index:19;}">
                <Coords points="574,1477 2050,1438 2018,1375 573,1433"/>
                <Baseline points="582,1466 654,1465 727,1464 800,1463 873,1461 946,1460 1019,1460 1092,1458 1165,1457 1238,1454 1311,1453 1383,1451 1456,1449 1529,1447 1602,1445 1675,1442 1748,1440 1821,1438 1894,1436 1967,1433 2040,1430"/>
                <TextEquiv>
                    <Unicode>esse, ad victum quotidianum habere commune; non de posses¬</Unicode>
                </TextEquiv>
            </TextLine>
            <TextLine id="r1l24" custom="readingOrder {index:20;}">
                <Coords points="578,1548 2047,1511 2045,1439 577,1482"/>
                <Baseline points="587,1529 659,1529 732,1529 804,1529 877,1528 949,1527 1022,1526 1094,1524 1167,1523 1239,1521 1312,1518 1384,1517 1457,1515 1529,1512 1602,1511 1674,1509 1747,1506 1819,1505 1892,1503 1964,1502 2037,1500"/>
                <TextEquiv>
                    <Unicode>sionibus Ecclesiae; non de corporali labore; sed tantummodo</Unicode>
                </TextEquiv>
            </TextLine>
            <TextLine id="r1l25" custom="readingOrder {index:21;}">
                <Coords points="579,1611 1939,1594 2055,1582 2054,1523 1065,1538 1011,1577 578,1552"/>
                <Baseline points="588,1596 660,1596 733,1595 806,1594 879,1593 952,1592 1025,1590 1098,1590 1171,1589 1244,1587 1317,1586 1389,1584 1462,1582 1535,1580 1608,1578 1681,1576 1754,1574 1827,1571 1900,1567 1973,1564 2046,1560"/>
                <TextEquiv>
                    <Unicode>de mendicatione. Quod quantum sit insaniae, &amp; superstitio¬</Unicode>
                </TextEquiv>
            </TextLine>
            <TextLine id="r1l26" custom="readingOrder {index:22;}">
                <Coords points="572,1676 2046,1667 2011,1581 571,1624"/>
                <Baseline points="581,1661 653,1661 726,1661 799,1661 872,1659 945,1659 1017,1658 1090,1656 1163,1655 1236,1653 1309,1651 1381,1649 1454,1647 1527,1644 1600,1643 1673,1640 1745,1638 1818,1636 1891,1634 1964,1632 2037,1629"/>
                <TextEquiv>
                    <Unicode>nis ab Apostolo, &amp; aliis Sanctis Patribus reprobatae, satis lique¬</Unicode>
                </TextEquiv>
            </TextLine>
            <TextLine id="r1l28" custom="readingOrder {index:23;}">
                <Coords points="583,1742 826,1765 894,1734 1627,1714 1626,1681 1541,1658 1109,1671 974,1708 582,1696"/>
                <Baseline points="593,1728 644,1728 695,1727 746,1727 797,1725 849,1725 900,1724 951,1724 1002,1722 1053,1722 1105,1721 1156,1720 1207,1719 1258,1718 1309,1717 1361,1715 1412,1713 1463,1713 1514,1711 1565,1709 1617,1707"/>
                <TextEquiv>
                    <Unicode>re potest per ea, quae dicta sunt supra dist. 2. </Unicode>
                </TextEquiv>
            </TextLine>
            <TextLine id="r1l29" custom="readingOrder {index:24;}">
                <Coords points="610,1808 2014,1784 2051,1711 608,1756"/>
                <Baseline points="618,1794 689,1793 760,1791 831,1791 903,1790 974,1788 1045,1787 1116,1786 1188,1785 1259,1784 1330,1781 1401,1779 1473,1777 1544,1775 1615,1773 1686,1770 1758,1768 1829,1765 1900,1761 1971,1758 2043,1755"/>
                <TextEquiv>
                    <Unicode>§. Item, si Ordines sacros, &amp; Ecclesias habeant, &amp; in Mo¬</Unicode>
                </TextEquiv>
            </TextLine>
            <TextLine id="r1l30" custom="readingOrder {index:25;}">
                <Coords points="572,1875 2055,1852 2053,1769 571,1827"/>
                <Baseline points="581,1857 654,1857 727,1857 800,1857 873,1856 947,1856 1020,1854 1093,1853 1166,1851 1239,1850 1313,1848 1386,1846 1459,1844 1532,1842 1605,1839 1679,1837 1752,1834 1825,1832 1898,1829 1971,1826 2045,1823"/>
                <TextEquiv>
                    <Unicode>nasteriis viuant; Quomodo illam suam traditionemcvidelicet, </Unicode>
                </TextEquiv>
            </TextLine>
            <TextLine id="r1l31" custom="readingOrder {index:26;}">
                <Coords points="591,1947 2063,1903 2061,1848 2006,1847 590,1895"/>
                <Baseline points="600,1923 672,1923 745,1923 818,1923 890,1923 963,1922 1036,1920 1108,1919 1181,1917 1254,1916 1327,1913 1399,1911 1472,1910 1545,1907 1617,1905 1690,1903 1763,1901 1835,1899 1908,1896 1981,1894 2054,1892"/>
                <TextEquiv>
                    <Unicode>quod eorum Collegia, seu illorum Ecclesiae, nihil commune</Unicode>
                </TextEquiv>
            </TextLine>
            <TextLine id="r1l32" custom="readingOrder {index:27;}">
                <Coords points="584,2005 2008,1979 2063,1965 2062,1902 582,1944"/>
                <Baseline points="593,1991 666,1991 739,1991 812,1989 885,1988 958,1988 1031,1986 1104,1985 1177,1983 1250,1982 1323,1980 1396,1977 1469,1976 1542,1974 1615,1971 1688,1969 1761,1967 1834,1964 1907,1961 1980,1959 2054,1955"/>
                <TextEquiv>
                    <Unicode>habeant) coram Sapientibus impudenter ostentant, &amp; iactant; </Unicode>
                </TextEquiv>
            </TextLine>
            <TextLine id="r1l33" custom="readingOrder {index:28;}">
                <Coords points="595,2069 2059,2045 2057,1968 594,2012"/>
                <Baseline points="605,2057 677,2056 749,2055 821,2055 893,2054 966,2052 1038,2052 1110,2051 1182,2049 1254,2048 1327,2046 1399,2045 1471,2043 1543,2040 1615,2039 1688,2037 1760,2034 1832,2032 1904,2029 1976,2027 2049,2024"/>
                <TextEquiv>
                    <Unicode>Cum non dubitent Sapientes; eam sacris canonibus esse coni</Unicode>
                </TextEquiv>
            </TextLine>
            <TextLine id="r1l34" custom="readingOrder {index:29;}">
                <Coords points="595,2141 2049,2123 2047,2044 1953,2037 1189,2101 594,2089"/>
                <Baseline points="605,2123 676,2123 748,2123 820,2121 891,2121 963,2120 1035,2118 1106,2117 1178,2117 1250,2114 1322,2112 1393,2111 1465,2109 1537,2107 1608,2105 1680,2103 1752,2100 1823,2098 1895,2096 1967,2093 2039,2090"/>
                <TextEquiv>
                    <Unicode>trariam, quibus cauetur, Quod Clerici non debent absque titulis,</Unicode>
                </TextEquiv>
            </TextLine>
            <TextLine id="r1l35" custom="readingOrder {index:30;}">
                <Coords points="603,2215 1781,2200 2063,2169 2062,2108 601,2159"/>
                <Baseline points="611,2187 683,2187 755,2187 827,2187 899,2187 971,2186 1043,2184 1116,2183 1188,2181 1260,2180 1332,2178 1404,2175 1476,2174 1548,2172 1621,2169 1693,2168 1765,2165 1837,2163 1909,2160 1981,2158 2054,2156"/>
                <TextEquiv>
                    <Unicode>quibus sestentari valeant, ordinari Gnec Ecclesiae absque dotibus ad</Unicode>
                </TextEquiv>
            </TextLine>
            <TextLine id="r1l36" custom="readingOrder {index:31;}">
                <Coords points="601,2263 2068,2248 2066,2172 2024,2166 600,2215"/>
                <Baseline points="611,2255 683,2255 755,2253 828,2253 900,2252 972,2250 1045,2250 1117,2249 1189,2247 1262,2246 1334,2243 1406,2241 1479,2240 1551,2237 1623,2235 1696,2233 1768,2230 1840,2228 1913,2225 1985,2220 2058,2217"/>
                <TextEquiv>
                    <Unicode>sustentationem Ministrorum in eis seruientium sufficientibus dedi¬</Unicode>
                </TextEquiv>
            </TextLine>
            <TextLine id="r1l37" custom="readingOrder {index:32;}">
                <Coords points="599,2342 2071,2298 2069,2248 2001,2241 598,2292"/>
                <Baseline points="608,2322 680,2321 753,2319 825,2319 898,2318 971,2316 1043,2315 1116,2315 1189,2313 1261,2312 1334,2310 1407,2308 1479,2306 1552,2304 1625,2303 1697,2300 1770,2298 1843,2295 1915,2292 1988,2289 2061,2286"/>
                <TextEquiv>
                    <Unicode>cari; neoplures Monachi, vel Clerici, quam quibus Ecclesiae faculta¬</Unicode>
                </TextEquiv>
            </TextLine>
            <TextLine id="r1l38" custom="readingOrder {index:33;}">
                <Coords points="597,2405 1987,2393 2082,2376 2081,2306 596,2353"/>
                <Baseline points="605,2385 678,2385 751,2385 825,2385 898,2384 971,2384 1045,2382 1118,2381 1191,2379 1265,2378 1338,2375 1411,2373 1485,2371 1558,2369 1631,2367 1705,2365 1778,2363 1851,2360 1925,2358 1998,2357 2072,2354"/>
                <TextEquiv>
                    <Unicode>tes sufficere possunt, in Monasteriis recipi, vt ostensum est supra</Unicode>
                </TextEquiv>
            </TextLine>
            <TextLine id="r1l39" custom="readingOrder {index:34;}">
                <Coords points="603,2471 1176,2452 1175,2426 1101,2418 1077,2395 970,2423 892,2397 830,2437 779,2403 713,2426 667,2396 602,2405"/>
                <Baseline points="612,2454 639,2454 667,2454 695,2454 722,2453 750,2453 778,2453 805,2451 833,2451 861,2450 889,2450 916,2450 944,2448 972,2448 999,2447 1027,2447 1055,2445 1082,2445 1110,2445 1138,2445 1166,2444"/>
                <TextEquiv>
                    <Unicode>dist. 2. §. Ad euitandum. </Unicode>
                </TextEquiv>
            </TextLine>
            <TextLine id="r1l40" custom="readingOrder {index:35;}">
                <Coords points="654,2541 2084,2516 2082,2434 1709,2418 1457,2467 653,2482"/>
                <Baseline points="663,2517 733,2517 804,2516 874,2516 945,2514 1016,2513 1086,2511 1157,2510 1227,2508 1298,2507 1369,2505 1439,2504 1510,2502 1580,2499 1651,2498 1722,2496 1792,2495 1863,2493 1933,2492 2004,2490 2075,2489"/>
                <TextEquiv>
                    <Unicode>§. Sed esto, quod sit aliquod pauperum Christi Collegium</Unicode>
                </TextEquiv>
            </TextLine>
            <TextLine id="r1l41" custom="readingOrder {index:36;}">
                <Coords points="601,2599 1881,2595 2080,2567 2081,2518 600,2554"/>
                <Baseline points="609,2588 682,2585 755,2583 828,2582 901,2581 975,2580 1048,2579 1121,2577 1194,2576 1267,2574 1341,2573 1414,2571 1487,2570 1560,2567 1633,2565 1707,2564 1780,2561 1853,2558 1926,2555 1999,2552 2073,2549"/>
                <TextEquiv>
                    <Unicode>reperire, quod nihil habeat proprium, vel commune; Nimi</Unicode>
                </TextEquiv>
            </TextLine>
            <TextLine id="r1l42" custom="readingOrder {index:37;}">
                <Coords points="607,2677 2073,2636 2072,2581 1994,2564 606,2618"/>
                <Baseline points="615,2651 687,2649 759,2648 832,2648 904,2646 977,2645 1049,2644 1122,2643 1194,2642 1267,2641 1339,2639 1411,2639 1484,2637 1556,2635 1629,2633 1701,2631 1774,2628 1846,2627 1919,2623 1991,2619 2064,2616"/>
                <TextEquiv>
                    <Unicode>quid propter hoc isti erunt perfectiores illis; quorum Colse¬</Unicode>
                </TextEquiv>
            </TextLine>
            <TextLine id="r1l43" custom="readingOrder {index:38;}">
                <Coords points="607,2757 2096,2715 2094,2643 2016,2628 606,2683"/>
                <Baseline points="615,2717 688,2717 762,2715 835,2715 909,2715 982,2715 1056,2714 1129,2714 1203,2712 1276,2711 1350,2710 1423,2709 1497,2706 1570,2705 1644,2703 1717,2700 1791,2697 1864,2694 1938,2690 2011,2686 2085,2681"/>
                <TextEquiv>
                    <Unicode>gium habet poffessiones communes; Absit; Iam enim esfene</Unicode>
                </TextEquiv>
            </TextLine>
            <TextEquiv>
                <Unicode>§. Item, cum vsus ille, de quo absque rerum dominiei sen¬
proprietate, se dicunt viuere, sit aliquid temporales omne que
tem temporale, quod in vsu est hominum; siuproprium; vel
commune; quomodo audent dicere, vel suum eolleqium nliiis¬
habere proprium, vel communonii
§. Item, cum omnibus, qui Deo militare irr orehensibiliter cu¬
piunt, &amp; vitam Apostolorum, eorumque Discipulorum imitari g¬
lent, necessaria sit vita communis, vt dicit Clemens in Epistoia
4. &amp; iiucetur 12. 4. I. cap. Dilectissimis, in principio; Commu¬
nis autem vita sit, in qua omnia necessaria huic vitae communican¬
tur ad inuicem vtlegitur ibidem; Quomodo audent Viri Re¬
gulares, communem se vitam ducere asserentes, &amp; victum
communem saltem ex mendicatione habentes; dicere se niliil
habere commune; cum ex eo dicatur vita communis, vt osten¬
sum est; quod victui necessaria communicantur eNumquid vo¬
lunt dicere, quod ille vsus rerum, quem absque proprietate se
habere dicunt, &amp; de quo communiter viuunt, sit nihit; &amp; ita
de nihilo viuunt? Nonne contra conscientias suas impudenter
loquuntur; Nisi forte impudentius velint asserere, licitum eis
esse, ad victum quotidianum habere commune; non de posses¬
sionibus Ecclesiae; non de corporali labore; sed tantummodo
de mendicatione. Quod quantum sit insaniae, &amp; superstitio¬
nis ab Apostolo, &amp; aliis Sanctis Patribus reprobatae, satis lique¬
re potest per ea, quae dicta sunt supra dist. 2. 
§. Item, si Ordines sacros, &amp; Ecclesias habeant, &amp; in Mo¬
nasteriis viuant; Quomodo illam suam traditionemcvidelicet, 
quod eorum Collegia, seu illorum Ecclesiae, nihil commune
habeant) coram Sapientibus impudenter ostentant, &amp; iactant; 
Cum non dubitent Sapientes; eam sacris canonibus esse coni
trariam, quibus cauetur, Quod Clerici non debent absque titulis,
quibus sestentari valeant, ordinari Gnec Ecclesiae absque dotibus ad
sustentationem Ministrorum in eis seruientium sufficientibus dedi¬
cari; neoplures Monachi, vel Clerici, quam quibus Ecclesiae faculta¬
tes sufficere possunt, in Monasteriis recipi, vt ostensum est supra
dist. 2. §. Ad euitandum. 
§. Sed esto, quod sit aliquod pauperum Christi Collegium
reperire, quod nihil habeat proprium, vel commune; Nimi
quid propter hoc isti erunt perfectiores illis; quorum Colse¬
gium habet poffessiones communes; Absit; Iam enim esfene</Unicode>
            </TextEquiv>
        </TextRegion>
    </Page>
</PcGts>
