2592 3508
495 154 1974 238 pertatis possit accedere; & ideo nemo pauperior, seu in pau¬
494 216 1974 284 pertate perfectior possipesse; iuxta verbum Senecae Ad Euci¬
482 273 1967 370 lium Epistola 56. dicentis. Quid accedere perfecto potest? ni¬
494 338 1974 420 hil; Aut persectum non erat, cui accessit. Item Isidorus lib. 10.
484 397 1974 507 Etymolog. Persectus est, cui iam nihil adiici potest. Huic nomi¬
485 482 1977 566 ni apud Grammaticos non adiicitur comparatio; quia si dixeris ille
491 546 1972 620 perfectior est, iste persectus non erit. Item Prosper in libro De
487 615 1977 702 vita contemplatiua. Nemo perfectius erogauit eo, qui nihitsibi ex
477 661 1973 741 proprio, perfectionis intentione reliquit. Hoch autem faciunt om¬
493 745 1968 813 nes veri Regulares. Omnes igitur verr Regulares, quoad
477 798 1968 874 statum paupertatis Euangelicae, aeque perfecti existunt. Nisi for¬
482 874 1973 951 te falso dicatur, quod habere sustentationem de rebus Ecclesiae,
497 945 1969 1014 quae debentur Christi pauperibus; vel eorum administratio¬
488 1010 1959 1099 nem habere, perfectionem minuat paupertatis. Quod si ve¬
491 1081 1964 1170 rum esset, minus perfecti fuissent Apostoli, qui de benis com¬
488 1144 1970 1205 munibus Ecclesiae primitiuesscilicet de pretiis agrorum a Chri¬
483 1194 1969 1276 sti fidelius venditorum sibi oblatis vt praedictum est) vixerunt;
482 1282 1983 1347 quam sint illi Regulares moderni, qui vitam mendicantium
497 1342 1961 1428 elegerunt. Minus etiam perfecti essent Episcopi, vel Abba¬
479 1409 1980 1467 tes, Ecclesiasticarum rerum administrationem gerentes, cae¬
492 1475 1961 1539 teris Clericorum, vel Monachorum; quod dicere est ridiculo¬
483 1530 1965 1597 sum, & sententiae Prosperi omnino aduersum dicentis. Expe¬
483 1602 1971 1667 dit facultates Ecclesiae possideri, & proprias perfectionis amore con¬
482 1674 1979 1764 temni. Et infra. Denique Sanctus Paulinus ingentia praedia, quae
481 1724 1973 1803 fuerunt sua, vendita pauperibus errogauit; sed cum factus fuisset
482 1801 1983 1875 Episcopus, non contempsit Ecclesiae facultates, sed eas fidelissime dis¬
474 1875 1989 1963 pensauit. Quo facto satis ostenditur, & propria proptemperfectio¬
476 1937 1970 1996 nem debere contemni, & sine impedimento perfectionis posse Eccle¬
485 1995 1973 2091 siae facultates, quae profecto communes sunt, possideri. Quid San¬
476 2068 1964 2156 ctus Hilarius? nonne & ipse omnia sua, aut parentibus reliquit,
477 2142 1971 2220 aut vendita pauperibus erogauit? Is tamen, cum merito suae perse¬
477 2196 1965 2285 ctionis factus fuisset Ecclesiae Arelatensis Episcopus, quae illa tunc
486 2251 1965 2356 habebat Ecclesia, non solum possedit, sed acceptis etiam fidelium nu¬
480 2330 1975 2403 merosis haereditatibus ampliauit. Itaque homines tam saecularium,
481 2401 1967 2468 quam diuinarum literarum sine amb guitate doctissimi, si scirent res
483 2468 1974 2524 Ecclesiae debere contemni, nun quam eas debuerant recipere, qui om¬
472 2538 1958 2619 nia reliquerant. 12. 4. I. cap. Expedit. Ecce quod, licet posses¬
479 2591 1961 2667 siones proprie debeant amore perfectionis contemni & relin¬
475 2673 1973 2740 qui, tamen communes posfessiones Ecclesiae non debent
