<?xml version="1.0" encoding="UTF-8" standalone="yes"?>
<PcGts xmlns="http://schema.primaresearch.org/PAGE/gts/pagecontent/2013-07-15" xmlns:xsi="http://www.w3.org/2001/XMLSchema-instance" xsi:schemaLocation="http://schema.primaresearch.org/PAGE/gts/pagecontent/2013-07-15 http://schema.primaresearch.org/PAGE/gts/pagecontent/2013-07-15/pagecontent.xsd">
    <Metadata>
        <Creator>prov=University of Rostock/Institute of Mathematics/CITlab|PLANET AI GmbH/Gundram Leifert/gundram.leifert@planet-ai.de:name=544029-m2(htr_id=29082)::::v=2.6.7
prov=University of Rostock/Institute of Mathematics/CITlab|PLANET AI GmbH/Tobias Gruening/tobias.gruening@planet-ai.de:name=de.uros.citlab.module.baseline2polygon.B2PSeamMultiOriented:v=2.6.7
prov=University of Rostock/Institute of Mathematics/CITlab|PLANET AI GmbH/Tobias Gruening/tobias.gruening@planet-ai.de:name=/net_tf/LA73_249_0mod360.pb:de.uros.citlab.segmentation.CITlab_LA_ML:v=2.6.6
Transkribus</Creator>
        <Created>2020-11-24T15:30:07.921+01:00</Created>
        <LastChange>2021-01-06T16:35:40.722+01:00</LastChange>
        <TranskribusMetadata docId="544029" pageId="22819422" pageNr="263" tsid="50720117" status="IN_PROGRESS" userId="48123" imgUrl="https://files.transkribus.eu/Get?id=QSQWSFHFLYRJMWRCZQGSVYVI&amp;fileType=view" xmlUrl="https://files.transkribus.eu/Get?id=BGXXAJFCLWXFKBQOKVCRUKGM" imageId="17792614"/>
    </Metadata>
    <Page imageFilename="457.jpg" imageWidth="2592" imageHeight="3508">
        <ReadingOrder>
            <OrderedGroup id="ro_1619609504165" caption="Regions reading order">
                <RegionRefIndexed index="0" regionRef="r2"/>
            </OrderedGroup>
        </ReadingOrder>
        <TextRegion orientation="0.0" id="r2" custom="readingOrder {index:0;}">
            <Coords points="516,4 516,2795 2283,2795 2283,4"/>
            <TextLine id="r2l7" custom="readingOrder {index:0;}">
                <Coords points="506,233 2019,197 2017,135 1886,132 505,188"/>
                <Baseline points="516,224 590,219 665,216 740,213 814,211 889,209 964,207 1038,206 1113,204 1188,203 1263,201 1337,200 1412,200 1487,198 1561,198 1636,197 1711,197 1785,197 1860,195 1935,194 2010,194"/>
                <TextEquiv>
                    <Unicode>contemni; &amp; sine impedimento perfectionis possunt habe¬</Unicode>
                </TextEquiv>
            </TextLine>
            <TextLine id="r2l8" custom="readingOrder {index:1;}">
                <Coords points="517,297 547,301 553,299 584,301 588,251 575,250 568,242 558,241 537,257 520,256"/>
                <Baseline points="528,284 576,287"/>
                <TextEquiv>
                    <Unicode>ri. </Unicode>
                </TextEquiv>
            </TextLine>
            <TextLine id="r2l9" custom="readingOrder {index:2;}">
                <Coords points="610,372 2016,332 1990,266 609,314"/>
                <Baseline points="618,345 687,344 756,342 826,341 895,339 965,338 1034,336 1104,335 1173,333 1243,332 1312,332 1381,330 1451,329 1520,329 1590,327 1659,327 1729,327 1798,327 1868,329 1937,329 2007,330"/>
                <TextEquiv>
                    <Unicode>§. Adhuc opponunt Aduersarii Veritatis illud Mate. 1o. </Unicode>
                </TextEquiv>
            </TextLine>
            <TextLine id="r2l10" custom="readingOrder {index:3;}">
                <Coords points="518,428 2016,403 1991,346 1742,339 518,381"/>
                <Baseline points="527,416 604,413 682,411 760,410 838,408 916,406 994,405 1071,402 1149,401 1227,401 1305,399 1383,398 1461,396 1538,395 1616,395 1694,393 1772,393 1850,392 1928,392 2006,392"/>
                <TextEquiv>
                    <Unicode>Nolite postidere aurum, neque argentum, neque pecuniam in xonis</Unicode>
                </TextEquiv>
            </TextLine>
            <TextLine id="r2l11" custom="readingOrder {index:4;}">
                <Coords points="541,494 940,503 1074,454 1126,500 1241,464 2004,473 2003,423 1660,402 541,445"/>
                <Baseline points="551,476 623,476 695,476 767,474 839,473 911,473 983,471 1056,470 1128,468 1200,467 1272,465 1344,465 1416,464 1488,462 1561,461 1633,459 1705,459 1777,458 1849,458 1921,458 1994,458"/>
                <TextEquiv>
                    <Unicode>vestris. Dicunt igitur quod Viris perfectis, &amp; paupertatem</Unicode>
                </TextEquiv>
            </TextLine>
            <TextLine id="r2l12" custom="readingOrder {index:5;}">
                <Coords points="532,557 1815,556 2019,537 2018,475 531,499"/>
                <Baseline points="542,548 615,546 688,543 762,542 835,540 908,539 982,537 1055,536 1128,534 1202,533 1275,533 1348,531 1422,530 1495,530 1568,528 1642,527 1715,526 1788,525 1862,524 1935,522 2009,521"/>
                <TextEquiv>
                    <Unicode>Euangelicam profitentibus, non licet haec habere in proprio, </Unicode>
                </TextEquiv>
            </TextLine>
            <TextLine id="r2l13" custom="readingOrder {index:6;}">
                <Coords points="532,630 952,619 950,559 929,555 868,579 683,588 637,561 613,581 531,583"/>
                <Baseline points="542,614 567,614 592,614 617,614 642,614 667,612 692,611 717,610 742,608 767,608 792,606 817,606 842,605 867,605 892,605 917,605 942,606"/>
                <TextEquiv>
                    <Unicode>nec in communi. </Unicode>
                </TextEquiv>
            </TextLine>
            <TextLine id="r2l14" custom="readingOrder {index:7;}">
                <Coords points="644,700 2006,669 2019,616 643,642"/>
                <Baseline points="653,680 720,677 788,675 856,674 924,671 992,669 1060,668 1127,667 1195,665 1263,665 1331,663 1399,662 1467,662 1535,660 1602,659 1670,659 1738,657 1806,657 1874,656 1942,654 2010,654"/>
                <TextEquiv>
                    <Unicode>§. Ad quod dicendum est, quod verbum illud non fuit</Unicode>
                </TextEquiv>
            </TextLine>
            <TextLine id="r2l15" custom="readingOrder {index:8;}">
                <Coords points="539,756 2022,725 1940,667 538,701"/>
                <Baseline points="549,747 622,744 695,743 768,741 841,740 915,738 988,737 1061,735 1134,734 1207,732 1281,731 1354,731 1427,729 1500,728 1573,727 1647,725 1720,723 1793,722 1866,720 1939,718 2013,716"/>
                <TextEquiv>
                    <Unicode>dictum quibustibet perfectis, sed solum Apostolis, &amp; Aposto¬</Unicode>
                </TextEquiv>
            </TextLine>
            <TextLine id="r2l16" custom="readingOrder {index:9;}">
                <Coords points="530,823 2019,795 1980,736 529,763"/>
                <Baseline points="540,812 613,810 686,809 760,807 833,806 907,804 980,803 1054,802 1127,801 1201,800 1274,798 1347,797 1421,797 1494,795 1568,794 1641,792 1715,792 1788,791 1862,789 1935,789 2009,788"/>
                <TextEquiv>
                    <Unicode>licis Viris; id est Praelatis, qui habent potestatem viuendi de</Unicode>
                </TextEquiv>
            </TextLine>
            <TextLine id="r2l17" custom="readingOrder {index:10;}">
                <Coords points="530,890 2028,862 2027,816 1909,801 1194,849 529,828"/>
                <Baseline points="540,878 617,876 695,875 773,874 851,873 929,872 1007,870 1084,869 1162,867 1240,866 1318,864 1396,863 1474,861 1551,860 1629,858 1707,857 1785,857 1863,855 1941,855 2019,854"/>
                <TextEquiv>
                    <Unicode>Euangelio. Vnde sequitur. Dignus est operarius cibo suo. Item</Unicode>
                </TextEquiv>
            </TextLine>
            <TextLine id="r2l18" custom="readingOrder {index:11;}">
                <Coords points="540,956 2025,927 2024,882 1887,866 1007,882 886,922 539,893"/>
                <Baseline points="549,945 622,944 695,942 768,942 842,941 915,939 988,938 1062,936 1135,935 1208,933 1282,931 1355,930 1428,929 1501,927 1575,926 1648,924 1721,923 1795,923 1868,921 1941,921 2015,920"/>
                <TextEquiv>
                    <Unicode>dicendum est, quod ibi prohibetur Apostolis possidere sibi, non</Unicode>
                </TextEquiv>
            </TextLine>
            <TextLine id="r2l19" custom="readingOrder {index:12;}">
                <Coords points="530,1043 2037,996 1978,938 529,981"/>
                <Baseline points="540,1010 614,1010 688,1008 763,1007 837,1005 911,1004 986,1002 1060,1001 1134,999 1209,998 1283,996 1357,995 1432,993 1506,992 1580,990 1655,989 1729,989 1803,987 1878,986 1952,986 2027,986"/>
                <TextEquiv>
                    <Unicode>possidere aliis; Id est posfessio propria, non communis, quae cum</Unicode>
                </TextEquiv>
            </TextLine>
            <TextLine id="r2l20" custom="readingOrder {index:13;}">
                <Coords points="550,1092 2033,1067 2032,1027 1917,994 549,1044"/>
                <Baseline points="558,1077 631,1076 704,1074 777,1073 850,1071 924,1070 997,1068 1070,1067 1143,1064 1216,1062 1290,1061 1363,1059 1436,1058 1509,1057 1582,1055 1656,1055 1729,1053 1802,1052 1875,1052 1948,1050 2022,1050"/>
                <TextEquiv>
                    <Unicode>contemptu temporalium potest esse. Nam; vt dicit Prosper, </Unicode>
                </TextEquiv>
            </TextLine>
            <TextLine id="r2l21" custom="readingOrder {index:14;}">
                <Coords points="539,1152 2028,1114 1959,1057 539,1108"/>
                <Baseline points="548,1142 621,1140 695,1140 768,1139 842,1137 915,1136 989,1134 1062,1133 1136,1131 1209,1130 1283,1128 1357,1127 1430,1125 1504,1124 1577,1122 1651,1121 1724,1119 1798,1118 1871,1116 1945,1116 2019,1115"/>
                <TextEquiv>
                    <Unicode>Hoc est possidendo contemnere non sibi, sed aliis possidere; alio¬</Unicode>
                </TextEquiv>
            </TextLine>
            <TextLine id="r2l22" custom="readingOrder {index:15;}">
                <Coords points="548,1223 1992,1205 2038,1161 547,1176"/>
                <Baseline points="557,1205 630,1205 704,1205 777,1204 851,1203 924,1202 998,1200 1071,1199 1145,1197 1218,1196 1292,1194 1366,1192 1439,1190 1513,1188 1586,1188 1660,1187 1733,1185 1807,1185 1880,1184 1954,1184 2028,1185"/>
                <TextEquiv>
                    <Unicode>quiri peccassent Apostoli, quibus erant omnia communia. Act. Ao¬</Unicode>
                </TextEquiv>
            </TextLine>
            <TextLine id="r2l23" custom="readingOrder {index:16;}">
                <Coords points="555,1283 2043,1250 1961,1201 1495,1201 554,1258"/>
                <Baseline points="564,1275 637,1274 711,1272 784,1271 858,1269 931,1268 1005,1266 1078,1265 1152,1263 1225,1262 1299,1260 1372,1259 1446,1257 1519,1256 1593,1254 1666,1252 1740,1251 1813,1250 1887,1247 1960,1247 2034,1245"/>
                <TextEquiv>
                    <Unicode>item dicendum ost, quod non fuit illud praeceprum a Do¬</Unicode>
                </TextEquiv>
            </TextLine>
            <TextLine id="r2l24" custom="readingOrder {index:17;}">
                <Coords points="551,1353 1874,1321 1974,1355 2043,1316 2006,1266 1907,1264 550,1306"/>
                <Baseline points="560,1340 633,1338 707,1338 781,1337 854,1335 928,1334 1002,1332 1075,1331 1149,1329 1223,1328 1297,1326 1370,1325 1444,1323 1518,1322 1591,1320 1665,1319 1739,1317 1812,1316 1886,1314 1960,1314 2034,1313"/>
                <TextEquiv>
                    <Unicode>mino, sed permissum; quod notari potest exeo quod sequi¬</Unicode>
                </TextEquiv>
            </TextLine>
            <TextLine id="r2l25" custom="readingOrder {index:18;}">
                <Coords points="549,1420 1616,1390 1776,1428 1818,1384 2052,1385 2051,1343 1978,1332 548,1371"/>
                <Baseline points="557,1406 631,1406 705,1404 779,1403 854,1401 928,1400 1002,1398 1077,1397 1151,1395 1225,1394 1300,1392 1374,1390 1448,1389 1522,1387 1597,1386 1671,1385 1745,1383 1820,1382 1894,1380 1968,1380 2043,1379"/>
                <TextEquiv>
                    <Unicode>tur. Dignus est enim Operarius cibo suo. Qnasi diceret. Permisto¬</Unicode>
                </TextEquiv>
            </TextLine>
            <TextLine id="r2l26" custom="readingOrder {index:19;}">
                <Coords points="554,1482 1831,1483 2040,1460 2039,1406 553,1434"/>
                <Baseline points="563,1466 636,1466 709,1467 783,1467 856,1466 930,1466 1003,1464 1076,1463 1150,1461 1223,1459 1297,1457 1370,1455 1443,1452 1517,1451 1590,1449 1664,1448 1737,1446 1810,1446 1884,1446 1957,1446 2031,1448"/>
                <TextEquiv>
                    <Unicode>vobis pergere in praedicatione Evangelii, sine auro, &amp; argento, Quu</Unicode>
                </TextEquiv>
            </TextLine>
            <TextLine id="r2l27" custom="readingOrder {index:20;}">
                <Coords points="547,1565 2038,1524 2053,1477 546,1505"/>
                <Baseline points="555,1535 629,1535 703,1533 778,1533 852,1532 927,1530 1001,1529 1075,1527 1150,1526 1224,1524 1299,1523 1373,1521 1447,1520 1522,1518 1596,1517 1671,1515 1745,1514 1819,1514 1894,1512 1968,1512 2043,1514"/>
                <TextEquiv>
                    <Unicode>pecunia; quia recipere potestis victum &amp; vestitum ab Audit oribue</Unicode>
                </TextEquiv>
            </TextLine>
            <TextLine id="r2l28" custom="readingOrder {index:21;}">
                <Coords points="560,1616 1940,1604 2056,1556 560,1569"/>
                <Baseline points="570,1598 643,1599 717,1598 791,1598 865,1598 939,1596 1012,1595 1086,1593 1160,1592 1234,1590 1308,1587 1381,1586 1455,1584 1529,1583 1603,1581 1677,1580 1750,1580 1824,1578 1898,1578 1972,1578 2046,1580"/>
                <TextEquiv>
                    <Unicode>vestris, tamquam illorum Operarii a Domino constituti. Et sic ex¬</Unicode>
                </TextEquiv>
            </TextLine>
            <TextLine id="r2l29" custom="readingOrder {index:22;}">
                <Coords points="561,1701 1978,1661 2041,1614 560,1634"/>
                <Baseline points="570,1664 643,1664 716,1664 789,1664 862,1664 935,1662 1008,1661 1081,1659 1154,1658 1227,1656 1300,1654 1373,1652 1446,1650 1519,1649 1592,1647 1665,1646 1738,1644 1811,1643 1884,1643 1957,1641 2031,1641"/>
                <TextEquiv>
                    <Unicode>ponit Augustirus in lib. 2. De mendacio dicens. Cum dixit Do¬</Unicode>
                </TextEquiv>
            </TextLine>
            <TextLine id="r2l30" custom="readingOrder {index:23;}">
                <Coords points="553,1748 1864,1739 2029,1725 2048,1672 552,1705"/>
                <Baseline points="563,1731 636,1731 710,1730 784,1730 858,1728 932,1727 1006,1725 1079,1723 1153,1722 1227,1719 1301,1718 1375,1716 1449,1715 1523,1713 1596,1712 1670,1710 1744,1709 1818,1709 1892,1709 1966,1709 2040,1709"/>
                <TextEquiv>
                    <Unicode>minis Apostolis, NINIL TVLERITIS ENIVIA, continuo subiecit, </Unicode>
                </TextEquiv>
            </TextLine>
            <TextLine id="r2l31" custom="readingOrder {index:24;}">
                <Coords points="563,1813 1949,1798 2049,1745 562,1755"/>
                <Baseline points="572,1796 645,1796 718,1794 792,1793 865,1792 939,1790 1012,1790 1085,1788 1159,1787 1232,1785 1306,1784 1379,1782 1452,1781 1526,1779 1599,1778 1673,1776 1746,1775 1819,1773 1893,1772 1966,1770 2040,1769"/>
                <TextEquiv>
                    <Unicode>DIGNVS EST ENIM OPERARTVS erno SVO. Vnde sutis ostendiu per¬</Unicode>
                </TextEquiv>
            </TextLine>
            <TextLine id="r2l32" custom="readingOrder {index:25;}">
                <Coords points="558,1878 1987,1860 2058,1853 2058,1804 557,1837"/>
                <Baseline points="567,1866 641,1865 715,1863 789,1862 863,1860 937,1859 1011,1857 1085,1856 1159,1854 1233,1853 1308,1850 1382,1850 1456,1847 1530,1845 1604,1844 1678,1842 1752,1841 1826,1841 1900,1839 1974,1838 2049,1836"/>
                <TextEquiv>
                    <Unicode>missum hoc esse, non praeceptum. Et similiter exponit hocidem</Unicode>
                </TextEquiv>
            </TextLine>
            <TextLine id="r2l33" custom="readingOrder {index:26;}">
                <Coords points="567,1948 2048,1916 2047,1875 1908,1857 566,1888"/>
                <Baseline points="576,1928 649,1928 722,1928 795,1926 868,1925 941,1924 1014,1922 1088,1920 1161,1919 1234,1917 1307,1916 1380,1914 1453,1913 1526,1911 1600,1910 1673,1908 1746,1907 1819,1905 1892,1905 1965,1905 2039,1905"/>
                <TextEquiv>
                    <Unicode>Augustinus Contra Adimantum Mdanichaei Discipolum cap. </Unicode>
                </TextEquiv>
            </TextLine>
            <TextLine id="r2l34" custom="readingOrder {index:27;}">
                <Coords points="554,2013 1855,2004 2070,1943 1648,1914 553,1974"/>
                <Baseline points="564,2001 638,1999 713,1996 788,1994 863,1992 938,1990 1013,1988 1087,1986 1162,1985 1237,1983 1312,1982 1387,1980 1462,1979 1537,1977 1611,1977 1686,1976 1761,1974 1836,1973 1911,1971 1986,1971 2061,1970"/>
                <TextEquiv>
                    <Unicode>29. &amp; in lib. De opere Monach. cap. 6. &amp; Rabattus supen Mdat¬</Unicode>
                </TextEquiv>
            </TextLine>
            <TextLine id="r2l35" custom="readingOrder {index:28;}">
                <Coords points="570,2077 746,2071 808,2091 830,2068 927,2066 927,2036 906,2025 846,2034 747,2026 719,2040 620,2035 597,2018 569,2028"/>
                <Baseline points="579,2067 605,2066 631,2064 657,2064 683,2063 709,2062 735,2061 761,2061 787,2061 813,2060 839,2060 865,2060 891,2060 918,2060"/>
                <TextEquiv>
                    <Unicode>thaeum cap. 1O. </Unicode>
                </TextEquiv>
            </TextLine>
            <TextLine id="r2l36" custom="readingOrder {index:29;}">
                <Coords points="662,2131 1951,2132 2061,2109 2060,2055 1873,2019 1729,2080 661,2090"/>
                <Baseline points="672,2126 744,2126 817,2124 889,2123 962,2123 1034,2121 1107,2120 1180,2118 1252,2116 1325,2114 1397,2112 1470,2111 1542,2109 1615,2108 1688,2106 1760,2105 1833,2105 1905,2103 1978,2103 2051,2102"/>
                <TextEquiv>
                    <Unicode>c Si autem dicatur fuisse praeceptum, eo quod legatur</Unicode>
                </TextEquiv>
            </TextLine>
            <TextLine id="r2l37" custom="readingOrder {index:30;}">
                <Coords points="574,2213 1721,2203 2067,2145 572,2145"/>
                <Baseline points="582,2196 655,2195 729,2194 803,2193 877,2192 951,2190 1024,2189 1098,2186 1172,2185 1246,2183 1320,2181 1393,2180 1467,2178 1541,2177 1615,2175 1689,2174 1762,2172 1836,2171 1910,2169 1984,2167 2058,2166"/>
                <TextEquiv>
                    <Unicode>Mare. 6. Praecepit eis, ne quid rollerent in vii, nisi virgam Tci¬</Unicode>
                </TextEquiv>
            </TextLine>
            <TextLine id="r2l38" custom="readingOrder {index:31;}">
                <Coords points="567,2275 2065,2235 2032,2180 1859,2172 566,2232"/>
                <Baseline points="576,2262 653,2261 731,2261 809,2259 887,2258 965,2256 1043,2255 1120,2253 1198,2251 1276,2249 1354,2247 1432,2246 1510,2244 1587,2243 1665,2241 1743,2239 1821,2238 1899,2237 1977,2235 2055,2235"/>
                <TextEquiv>
                    <Unicode>tiem. Glossa. Id est nisi potestatem viuendi de Evangelio. Respon¬</Unicode>
                </TextEquiv>
            </TextLine>
            <TextLine id="r2l39" custom="readingOrder {index:32;}">
                <Coords points="579,2338 2025,2327 2073,2282 1903,2250 578,2284"/>
                <Baseline points="588,2331 661,2330 735,2328 809,2327 883,2325 957,2324 1030,2322 1104,2319 1178,2318 1252,2316 1326,2315 1399,2313 1473,2310 1547,2310 1621,2307 1695,2307 1768,2306 1842,2304 1916,2304 1990,2303 2064,2303"/>
                <TextEquiv>
                    <Unicode>demus quod per hoc non praecepit Dominus Apostolis, abstine¬</Unicode>
                </TextEquiv>
            </TextLine>
            <TextLine id="r2l40" custom="readingOrder {index:33;}">
                <Coords points="583,2412 2067,2387 2066,2340 1967,2321 582,2363"/>
                <Baseline points="591,2397 664,2396 737,2394 811,2394 884,2393 957,2390 1031,2388 1104,2387 1177,2385 1251,2384 1324,2382 1397,2380 1471,2378 1544,2376 1617,2375 1691,2375 1764,2373 1837,2373 1911,2372 1984,2372 2058,2373"/>
                <TextEquiv>
                    <Unicode>re ab vtili, &amp; moderata necessariorum prouidentia; sedia nimia</Unicode>
                </TextEquiv>
            </TextLine>
            <TextLine id="r2l41" custom="readingOrder {index:34;}">
                <Coords points="584,2476 2041,2451 2060,2385 583,2420"/>
                <Baseline points="594,2463 666,2463 739,2462 812,2460 885,2459 958,2457 1031,2456 1104,2454 1177,2453 1250,2451 1323,2449 1395,2448 1468,2446 1541,2445 1614,2444 1687,2442 1760,2441 1833,2439 1906,2439 1979,2438 2052,2438"/>
                <TextEquiv>
                    <Unicode>illius sollicitudine &amp; cura, per quam impediretur ecrum ossi¬</Unicode>
                </TextEquiv>
            </TextLine>
            <TextLine id="r2l42" custom="readingOrder {index:35;}">
                <Coords points="583,2541 1035,2573 1163,2520 1742,2539 2064,2515 2076,2466 582,2498"/>
                <Baseline points="591,2531 664,2529 738,2529 812,2528 886,2526 960,2525 1033,2523 1107,2522 1181,2520 1255,2518 1329,2516 1402,2514 1476,2513 1550,2511 1624,2510 1698,2508 1771,2507 1845,2507 1919,2505 1993,2505 2067,2505"/>
                <TextEquiv>
                    <Unicode>cium praedicandi erquria. Vnde Glossa ibi. Ne duom sibi prouiderent</Unicode>
                </TextEquiv>
            </TextLine>
            <TextLine id="r2l43" custom="readingOrder {index:36;}">
                <Coords points="582,2607 1760,2604 2022,2588 2085,2523 581,2561"/>
                <Baseline points="591,2595 665,2595 739,2594 813,2592 888,2592 962,2591 1036,2589 1110,2589 1185,2588 1259,2586 1333,2585 1407,2583 1482,2582 1556,2580 1630,2579 1704,2577 1779,2576 1853,2573 1927,2571 2001,2570 2076,2568"/>
                <TextEquiv>
                    <Unicode>tempor ilia, minus auis prouiderent aeterna. Vnde exponendo ver¬</Unicode>
                </TextEquiv>
            </TextLine>
            <TextLine id="r2l44" custom="readingOrder {index:37;}">
                <Coords points="585,2676 2058,2652 2069,2584 584,2610"/>
                <Baseline points="594,2661 667,2661 740,2660 813,2660 887,2660 960,2658 1033,2657 1107,2657 1180,2655 1253,2654 1327,2652 1400,2651 1473,2649 1546,2648 1620,2646 1693,2645 1766,2645 1840,2643 1913,2642 1986,2640 2060,2639"/>
                <TextEquiv>
                    <Unicode>bum praedictiim sequitur in textu Euangelii. NGN peram, Glos. </Unicode>
                </TextEquiv>
            </TextLine>
            <TextLine id="r2l45" custom="readingOrder {index:38;}">
                <Coords points="573,2742 2088,2707 2087,2666 1991,2649 572,2696"/>
                <Baseline points="582,2733 656,2732 731,2730 806,2730 881,2729 956,2729 1031,2727 1105,2727 1180,2726 1255,2726 1330,2724 1405,2723 1480,2721 1555,2720 1629,2718 1704,2717 1779,2714 1854,2711 1929,2708 2004,2705 2079,2702"/>
                <TextEquiv>
                    <Unicode>Id est curam saeculi. NoN panem. Glossu Id est delicias. NON</Unicode>
                </TextEquiv>
            </TextLine>
            <TextEquiv>
                <Unicode>contemni; &amp; sine impedimento perfectionis possunt habe¬
ri. 
§. Adhuc opponunt Aduersarii Veritatis illud Mate. 1o. 
Nolite postidere aurum, neque argentum, neque pecuniam in xonis
vestris. Dicunt igitur quod Viris perfectis, &amp; paupertatem
Euangelicam profitentibus, non licet haec habere in proprio, 
nec in communi. 
§. Ad quod dicendum est, quod verbum illud non fuit
dictum quibustibet perfectis, sed solum Apostolis, &amp; Aposto¬
licis Viris; id est Praelatis, qui habent potestatem viuendi de
Euangelio. Vnde sequitur. Dignus est operarius cibo suo. Item
dicendum est, quod ibi prohibetur Apostolis possidere sibi, non
possidere aliis; Id est posfessio propria, non communis, quae cum
contemptu temporalium potest esse. Nam; vt dicit Prosper, 
Hoc est possidendo contemnere non sibi, sed aliis possidere; alio¬
quiri peccassent Apostoli, quibus erant omnia communia. Act. Ao¬
item dicendum ost, quod non fuit illud praeceprum a Do¬
mino, sed permissum; quod notari potest exeo quod sequi¬
tur. Dignus est enim Operarius cibo suo. Qnasi diceret. Permisto¬
vobis pergere in praedicatione Evangelii, sine auro, &amp; argento, Quu
pecunia; quia recipere potestis victum &amp; vestitum ab Audit oribue
vestris, tamquam illorum Operarii a Domino constituti. Et sic ex¬
ponit Augustirus in lib. 2. De mendacio dicens. Cum dixit Do¬
minis Apostolis, NINIL TVLERITIS ENIVIA, continuo subiecit, 
DIGNVS EST ENIM OPERARTVS erno SVO. Vnde sutis ostendiu per¬
missum hoc esse, non praeceptum. Et similiter exponit hocidem
Augustinus Contra Adimantum Mdanichaei Discipolum cap. 
29. &amp; in lib. De opere Monach. cap. 6. &amp; Rabattus supen Mdat¬
thaeum cap. 1O. 
c Si autem dicatur fuisse praeceptum, eo quod legatur
Mare. 6. Praecepit eis, ne quid rollerent in vii, nisi virgam Tci¬
tiem. Glossa. Id est nisi potestatem viuendi de Evangelio. Respon¬
demus quod per hoc non praecepit Dominus Apostolis, abstine¬
re ab vtili, &amp; moderata necessariorum prouidentia; sedia nimia
illius sollicitudine &amp; cura, per quam impediretur ecrum ossi¬
cium praedicandi erquria. Vnde Glossa ibi. Ne duom sibi prouiderent
tempor ilia, minus auis prouiderent aeterna. Vnde exponendo ver¬
bum praedictiim sequitur in textu Euangelii. NGN peram, Glos. 
Id est curam saeculi. NoN panem. Glossu Id est delicias. NON</Unicode>
            </TextEquiv>
        </TextRegion>
    </Page>
</PcGts>
