2592 3508
497 171 1958 238 in xona aes. Glossa. Id est occultam sapientiam. Patet igitur ma¬
506 226 1956 287 nifeste per Glossam, quod Dominus prohibuit Apostolis de
503 283 1975 373 licias, & curam temporalis prouidentiae nimiam; non proui¬
507 356 1959 420 dentiam moderatam. Vnde Luc. 12. super illud Nolite solli¬
494 419 1974 484 citi esse, quid manducetis, dicit Glossa. Non prouidentiam prohi¬
493 489 1971 548 bet, per quam in sudore vultus panis praeparatur; sed sollicitudinem
507 553 1973 612 vetat, quae mentem perturbat, & ab aeternis reuocat. Illiergo Prae¬
500 618 1961 683 dicatores, qui propter carentiam posfessionum Ecclesiae, assu¬
500 683 1969 747 munt sibi curam populi propter victum quaerendum, va¬
497 754 1962 835 gantes propter quaestum victus continuum hac & illac; qui
494 819 1957 877 etiam de quaestu continuo, & intolerabiliter importuno, co¬
496 893 1955 963 piosius & delicatius vitam agunt, quam illi, qui communibus
508 947 1953 1007 poffessionibus Ecclesiae coutuntur; videntur ferre in via pe¬
497 1009 1962 1083 ram, & panem, contra prohibitionem Domini supradictam;
509 1082 1961 1156 qua prohibuit suis Discipulis, Ne quid toclerent in via, non peram,
479 1161 1957 1227 non panem, &c. Vnde tales Praedicatores magis videntur
485 1202 1946 1276 esse Pseudo, quam veri Apostoli, nisi canonice de ipsorum con¬
492 1280 876 1356 stiterit potestate.
571 1346 1957 1418 §. Item, cum voluntaria paupertas ideo sit laudabilis, &
486 1412 1945 1482 meritoria, quia habet duo magna bona sibi annexa (videlicet,
495 1488 1947 1534 priuationem sollicitudinum huius mundi, quae mentem per¬
485 1545 1947 1606 turbant, & ab aeternis reuocant; & priuationem deliciarum,
485 1610 1948 1683 quae carnem contra spiritum eleuant, & concupiscentiam car¬
486 1675 1942 1733 nis inflammant) videtur; quod illorum paupertas non sit lau¬
484 1738 1951 1796 dabilis, nec meritoria, qui propter victum sollicitudinibus hu¬
485 1801 1956 1868 ius saeculi se immergunt, & de quaestu suo continuo vitam de¬
479 1866 876 1933 liciosam ducunt.
572 1939 1956 2002 §. Item, obijciunt illud Augustini Ad Nebuliam. Si vis
488 2019 1944 2085 esse perfecta, vende omnia, quae habes, & da pauperibus, & nu¬
476 2081 1945 2148 dam solamque crucem nuda sequaris. Ergo, inquiunt, qui vult
462 2144 1953 2212 esse perfectus debet sequi solam crucem nudus. Sed qui
471 2202 1954 2262 habet in communi non est omnino nudus. Ergo qui
467 2268 1951 2324 vult esse perfectus, nihil debet habere in proprio, vel com¬
483 2338 625 2395 muni.
596 2401 1936 2459 §. Sed hoc soluit Hieronymus Ad Nopotianum dicens.
471 2468 1945 2524 Si non accipio inter cateras tribus, sed quasi Sacerdos & Leuita vi¬
467 2531 1932 2603 uo de decimis, & altari seruiens de altaris sustentor oblatione; ha¬
467 2596 1937 2660 bens victum & vestimentum, his contentus ero; & nudam cru¬
464 2666 1929 2730 cem nudus sequar. Et habetur 12. 4. I. cap. Clericus. Videtur
