2592 3508
523 145 2061 230 amouendo scilicet so llicitudinem de victi quaerendo, & de en¬
539 223 2056 307 gitando in erastinum, vt ostensum est supra dist. Ei §i Sed certii¬
534 288 2051 359 Ita victum habere de communibus posfessionibus Ecclesiae;
535 351 2041 425 aut de decimis, vel primitiis, vel aliis obuentionibus Ecclesia¬
545 424 2037 491 sticis, non impedit, sed potius expedit animi libertatem ad
547 497 2028 562 contemplandum Deum; amouendo scilicet sollicitudines de
547 551 2022 642 victu quaerendo, quas necesse est illum habere, qui cum indi¬
538 603 2057 713 geat, nec de communibus bonis Ecclesiae, nec de corporali¬
542 686 1998 764 labore, sed tantum de alterius largitate & deuotione, quae in
542 754 2019 823 certa est, victum semper expectat. Vnde Prosper De vite
549 822 2017 918 contemplatiua lib. 2. Ideo decimas, atque praemitias frugum, pri¬
529 878 2027 972 mogenita, & sacrificia pro peccatis, vel vota, quae sibi Deus iussit
544 951 2023 1044 offerri, Sacerdotibus ac Ministris distribui debere constituit; vt de¬
533 1012 2031 1084 uotissimo populo ministrante necessaria, ipsi Creatori, ac Pastori suo,
530 1082 2027 1170 liberis mentibus ministrarent, atque in eius culti sine vlla sollicitu¬
535 1148 2022 1236 dine corporali proficerent. Victum igitur habere de communibus
541 1210 2029 1309 bonis Ecclesiae expedit animum ad contemplandum diuinas
532 1275 2024 1359 amouendo scilicet sollicitudinem de victu quaerendo. Mendi¬
531 1340 2010 1421 care vero impedit animi libertatem ad contemplandum, prop
527 1418 2038 1508 ter sollicitudinem victus, & cogitandi de crastino; sicut e
537 1491 2023 1565 contrario securitas cibi facit, vt melius vacari possit aeternis,
529 1545 2028 1633 vt ostensum est supra dist. 2. §. Sed certe videri potest. Aufert
533 1607 2014 1703 etiam mendicitas animi libertatem, quam debet habere Chri¬
529 1677 2020 1757 stianus ad non peccandum propter necessitatem victus; com¬
530 1752 2023 1844 pellit enim quandoque cadere in in varia genera peccatorum,
541 1808 1623 1875 vt ostensum est supra dist. 2. §. Si vero dicatur.
602 1876 2020 1960 §. Et quod dicuntur immobiles posfessiones inducere mul¬
518 1935 2035 2032 tas sollicitudines; Idem dici potest de mobilibus; nisi quia
533 2003 2018 2087 tanto securius, quanto secretius, possidentur; nec illae sollici¬
526 2089 2034 2159 tudines tangunt singulos Fratres, siue Claustrales; sed illos
521 2140 2021 2220 tantum, qui praesunt Ecclesiis, vel Monasteriis; vt vno, vide¬
528 2192 2030 2289 licet praesidente sollicitudinem gerente pro cunctis Fratribus,
530 2275 2016 2362 libere possint illi Fratres spirituali quiete potiri. Vnde Prosper
521 2336 2031 2429 De vita contemplatiua. Expedit facultates Ecclesiae possideri; non
521 2405 2031 2483 sexplendis voluptatibus, aut fouendis; sed congregandis Fratribus,
534 2483 2038 2563 & alendis; vt vno sollicitudinem omnium in sua societate viuen¬
523 2537 2031 2628 tium sustinente, omnes, qui sub eo sunt, fructuosa vacatione spiri¬
529 2600 2023 2681 taliquiete potiantur. Nec sunt illae sollicitudines suffocantes ani¬
521 2675 2038 2781 milibertatem (cum non ex cupiditate priuatae rei prouenianta
