2592 3508
474 159 1938 268 NE, AIVVENTVTEMEA? Et tamen multis diuitiis fulgebat, se ta¬
467 241 1944 332 men frequenter pauperem clamans; quia in eis cor per amorem non
469 312 1934 395 habebat. Item idem Dauid ait. Ego sum mendicus & pauper.
475 355 1954 461 Gloss. Vt Publicanus, qui non audebat oculos adicaelum leuare, cum
482 425 1935 549 quo dico, PROPITIVS ESTO MINI DOMINE PECCATORI. NON
478 492 1941 597 SVM DIVES, QuiAa NON SVM SVPERBVS, vT PHARISAEVS, Qui
475 555 1779 661 DicEBAT. NON SVM SICVT CAETENI NOMINVM, &c.
534 626 1945 732 §. Quod autem dicit Prosper in secundo libro De Vita con¬
470 682 1945 787 templatiua. Quamdiu aliquis sua non reliquit; Mundo, cuius bo¬
471 754 1951 861 na rctinet, seruit; intelligendum est, de illo, qui retinet animo;
467 824 1946 921 inhaerendo scilicet eis per amorem, & volens inde suam, non
475 890 1677 988 Dei facere voluntatem, vt ostensum est paulo ante.
527 946 1941 1060 §. Item, cum Viris Regularibus communem vitam ducen¬
469 1027 1958 1118 tibus vtilius sit, communes posfessiones Ecclesiae reseruare, &
475 1094 1940 1188 de fructibus illarum viuere; quam eas vendere, & pretium il¬
472 1177 1949 1254 larum in victu suo consumere, vt ostensum est per Beatum Vr¬
481 1211 1940 1320 banum supra eodem signo. §. Sed forsan respondebit; Et multo
484 1297 1942 1388 fortius sit eis vtilius, quam alienis donis & muneribus, contra
476 1361 1953 1464 praeceptum Apostoli inhiare; Quod autem vtilius est, illud &
481 1411 1947 1517 honestius est; cum idem sit vtile, & honestum; vt dicit Ambro¬
488 1499 1939 1581 sius in lib. De officiis; & quod honestius esti, illud & perse¬
484 1544 1947 1645 ctius esse videtur; Reliquum esse plurimis videtur, quod
480 1609 1956 1713 Viris Regularibus communem vitam dducentibus per¬
484 1698 1949 1781 fectius sit, de communibus Ecclesiae possessionibus viuere;
484 1747 1954 1861 quam eis abiectis, vel contemptis; perpetuo mendicare; prae¬
487 1826 1957 1917 cipue, cum dicat Paschalis Papa Quod corppralis Ecclesia, vt
480 1873 1945 1988 Episcopus, aut Abbas, aut tale aliquid Cvt est Collegium Cleri¬
484 1961 1957 2044 corum, vel Monachorumisine rebus temporalibus in nullo proficit;
500 2009 1954 2109 icut nec anima sine corpore corporaliter viuit. 1. §. 3. cap. Si quis ob¬
481 2074 1956 2178 decerit. Ex quo videtur sequi, quod eorum Ecclesia in nullo pro¬
491 2138 1950 2240 ficit, quae res temporales ad vsum communem non habendas,
485 2214 1967 2310 sed abijciendas dicit. Et Philosophus in Etlicis Impossibile est
491 2275 1950 2379 bona operari indigentem. Videtur etiam, quod qui res tempo¬
486 2356 1948 2444 rales abijciunt contemnendo, earum Creatori iniuriam sa¬
495 2402 1962 2516 ciunt. Vnde Augustinus Ad Marcianum De amicitia. Nec plus
486 2473 1946 2580 rebus temporalibus tribuamus, quam modus earum iustissime postu¬
480 2561 1969 2645 let; nec eas in aliquo contemptu abijciendo, creatori earum Domino
477 2610 1957 2717 rerum caelestium, atque terrestium, iniuriam faciamus. Haec autem,
477 2673 1961 2777 sicut & alia, dicimus sine praeiudicio sententie melioris. Ille
