<?xml version="1.0" encoding="UTF-8" standalone="yes"?>
<PcGts xmlns="http://schema.primaresearch.org/PAGE/gts/pagecontent/2013-07-15" xmlns:xsi="http://www.w3.org/2001/XMLSchema-instance" xsi:schemaLocation="http://schema.primaresearch.org/PAGE/gts/pagecontent/2013-07-15 http://schema.primaresearch.org/PAGE/gts/pagecontent/2013-07-15/pagecontent.xsd">
    <Metadata>
        <Creator>prov=University of Rostock/Institute of Mathematics/CITlab|PLANET AI GmbH/Gundram Leifert/gundram.leifert@planet-ai.de:name=544029-m2(htr_id=29082)::::v=2.6.7
prov=University of Rostock/Institute of Mathematics/CITlab|PLANET AI GmbH/Tobias Gruening/tobias.gruening@planet-ai.de:name=de.uros.citlab.module.baseline2polygon.B2PSeamMultiOriented:v=2.6.7
prov=University of Rostock/Institute of Mathematics/CITlab|PLANET AI GmbH/Tobias Gruening/tobias.gruening@planet-ai.de:name=/net_tf/LA73_249_0mod360.pb:de.uros.citlab.segmentation.CITlab_LA_ML:v=2.6.6
Transkribus</Creator>
        <Created>2020-11-24T15:30:18.692+01:00</Created>
        <LastChange>2021-01-06T16:39:30.065+01:00</LastChange>
        <TranskribusMetadata docId="544029" pageId="22819434" pageNr="275" tsid="50720176" status="IN_PROGRESS" userId="48123" imgUrl="https://files.transkribus.eu/Get?id=TZBEAKEVFBBANOIMIFIKESNH&amp;fileType=view" xmlUrl="https://files.transkribus.eu/Get?id=SDBEAKBWJIDTINGZRQQINTJW" imageId="17792626"/>
    </Metadata>
    <Page imageFilename="469.jpg" imageWidth="2592" imageHeight="3508">
        <ReadingOrder>
            <OrderedGroup id="ro_1619609506666" caption="Regions reading order">
                <RegionRefIndexed index="0" regionRef="r1"/>
            </OrderedGroup>
        </ReadingOrder>
        <TextRegion orientation="0.0" id="r1" custom="readingOrder {index:0;}">
            <Coords points="540,0 540,2958 2072,2958 2072,0"/>
            <TextLine id="r1l4" custom="readingOrder {index:0;}">
                <Coords points="565,237 1983,263 2080,245 2081,181 1861,146 1047,204 565,182"/>
                <Baseline points="575,218 649,219 724,219 799,221 874,221 949,221 1024,221 1098,221 1173,221 1248,221 1323,221 1398,221 1473,221 1548,221 1622,222 1697,222 1772,222 1847,222 1922,224 1997,224 2072,225"/>
                <TextEquiv>
                    <Unicode>mundi solitudines, aut deferta petentes; sed frequentiae hio¬</Unicode>
                </TextEquiv>
            </TextLine>
            <TextLine id="line_1607884446761_1931" custom="readingOrder {index:1;}">
                <Coords points="556,294 1806,329 2058,303 2077,250 556,261"/>
                <Baseline points="565,286 765,289 965,288 1065,289 1265,288 1465,288 1665,288 1765,290 1965,291 2068,292"/>
                <TextEquiv>
                    <Unicode>minum, &amp; maxime saecularium se ingerentes; &amp; quitates, &amp;</Unicode>
                </TextEquiv>
            </TextLine>
            <TextLine id="r1l7" custom="readingOrder {index:2;}">
                <Coords points="560,374 1927,394 2064,379 2064,302 560,317"/>
                <Baseline points="569,356 643,356 717,357 791,357 866,357 940,357 1014,359 1089,357 1163,357 1237,357 1312,357 1386,357 1460,357 1534,356 1609,356 1683,356 1757,356 1832,356 1906,356 1980,357 2055,357"/>
                <TextEquiv>
                    <Unicode>alia Ioca populosa continue frequentantes; &amp; de nomo in do¬</Unicode>
                </TextEquiv>
            </TextLine>
            <TextLine id="r1l8" custom="readingOrder {index:3;}">
                <Coords points="573,435 2056,448 2036,375 573,384"/>
                <Baseline points="582,416 655,419 728,421 801,423 874,424 948,425 1021,425 1094,425 1167,425 1240,425 1314,423 1387,423 1460,422 1533,422 1606,422 1680,422 1753,422 1826,422 1899,423 1972,425 2046,426"/>
                <TextEquiv>
                    <Unicode>mum (uae vita Requam est) contra Sapientis copsilium hos¬</Unicode>
                </TextEquiv>
            </TextLine>
            <TextLine id="r1l9" custom="readingOrder {index:4;}">
                <Coords points="584,499 2062,494 1861,432 1380,473 584,452"/>
                <Baseline points="594,485 666,488 739,489 812,490 885,491 958,491 1031,491 1104,491 1177,491 1250,491 1323,490 1395,489 1468,489 1541,489 1614,488 1687,488 1760,489 1833,489 1906,491 1979,492 2052,494"/>
                <TextEquiv>
                    <Unicode>pitantes; &amp; non minus in alienis, quam in suis domibus con¬</Unicode>
                </TextEquiv>
            </TextLine>
            <TextLine id="r1l10" custom="readingOrder {index:5;}">
                <Coords points="576,565 2071,585 2035,495 576,522"/>
                <Baseline points="585,551 658,554 732,555 806,557 880,558 954,558 1027,558 1101,558 1175,558 1249,558 1323,558 1396,557 1470,557 1544,557 1618,557 1692,557 1765,557 1839,557 1913,558 1987,560 2061,561"/>
                <TextEquiv>
                    <Unicode>uersantese Cum e contrario dicat Ambrosius super Eucam libi¬</Unicode>
                </TextEquiv>
            </TextLine>
            <TextLine id="r1l11" custom="readingOrder {index:6;}">
                <Coords points="561,636 2073,651 2073,591 1923,564 561,587"/>
                <Baseline points="570,617 644,620 719,621 794,623 868,624 943,624 1018,626 1092,626 1167,626 1242,624 1317,624 1391,624 1466,623 1541,623 1615,623 1690,623 1765,623 1839,623 1914,623 1989,624 2064,626"/>
                <TextEquiv>
                    <Unicode>I. Vir perfectus ille dicatur, qui careat errore pueritiae; &amp; lubricum</Unicode>
                </TextEquiv>
            </TextLine>
            <TextLine id="r1l12" custom="readingOrder {index:7;}">
                <Coords points="569,700 2064,724 2064,633 1507,678 1430,642 569,657"/>
                <Baseline points="579,686 652,687 726,689 800,690 874,692 948,692 1021,692 1095,692 1169,692 1243,692 1317,692 1390,690 1464,690 1538,690 1612,690 1686,690 1759,690 1833,690 1907,690 1981,692 2055,692"/>
                <TextEquiv>
                    <Unicode>adolescentiae animi maturitate non sentiat. Sicut illi Patres antiqui,</Unicode>
                </TextEquiv>
            </TextLine>
            <TextLine id="r1l13" custom="readingOrder {index:8;}">
                <Coords points="569,783 2067,788 2067,721 1890,703 569,721"/>
                <Baseline points="579,752 656,752 734,753 812,755 890,755 968,755 1046,756 1123,756 1201,756 1279,756 1357,756 1435,756 1513,755 1590,755 1668,755 1746,755 1824,755 1902,755 1980,755 2058,756"/>
                <TextEquiv>
                    <Unicode>qui mundana omnia contemnentes, hominum frequentiam &amp; con¬</Unicode>
                </TextEquiv>
            </TextLine>
            <TextLine id="r1l14" custom="readingOrder {index:9;}">
                <Coords points="558,830 2034,869 2053,787 558,787"/>
                <Baseline points="567,816 640,818 714,818 788,819 862,819 936,821 1009,821 1083,821 1157,822 1231,822 1305,822 1378,822 1452,822 1526,822 1600,824 1674,824 1747,824 1821,824 1895,824 1969,825 2043,825"/>
                <TextEquiv>
                    <Unicode>uersationem corporaliter fugientes, fide fulti, spe, &amp; charitate, </Unicode>
                </TextEquiv>
            </TextLine>
            <TextLine id="r1l15" custom="readingOrder {index:10;}">
                <Coords points="560,907 1502,917 1637,900 1637,852 560,858"/>
                <Baseline points="569,888 624,887 680,887 736,885 791,885 847,885 903,887 959,887 1014,887 1070,888 1126,889 1182,890 1237,890 1293,891 1349,891 1405,891 1460,890 1516,890 1572,888 1628,887"/>
                <TextEquiv>
                    <Unicode>AEgypti deserta, &amp; mundi solitudines petierunt. </Unicode>
                </TextEquiv>
            </TextLine>
            <TextLine id="r1l16" custom="readingOrder {index:11;}">
                <Coords points="613,975 2043,991 2055,860 1348,941 613,915"/>
                <Baseline points="623,951 694,953 765,954 836,954 907,956 978,956 1049,956 1121,956 1192,956 1263,956 1334,956 1405,956 1476,956 1547,956 1619,956 1690,956 1761,956 1832,956 1903,956 1974,957 2046,957"/>
                <TextEquiv>
                    <Unicode>§. His, igitur Mendicantibus, se humiles falso dicentibus, </Unicode>
                </TextEquiv>
            </TextLine>
            <TextLine id="r1l17" custom="readingOrder {index:12;}">
                <Coords points="558,1028 2056,1046 2056,990 1921,971 558,962"/>
                <Baseline points="567,1014 644,1016 722,1017 800,1019 878,1020 956,1020 1034,1020 1111,1020 1189,1020 1267,1020 1345,1020 1423,1020 1501,1020 1578,1020 1656,1020 1734,1020 1812,1020 1890,1020 1968,1020 2046,1022"/>
                <TextEquiv>
                    <Unicode>statum autem suum supra statum Praelatorum, vel aliorum Re¬</Unicode>
                </TextEquiv>
            </TextLine>
            <TextLine id="r1l18" custom="readingOrder {index:13;}">
                <Coords points="562,1110 1811,1097 2061,1138 2027,1033 563,1050"/>
                <Baseline points="572,1080 646,1083 720,1085 794,1085 868,1086 942,1088 1016,1088 1090,1088 1164,1088 1238,1088 1312,1088 1386,1086 1460,1086 1534,1086 1608,1086 1682,1086 1756,1086 1830,1086 1904,1086 1978,1088 2052,1088"/>
                <TextEquiv>
                    <Unicode>gularium, in vitae perfectione extollentibus, dicendum esset a¬</Unicode>
                </TextEquiv>
            </TextLine>
            <TextLine id="r1l19" custom="readingOrder {index:14;}">
                <Coords points="566,1166 2049,1168 1948,1095 566,1109"/>
                <Baseline points="576,1148 649,1149 722,1151 795,1152 868,1152 941,1154 1014,1154 1088,1154 1161,1155 1234,1155 1307,1155 1380,1155 1453,1155 1526,1155 1600,1155 1673,1155 1746,1155 1819,1155 1892,1154 1965,1154 2039,1155"/>
                <TextEquiv>
                    <Unicode>Christi Vicario Summo Pontifice, quod dixit Christus Disci¬</Unicode>
                </TextEquiv>
            </TextLine>
            <TextLine id="r1l20" custom="readingOrder {index:15;}">
                <Coords points="563,1252 2042,1235 1975,1171 563,1178"/>
                <Baseline points="572,1215 645,1217 718,1218 791,1218 864,1220 937,1220 1010,1221 1083,1221 1156,1221 1229,1221 1302,1221 1375,1221 1448,1221 1521,1221 1594,1221 1667,1221 1740,1221 1813,1221 1886,1221 1959,1221 2033,1221"/>
                <TextEquiv>
                    <Unicode>pulis suis Luc. 12. Nolite in sublime tolli. Et quod dixit Aposto¬</Unicode>
                </TextEquiv>
            </TextLine>
            <TextLine id="r1l21" custom="readingOrder {index:16;}">
                <Coords points="555,1294 2052,1296 2022,1236 555,1239"/>
                <Baseline points="564,1280 637,1282 711,1283 785,1284 859,1286 933,1286 1007,1286 1081,1287 1155,1287 1229,1287 1303,1287 1376,1287 1450,1287 1524,1287 1598,1287 1672,1287 1746,1287 1820,1287 1894,1289 1968,1289 2042,1290"/>
                <TextEquiv>
                    <Unicode>lus quibusdam Romanis Iudaeis ad fidem conuersis extollenti¬</Unicode>
                </TextEquiv>
            </TextLine>
            <TextLine id="r1l22" custom="readingOrder {index:17;}">
                <Coords points="555,1360 2050,1379 2050,1313 1866,1297 1774,1340 556,1298"/>
                <Baseline points="564,1346 637,1347 711,1349 785,1350 859,1352 933,1353 1006,1353 1080,1353 1154,1353 1228,1355 1302,1355 1375,1355 1449,1355 1523,1355 1597,1355 1671,1355 1744,1355 1818,1355 1892,1355 1966,1355 2040,1355"/>
                <TextEquiv>
                    <Unicode>bus se supra Gentiles conuersos Rom. II. dicens. Noli altum</Unicode>
                </TextEquiv>
            </TextLine>
            <TextLine id="r1l23" custom="readingOrder {index:18;}">
                <Coords points="555,1436 2051,1428 2051,1381 1768,1354 1715,1401 555,1368"/>
                <Baseline points="564,1413 637,1415 711,1416 785,1418 859,1418 933,1419 1007,1419 1081,1421 1155,1421 1229,1421 1303,1421 1376,1421 1450,1421 1524,1421 1598,1421 1672,1421 1746,1419 1820,1419 1894,1419 1968,1419 2042,1419"/>
                <TextEquiv>
                    <Unicode>sapere, sed time. Et Rom. II. Non alta sapientes, sed humilibus</Unicode>
                </TextEquiv>
            </TextLine>
            <TextLine id="r1l24" custom="readingOrder {index:19;}">
                <Coords points="554,1491 2052,1514 2039,1429 554,1451"/>
                <Baseline points="564,1478 641,1479 719,1481 797,1482 875,1484 953,1485 1031,1485 1108,1487 1186,1487 1264,1487 1342,1487 1420,1487 1498,1487 1575,1485 1653,1485 1731,1485 1809,1485 1887,1485 1965,1485 2043,1485"/>
                <TextEquiv>
                    <Unicode>consentientes. Vbi dicit Rymo. Humilibus consentit, qui cum</Unicode>
                </TextEquiv>
            </TextLine>
            <TextLine id="r1l25" custom="readingOrder {index:20;}">
                <Coords points="554,1557 2043,1587 2015,1500 1070,1531 555,1495"/>
                <Baseline points="564,1542 637,1544 711,1547 784,1548 858,1550 931,1551 1005,1551 1078,1553 1152,1553 1225,1553 1299,1553 1372,1553 1446,1553 1519,1551 1593,1551 1666,1551 1740,1551 1813,1551 1887,1551 1960,1553 2034,1553"/>
                <TextEquiv>
                    <Unicode>humilibus se humiliat; non praeserens se illis, sed socians. Immo</Unicode>
                </TextEquiv>
            </TextLine>
            <TextLine id="r1l26" custom="readingOrder {index:21;}">
                <Coords points="558,1624 2049,1621 2002,1570 1868,1562 558,1579"/>
                <Baseline points="567,1610 640,1613 714,1614 787,1616 861,1617 935,1618 1008,1619 1082,1619 1155,1619 1229,1619 1303,1619 1376,1619 1450,1619 1523,1619 1597,1619 1671,1619 1744,1617 1818,1617 1891,1617 1965,1619 2039,1619"/>
                <TextEquiv>
                    <Unicode>reprimendi essent, &amp; obiurgandi ab eo; quemadmodum Le¬</Unicode>
                </TextEquiv>
            </TextLine>
            <TextLine id="r1l27" custom="readingOrder {index:22;}">
                <Coords points="548,1692 1894,1716 2042,1707 2043,1649 548,1641"/>
                <Baseline points="557,1677 630,1679 704,1682 778,1683 852,1683 926,1685 1000,1685 1073,1685 1147,1686 1221,1686 1295,1686 1369,1685 1443,1685 1517,1685 1590,1685 1664,1685 1738,1685 1812,1685 1886,1685 1960,1685 2034,1685"/>
                <TextEquiv>
                    <Unicode>uitae, se contra Moysem &amp; Aaron eleuantes, obiurgati sunt; &amp;</Unicode>
                </TextEquiv>
            </TextLine>
            <TextLine id="r1l28" custom="readingOrder {index:23;}">
                <Coords points="555,1756 2046,1762 2046,1708 1976,1698 555,1713"/>
                <Baseline points="564,1742 637,1744 711,1746 784,1748 858,1749 932,1750 1005,1751 1079,1751 1152,1751 1226,1751 1300,1751 1373,1751 1447,1751 1520,1751 1594,1751 1668,1749 1741,1749 1815,1749 1888,1751 1962,1751 2036,1752"/>
                <TextEquiv>
                    <Unicode>repressi a Movse dicente Num. 16. Nimis erigimini filii Leui. Et</Unicode>
                </TextEquiv>
            </TextLine>
            <TextLine id="r1l29" custom="readingOrder {index:24;}">
                <Coords points="547,1835 2040,1860 2040,1781 1907,1761 548,1776"/>
                <Baseline points="557,1806 630,1809 704,1812 778,1814 851,1815 925,1815 999,1817 1072,1817 1146,1817 1220,1817 1294,1817 1367,1817 1441,1817 1515,1815 1588,1815 1662,1815 1736,1815 1809,1815 1883,1815 1957,1817 2031,1817"/>
                <TextEquiv>
                    <Unicode>quemadmodum Christus Dominus Pharisaeos obiurgando re¬</Unicode>
                </TextEquiv>
            </TextLine>
            <TextLine id="r1l30" custom="readingOrder {index:25;}">
                <Coords points="546,1908 1556,1921 1706,1877 1971,1921 2043,1887 1956,1829 546,1842"/>
                <Baseline points="555,1872 628,1875 702,1877 776,1878 850,1880 924,1881 998,1881 1072,1883 1146,1883 1220,1883 1294,1883 1367,1883 1441,1883 1515,1882 1589,1881 1663,1881 1737,1881 1811,1881 1885,1881 1959,1882 2033,1883"/>
                <TextEquiv>
                    <Unicode>pressit Iuc. 10. dicens. Vos estis, qui iustificatis vog coram ho¬</Unicode>
                </TextEquiv>
            </TextLine>
            <TextLine id="r1l31" custom="readingOrder {index:26;}">
                <Coords points="542,1956 2006,1965 2042,1886 1971,1923 542,1913"/>
                <Baseline points="552,1938 626,1941 700,1944 774,1946 848,1947 922,1947 996,1949 1070,1949 1144,1949 1218,1949 1292,1949 1366,1949 1440,1949 1514,1949 1588,1949 1662,1949 1736,1949 1810,1949 1884,1949 1958,1950 2033,1952"/>
                <TextEquiv>
                    <Unicode>minibus; Deus autem nouit corda vestra; quia quod hominibus al¬</Unicode>
                </TextEquiv>
            </TextLine>
            <TextLine id="r1l32" custom="readingOrder {index:27;}">
                <Coords points="541,2022 991,2024 1009,2043 1053,2023 1329,2026 1303,1986 1072,1987 1048,1962 995,1986 959,1967 863,1987 768,1961 730,1989 698,1960 542,1969"/>
                <Baseline points="551,2007 589,2007 627,2008 666,2009 704,2009 743,2009 781,2010 820,2010 858,2012 897,2012 935,2013 973,2013 1012,2013 1050,2015 1089,2015 1127,2015 1166,2015 1204,2015 1243,2015 1281,2015 1320,2015"/>
                <TextEquiv>
                    <Unicode>tum est, abominatio est ante Deum. </Unicode>
                </TextEquiv>
            </TextLine>
            <TextLine id="r1l33" custom="readingOrder {index:28;}">
                <Coords points="601,2093 1881,2115 2036,2098 2036,2019 1440,2064 1369,2026 601,2035"/>
                <Baseline points="611,2073 681,2076 752,2078 823,2079 894,2079 965,2081 1035,2081 1106,2082 1177,2082 1248,2082 1319,2082 1389,2082 1460,2082 1531,2082 1602,2082 1673,2082 1743,2082 1814,2082 1885,2082 1956,2082 2027,2082"/>
                <TextEquiv>
                    <Unicode>§. Quoniam autem de hac abusiua, &amp; temeraria compara¬</Unicode>
                </TextEquiv>
            </TextLine>
            <TextLine id="r1l34" custom="readingOrder {index:29;}">
                <Coords points="542,2151 2009,2166 2009,2121 1921,2092 1533,2130 1383,2092 543,2104"/>
                <Baseline points="551,2139 623,2142 695,2144 768,2145 840,2147 913,2147 985,2148 1058,2148 1130,2148 1203,2148 1275,2148 1347,2148 1420,2148 1492,2148 1565,2148 1637,2148 1710,2148 1782,2148 1855,2148 1927,2150 2000,2150"/>
                <TextEquiv>
                    <Unicode>tione status Regularium Mendicantium, ad statum Praelato¬</Unicode>
                </TextEquiv>
            </TextLine>
            <TextLine id="r1l35" custom="readingOrder {index:30;}">
                <Coords points="533,2220 2015,2226 2015,2171 1960,2164 533,2170"/>
                <Baseline points="543,2204 616,2207 689,2210 762,2211 835,2213 908,2214 981,2216 1055,2216 1128,2216 1201,2216 1274,2216 1347,2216 1420,2216 1493,2216 1567,2216 1640,2214 1713,2214 1786,2214 1859,2214 1932,2214 2006,2216"/>
                <TextEquiv>
                    <Unicode>rum Ecclesiae, satis disputatum est inter Sapientes Parisius; id¬</Unicode>
                </TextEquiv>
            </TextLine>
            <TextLine id="r1l36" custom="readingOrder {index:31;}">
                <Coords points="545,2289 2016,2315 1991,2241 1757,2223 1706,2264 1661,2228 546,2240"/>
                <Baseline points="555,2273 627,2276 700,2277 772,2279 845,2280 918,2282 990,2282 1063,2283 1135,2283 1208,2283 1281,2283 1353,2283 1426,2283 1498,2283 1571,2283 1644,2283 1716,2283 1789,2283 1861,2283 1934,2284 2007,2285"/>
                <TextEquiv>
                    <Unicode>circo timore prolixitatis, hac ad praesens dimissa, ad compara¬</Unicode>
                </TextEquiv>
            </TextLine>
            <TextLine id="r1l37" custom="readingOrder {index:32;}">
                <Coords points="533,2354 1999,2363 1964,2303 1672,2290 1546,2326 533,2307"/>
                <Baseline points="542,2342 614,2345 686,2346 759,2348 831,2349 903,2349 976,2351 1048,2351 1120,2351 1193,2352 1265,2352 1337,2352 1410,2351 1482,2351 1554,2351 1627,2351 1699,2351 1771,2351 1844,2351 1916,2351 1989,2351"/>
                <TextEquiv>
                    <Unicode>tionem status Regularium Mendicorum ad statum Regula</Unicode>
                </TextEquiv>
            </TextLine>
            <TextLine id="r1l38" custom="readingOrder {index:33;}">
                <Coords points="536,2420 1717,2428 1793,2468 1995,2431 1974,2359 1542,2397 536,2375"/>
                <Baseline points="546,2408 618,2411 690,2412 762,2414 834,2415 906,2417 978,2417 1050,2417 1122,2417 1194,2417 1266,2417 1338,2417 1410,2417 1482,2417 1554,2417 1626,2417 1698,2417 1770,2417 1842,2417 1914,2418 1986,2418"/>
                <TextEquiv>
                    <Unicode>rium communes posfessiones habentium, de qua supra tracta</Unicode>
                </TextEquiv>
            </TextLine>
            <TextLine id="r1l39" custom="readingOrder {index:34;}">
                <Coords points="546,2488 1010,2501 1025,2500 1026,2459 872,2453 829,2434 738,2460 703,2427 654,2453 547,2439"/>
                <Baseline points="555,2474 580,2475 606,2476 632,2477 657,2478 683,2480 709,2481 734,2481 760,2481 786,2483 811,2483 837,2483 863,2484 888,2484 914,2484 940,2484 965,2484 991,2483 1017,2483"/>
                <TextEquiv>
                    <Unicode>tum est, redeamus. </Unicode>
                </TextEquiv>
            </TextLine>
            <TextLine id="r1l40" custom="readingOrder {index:35;}">
                <Coords points="619,2561 1995,2575 1995,2503 1777,2485 1728,2523 1382,2484 1307,2525 619,2505"/>
                <Baseline points="629,2544 696,2546 764,2549 832,2549 900,2550 968,2552 1035,2552 1103,2553 1171,2553 1239,2553 1307,2553 1374,2553 1442,2553 1510,2553 1578,2553 1646,2553 1713,2553 1781,2553 1849,2553 1917,2553 1985,2553"/>
                <TextEquiv>
                    <Unicode>§. Patet igitur ex ante dictis, quod Ecclesiam, vel Mona</Unicode>
                </TextEquiv>
            </TextLine>
            <TextLine id="r1l41" custom="readingOrder {index:36;}">
                <Coords points="530,2620 2008,2630 2008,2566 1517,2602 531,2560"/>
                <Baseline points="540,2607 612,2609 685,2612 758,2613 831,2615 904,2617 977,2618 1050,2619 1123,2621 1196,2621 1269,2622 1341,2622 1414,2622 1487,2622 1560,2622 1633,2621 1706,2621 1779,2620 1852,2619 1925,2618 1998,2616"/>
                <TextEquiv>
                    <Unicode>sterium habere posfessiones communes, non impedit perse¬</Unicode>
                </TextEquiv>
            </TextLine>
            <TextLine id="r1l42" custom="readingOrder {index:37;}">
                <Coords points="545,2692 1650,2726 2015,2690 1906,2635 1475,2672 545,2626"/>
                <Baseline points="555,2676 627,2678 700,2679 772,2681 845,2682 917,2684 990,2685 1062,2687 1135,2688 1207,2690 1280,2690 1353,2691 1425,2691 1498,2691 1570,2691 1643,2690 1715,2690 1788,2688 1860,2687 1933,2684 2006,2682"/>
                <TextEquiv>
                    <Unicode>ctionem Personarum Ecclesiasticarum, quae non habent pro¬</Unicode>
                </TextEquiv>
            </TextLine>
            <TextLine id="r1l43" custom="readingOrder {index:38;}">
                <Coords points="534,2774 2025,2793 2001,2688 1482,2735 534,2712"/>
                <Baseline points="543,2744 616,2747 690,2748 763,2751 837,2753 911,2754 984,2756 1058,2757 1132,2759 1205,2759 1279,2760 1353,2760 1426,2760 1500,2760 1574,2760 1647,2759 1721,2759 1795,2757 1868,2756 1942,2754 2016,2753"/>
                <TextEquiv>
                    <Unicode>prium, nec habere possunt, nec volunt. Nec propter hoc, est</Unicode>
                </TextEquiv>
            </TextLine>
            <TextEquiv>
                <Unicode>mundi solitudines, aut deferta petentes; sed frequentiae hio¬
minum, &amp; maxime saecularium se ingerentes; &amp; quitates, &amp;
alia Ioca populosa continue frequentantes; &amp; de nomo in do¬
mum (uae vita Requam est) contra Sapientis copsilium hos¬
pitantes; &amp; non minus in alienis, quam in suis domibus con¬
uersantese Cum e contrario dicat Ambrosius super Eucam libi¬
I. Vir perfectus ille dicatur, qui careat errore pueritiae; &amp; lubricum
adolescentiae animi maturitate non sentiat. Sicut illi Patres antiqui,
qui mundana omnia contemnentes, hominum frequentiam &amp; con¬
uersationem corporaliter fugientes, fide fulti, spe, &amp; charitate, 
AEgypti deserta, &amp; mundi solitudines petierunt. 
§. His, igitur Mendicantibus, se humiles falso dicentibus, 
statum autem suum supra statum Praelatorum, vel aliorum Re¬
gularium, in vitae perfectione extollentibus, dicendum esset a¬
Christi Vicario Summo Pontifice, quod dixit Christus Disci¬
pulis suis Luc. 12. Nolite in sublime tolli. Et quod dixit Aposto¬
lus quibusdam Romanis Iudaeis ad fidem conuersis extollenti¬
bus se supra Gentiles conuersos Rom. II. dicens. Noli altum
sapere, sed time. Et Rom. II. Non alta sapientes, sed humilibus
consentientes. Vbi dicit Rymo. Humilibus consentit, qui cum
humilibus se humiliat; non praeserens se illis, sed socians. Immo
reprimendi essent, &amp; obiurgandi ab eo; quemadmodum Le¬
uitae, se contra Moysem &amp; Aaron eleuantes, obiurgati sunt; &amp;
repressi a Movse dicente Num. 16. Nimis erigimini filii Leui. Et
quemadmodum Christus Dominus Pharisaeos obiurgando re¬
pressit Iuc. 10. dicens. Vos estis, qui iustificatis vog coram ho¬
minibus; Deus autem nouit corda vestra; quia quod hominibus al¬
tum est, abominatio est ante Deum. 
§. Quoniam autem de hac abusiua, &amp; temeraria compara¬
tione status Regularium Mendicantium, ad statum Praelato¬
rum Ecclesiae, satis disputatum est inter Sapientes Parisius; id¬
circo timore prolixitatis, hac ad praesens dimissa, ad compara¬
tionem status Regularium Mendicorum ad statum Regula
rium communes posfessiones habentium, de qua supra tracta
tum est, redeamus. 
§. Patet igitur ex ante dictis, quod Ecclesiam, vel Mona
sterium habere posfessiones communes, non impedit perse¬
ctionem Personarum Ecclesiasticarum, quae non habent pro¬
prium, nec habere possunt, nec volunt. Nec propter hoc, est</Unicode>
            </TextEquiv>
        </TextRegion>
    </Page>
</PcGts>
