2592 3508
494 159 1967 221 officia Praelatorum sibi assumant; procul dubio sacram Hierar¬
497 219 1980 285 chiam praedictam, quantum in eis est, laedunt, consundunt,
494 302 1988 361 turbant, deordinant, & reuersant. Nec potest talis traditio
495 358 1981 438 esse vera Religio; sed magis Superstitio; Id est superflua Reli¬
506 432 1992 492 gio, & superstatuta Ecclesiae obseruatio; sic enim exponitur
508 483 1925 548 Superstitio secundùm Isidorum lib. 8. Etymologiarum cap. 3.
621 546 1990 607 §. Si vero dicant aliqui Regulares, praedicta officia exer¬
512 610 1980 685 centes; quod illa non sibrassumunt, sed Praelati Ecclesiarum
505 699 1998 755 eis canonice committunt. Huic responsioni, si vera sit, non
510 745 1989 827 duximus resistendum; dum tamen officia illa Praelatorum sibi
502 810 1996 879 committi non postulent, nec procurent. Qui enim hoc fa¬
505 882 1992 947 ciunt, Hierarchiam Angelicam non imitantur; sed ei potius,
517 961 1987 1030 quantum in eis est, aduersantur. Nusquam enim legitur, An¬
510 1032 1983 1100 gelos inferiorum Ordinum postulasse, vel procurasse, sibi com¬
518 1083 1982 1157 mitti officia superiorum, vt ostensum est supra dist. 1. §. Nota,
503 1146 1173 1228 quod dicitur, & §. Non solum.
573 1209 2004 1285 §. Illi ergo, qui subspeciepietatis, vel Religionis, tales vel
511 1283 1997 1356 similes traditiones faciunt, contrarias Diuinis & Apostolicis
512 1352 1998 1408 documentis, & Sanctorum Patrum statutis; similes sunt Pha¬
514 1410 1995 1474 risaeis Hypocritis; qui tempore praedicationis Christi, pro¬
522 1487 1984 1562 pter suas traditiones speciem pretatis habentes, transgredie¬
494 1536 1986 1606 abantur, & transgredi faciebant praecepta Dei; docentes homi¬
514 1604 1995 1676 nes, vt quod daturi erant Parentibus suis indigentibus, voue¬
518 1666 1998 1744 rent Deo, & osterrent in Templo; contra illud praeceptum Do¬
500 1751 1993 1804 nini Exod. 20. Honora Patrem, & Matrem, &c. Et si de hoc
511 1802 1987 1869 forte conquererentur Parentes, docebant eos respondere Paren
521 1865 2001 1937 tibus in hunc modum. Pater, si munus, quod offero Deo, darem
523 1953 2001 2013 tibi; numquid prodesset tibi? Quasi diceret. Non; Immo sacrile¬
509 2001 1981 2091 gus esses recipiendo. Vel sic secundum aliam Glossam. Pater
506 2085 2000 2149 munus, quod offero Deo, proderit etiam tibii; si; propter quod non
515 2138 2005 2204 debes inde offendi. Et sic Parentes afficiebantur inedia, propter
525 2207 1992 2268 traditiones Pharisaeorum Hypocritarum. Et ideo contra eos
525 2274 1992 2356 grauiter inuehitur Dominus Matth. 19. dicens. Quare vos
506 2352 2007 2420 transgredimini mandata Dei, propter traditionem vestram? Nam
515 2394 2001 2468 Deus dixit. Honora patrem tuum, & Matrem. Glos. Dando
500 2475 2001 2543 necessaria. VoS AVTEM dicitis. Quicumque dixerit Patri& Ma¬
512 2554 2002 2620 tri; Munus quodcumque est ex me, tibi proderit. Glos. Vestra au¬
508 2603 2002 2674 tem traditio contraria est. Hoc enim filios dicere parentibus com¬
506 2666 1997 2756 pellitis. Si quod Deo oblaturus eram, in tuos consumo cibos, tibi pro¬
