2592 3508
581 125 2104 227 derit, o Pater ?. Quasi diceret. Non; Immo sacrilequs esses, fire¬
577 235 2092 306 ciperes. Vt sic timerent Parentes Deo consecrata comederes; Pel
590 296 2088 367 sic secundum aliam Glossam. Munus quodcumque est ex mes tibi
581 371 2072 438 proderit. Hoc est. Quod Deo offero, tibi ipsi prodest, & Pater.
594 420 2070 492 Sequitur. Et ita non honorificauerit Patrem, & aditrem. Glos.
589 492 2069 561 Nihilominus dignus erit vita aterna. Haec erat traditio Phari¬
587 556 2073 622 saeorum. Hanc literam Euangelii sic exponit Beda Marci p.
589 625 2088 695 In Glossa dicens. Consulens Dominus imbecillitati, vel aetati, vel
580 698 2082 772 penuriae Parentum, praecepit, vt Tilii honorarene Parentes Setiam in
580 744 2084 815 necessariis huius vitae. Hans legem Scribae & Pharisat subuerten¬
584 830 2076 899 tes, vt impietatem sub nomine pietatis inducerent, doquerunt Tilios
589 882 2080 954 suos, vt si quis ea, quae Parentibus offerenda sunt, Deo vouere vo¬
585 947 2077 1013 luerit (qui verus Pater est) oblatio Domini praeponatur. Quod &
586 1010 2079 1106 faciunt hodie Multi Pharisaei; hoc est, Multi per priuatam iusti¬
587 1080 2082 1155 tiam a populo diuisi (sic enim exponitur Pharisaeus in Glossa
583 1147 2080 1213 super illud Matt. 3. Videns autem multos Pharisaeorum, &c. Ido¬
590 1213 2079 1283 centes scilicet, & asterentes, salubrius esse offerri, sibi (quos
584 1282 2082 1346 appellant Nuntios Dei) quam Parentibus subueniri. Docent
578 1347 2079 1411 etiam salubrius esse Parochianis alienis, sibi eleemosgnas suas
587 1410 2076 1483 dare, cum sint egentes; quam propriis eorum Sacerdotibus,
580 1477 2069 1540 eis in Diuinis Gfficiis deseruientibus, quos ipsi asserunt Iocu¬
593 1545 2070 1611 pletes. Vnde in Testamentis Desunctorum procurant per
583 1611 2063 1684 confessiones, quibus se ingerunt, immensa sibi legata relinquis
588 1681 2064 1740 & Ecclesias Parochiales debitis sepulturis fraudari; contra il¬
590 1745 2079 1807 ludaHIugonis De Sancto Victore lib. 2. Sententiarum suarum cap¬
591 1802 2082 1876 vlt. Non bene, inquit, sustentat egentem, qui fraudat sesuientem.
585 1873 2076 1940 Et ideo de talibus dici potest, quod dicit Dominus de Phari¬
588 1938 2075 2004 saeis Hypocritis paulo post Matth. 15. dicens. Hypocuitae ; rbe¬
581 2001 2089 2070 ne prophetauit de vobis Isaias Propheta dicens. Populus hic leliis
581 2075 2074 2138 me honorat, cor autem corum longe est a me. Et subiunatit; sie
591 2144 2082 2210 causa colunt me, docentes doctrinas, & mandates hominuli. Gloss.
581 2209 2070 2281 Non habituri mercedem cum veris Cultoribus. Sic. ergo patet,
584 2276 2072 2354 quod illi Viri, qui sub pretoxtu Religionis tales traditiones sai¬
577 2345 2077 2409 ciunt, contrarias Dominicis & Apostolicis documentisi, vel
587 2404 2068 2479 Sanctorum Patrum staturis; similes sunc Hypocritis Pharisatis;
577 2478 2063 2534 & quod eorum traditiones, non Religio; sed magis Sectae, & Su¬
577 2538 1054 2628 perstitio dici possunt.
649 2619 2073 2711 §. Quod autem tales traditiones Superstitio dici possunt, ex
573 2683 2070 2765 go videtur; quod nec a Domino lesu Christo; nec ab eius A¬
