2592 3508
499 188 2015 289 & ex hoc Praedicator Apostolicus; nihilominus tamenAdHlie¬
492 274 2013 370 ronymum in Epistola De oribine animaita dicit. Mde quidem au¬
516 338 1977 420 dire potius, quam velut Magistrum delectar audiri.?Recolo eni
507 416 1992 501 quid eis Dominus dixerit, quos prae cateris elegit. Vooss inquit;
521 479 2005 554 NOLITE VOCARI AB ROMINIEVS RABBI. Item Seneca. In hoci
500 539 2023 632 incumbe, vt libentius audias, quam loquaris. Item Sentea in Et
499 608 2013 691 pist. 40. Summa summarum hoc erit. Tardiloquum te esse iubeo
506 672 2014 749 Item super Psalmum Domine exaudi dicit Augustintis. Eoquela
508 743 1503 820 sit in necessitate; taciturnitas in iocunditate.
596 786 1969 891 §. E contrario vero Pseudo Apostoli (quoniam plaerum
506 884 1982 955 que gulam sequuntur, semper autem Arrogantes sunt; & tem.
512 944 1998 1032 poralem honorem quaerunt) vt in coenis plenius produrentur;
512 1015 1990 1090 & tam ibi, quam in Ecclesiis, & in conuentibus hominum am¬
509 1070 1994 1148 plius honorentur; desiderant habere authoritatem publice do¬
507 1149 2008 1220 cendi, & publice praedicandi dicet indebite) & habere nomen
516 1202 1998 1286 Magistri iuxta illud Matt. 23. Amant primos recubitus in coenis,
517 1281 2001 1367 & primas cathedras in Synagogis. Glossa. Quia mercedem suae
507 1338 2004 1439 Religionis gulam sequuntur, & in publico gloriam quaerunt? EE salu¬
509 1401 2004 1471 tationes in foro, supple amant. Ex vocari ab hominibus Rabbi. Glos.
512 1469 2002 1559 Id est, Magistri. Item propter arrogantiam suam semper vel¬
506 1527 1997 1616 lent praedicare & docere; quia semper volunt loqui, & num¬
499 1602 1994 1669 quam tacere ; ac si ad hoc per aliquem Spiritum cogerentur;
507 1674 1962 1754 per quod videntur habere Spiritum Pythonicum, non Spiri
498 1735 1993 1823 tum Sanctum. Nam, vt dicit Apostolus. I. Cori Iai spiris
506 1797 2001 1873 tus Prophetarum, id est Praedicatorum, subiecti sunt Prophetis,
507 1862 1977 1928 Glossa. Id est, spiritus Sanctus (qui vnus est in omnibus prophe¬
506 1929 1999 2022 tis; sed pluraliter dicitur, propter plures Prophetas; quos replet, vel
494 2000 1974 2092 propter plura eius dona) subiectus est Prophetis, id est Praedicato
494 2064 1972 2154 ribus; vt quando volunt, tacere vel loqui possint; nonienim cogi
496 2137 1971 2230 eos, sicut Spiritus Pythonicus, clamare aliqua; vel taceres Isti u
500 2204 1999 2284 tem semper volunt clamare, & numquam tacere. Item Hiero;
493 2265 1991 2364 nimus in Prologo super Habatuc exponens sequens verbum A¬
492 2332 1995 2415 postoli I. Corinth. 14. Non est enim Deus dissensionis, sed pacis,
492 2403 2006 2493 ita dicit. Ex hoc intelligitur, cum quis oluntarie reticet, & alii
503 2459 1991 2565 locum dat ad loquendum; posse vel loqui vel tacere Ecum velit.
495 2524 1995 2640 Illi ergo Praedicatores extraordinarii; quis cum nodiiint Prae¬
491 2591 1981 2684 lati, nec ab iis canonice inuitati; numquam tamen volunt ta¬
493 2664 2003 2776 cere, vel ad loquendum alii Iocum dare; sed plebibus alienis,
494 2738 2011 2851 etiam fastidientibus & inuitis, quotidie praedicare; videntur
