2592 3508
510 146 2003 235 non habere in potestate, loqui quando velint, vel reticere; &
511 201 1995 279 ideo videntur Spiritum Pythonicum, non Spiritum Sanctum
519 274 2013 347 habere. Vnde non expectantes canonicam missionem, non
519 336 2007 414 cessant praedicando discurrere. Ierem. 23. Non mittebam
515 402 2005 484 Prophetas, & ipsi currebant. Et si praedicare, aut docere pro¬
525 467 2002 547 hibeantur, grauissimam poenam putant; eo quod non possunt
518 538 2012 611 suam scientiam ostentare. Vnde super illud Iob II. Numquid
519 618 2010 688 qui multa loquitur, non & ipse exaudietur) aduersus Arrogantes
523 689 2015 756 loquens Gregorius in lib. 10. Moralium dicit. Imperita mens,
529 738 2018 818 silentium poenam putat. Item super illud Iob 32. Aperiam la¬
522 802 2014 901 bia mea, & respondebo, dicit Gregorius Iib 23. Moral. Gra¬
521 884 2026 967 uis labor est Arrogantium, si quod sapiunt, non ostendunt. Vim
525 956 2026 1027 quippe extrinsecus aestuantem serre vix possunt; si omne quod sen¬
517 1001 2027 1076 tiunt, paulo tardius innotescunt. Ideo dicit Beatus Bernardus
521 1067 2022 1155 super cantica loquens Ironice. Canales hodie in Ecclesia multos
527 1146 2022 1210 habemus, Conchas vero perpaucas. Tantae charitatis sunt, per quos
523 1195 2028 1269 nobis finenta caelestia manant; vt ante effundere, quam insundi ve¬
530 1267 2029 1332 lint; loqui, quam audire paratiores. Adeo autem silentium pee¬
535 1342 2032 1421 nam putant, & grauem laborem reputant; quod contra pro¬
533 1398 2028 1484 hibentes eos praedicare, licet ex causa legitima, praelium san¬
543 1459 2031 1533 ctificant, id est firmant; detrahendo scilicet, vel publice diffa¬
539 1544 2030 1604 mando, nec non priuationem beneficiorum ipsorum sub pie¬
537 1612 2037 1676 tatis specie procurando, vt dictum est supra in Prologo. Quam
537 1689 2040 1749 quidem priuationem fatis nouerunt quidam experimento, li¬
540 1733 1652 1798 cet illam dissimulent, sub silentio transeundo,
634 1794 2047 1884 §. Patet igitur, quantum desiderent praedicare & loqui
530 1866 2034 1929 Pseudo-Praedicatores, etiam non missi. Non tamen caret
536 1929 2031 1999 culpa, loqui sine necessitate Idquendi. Vnde super illud Exe¬
537 2006 2032 2076 chict. 3. Cum pertransissent septem dies, factum est verbum Do¬
533 2059 2038 2132 mini ad me dicens. Tili hominis audies de ore meo verbum, & an¬
546 2122 2045 2196 nuntiabis ex me, &c. dicit Gregorius in Glossa. Si Propheta
544 2186 2035 2261 Sanctus, qui missus est ad loquendum, tacet vt recta laquatur;
542 2274 2043 2348 quanta culpa est non tacere, quando necessitas Ioqui non co¬
538 2338 638 2419 git.
633 2411 2029 2476 §. Ab hac arrogantia ostentandi se praedicando, vel do¬
535 2457 2049 2532 cendo, deberent se abstinere maxime Regulares Viri (qui
546 2531 2038 2621 Graece Monachi appellantur) qui contemplationi vacare de¬
554 2593 2034 2666 bent; sed magis e contrario deberent solitudinem & taci¬
528 2657 2040 2732 turnitatem desiderare & seruare, vt per hoc aptiores redde¬
