2592 3508
504 145 1995 220 praeceptis, sed etiam in consiliis obsequi; & eum in omnibus,
501 217 1977 300 quae ad assumptam pro nobis eius humilitatem pertinent, quan¬
508 283 1984 348 tum sibi possibile est, imitari. Vnde ipse Dominus docet Dis¬
500 351 1992 412 cipulos suos (per quos intelliguntur Viri perfecti) dicens Matt.
509 417 1994 477 §. Estote perfecti, sicut & Pater vester caelestis perfecius est.
512 475 1986 533 Glossa. Imitatione, non aequalitate. Qui enim perfectionem do¬
506 547 1998 612 cendo, ad eam inchoandam docuit dicens Matth. 19. Si vis
502 611 2001 686 persectus esse; vade, vende quae habes, & da pauperibus; ad
511 681 2007 734 eamdem perfectionem consummandam subiungit dicens. Et
527 746 1997 812 veni, & sequere me. Glossa. Id est. Ititare me. Qui ergo, in
512 810 2004 874 quibus esset imitandus, non distinxit; sed Sequere me simplici¬
512 881 2001 947 ter dixit; profecto in omnibus imitandum se voluit. Item
511 930 1989 1029 Ecclesiast. 23. Magna gloria est sequi Dominum. Glossa. Id est. Imi.
506 1009 2000 1076 tari Non dicit in hoc, vel nhoc sequi, sed simpliciter sequi; Et quod
515 1066 2004 1128 simpliciter dicitur, vniuersaliter dictum intelligitur, vt habe¬
509 1145 2002 1223 tur alibi. Item Rom. 13. super illud Induite Dominum lesum
515 1201 2004 1285 Christum, dicit Glossa. Tormam Christi accipite in omnibus. Item
516 1266 2007 1357 Apocalyps. I4. dicitur De Virginibus, per quos intelliguntur
523 1346 2005 1421 perfecti. Hi sequuntur Agnums, quocumque ierit. Item A¬
524 1401 1998 1493 thanasius in lib. De satisfactione fugae suae. Omnia, quae de Sal¬
509 1472 2007 1557 uatore nostro humano more scripta sunt, eadem humano generi com¬
506 1548 2010 1621 muniter deputantur; sed vnusquisque eum secundum datam ei gra¬
513 1603 2005 1669 tiam, ac infirmitatem propriam, minus, aut perfectius imitatur.
521 1658 2010 1730 llli ergo Fratres, qui se perfectos, immo perfectiores aliis
518 1741 2011 1819 profitentur; ad obseruandum, vt videtur, totam Euangeli¬
519 1811 1998 1885 cam Christi doctrinam, tam in consiliis, quam in praeceptis
526 1866 2004 1924 (quantum humana sinit fragilitas) obligantur. Si ergo deside¬
517 1937 2008 2020 rent, & procurent se Magistros fieri, vel Magistros vocari
523 1993 2004 2084 (quod est contra Euangelicam Christi doctrinam praedictam)
519 2057 2000 2124 videntur facere contra suam perfectionem, & Regulam Bea¬
514 2134 2001 2212 ti Francisci, & frangere votum sum; praesertim, cum in cap. 1o.
521 2202 1995 2252 eiusdem Regulae expresse dicatur. Non curent Fratres nescien¬
511 2273 1996 2348 tes literas, discere literas; sed attendant, quod super omnia deside¬
521 2327 1998 2396 rare debent habere spiritum Domini, & sanctam eius operationem.
518 2386 2001 2460 Ex quo capitulo videtur, quod illi Fratres, qui post ingressum
518 2458 2005 2533 illius Ordinis curant discere literas, quas antea nescierunt,
511 2522 1694 2612 manifeste faciant contra Regulam supradictam.
631 2594 2014 2668 §. Sed dicet Vir Regularis, siue Monachus Cathedrae
494 2656 2025 2749 Magistralis Amator; quod per illud Matt. 23. Nolite vocari ab
