2592 3508
510 190 1983 329 minibus adorari, Ad instar caii caesatis, qui se faciebat tamquan
510 281 1993 384 Deum coli, vt dicit Magister in Historiis; & sibi voces Dei, non
521 346 1996 445 voces hominis acclamari, vt legitur Act. 12. patiuntur enim sim¬
507 401 1995 515 brias vestimentorum suorum a Christianis abrumpi, & tam¬
508 482 1980 564 quam Sanctorum reliquias releruari. Faciunt etiam per induli
510 551 1999 637 gentiarum largitionem (licet etiam sindulgendi non habeant
509 616 1975 717 potestatem) seipsos de loco ad locum processionaliter cum ve
503 679 1980 780 xillis Ecclesiasticis, & turba populorum deduci; & proistis ex¬
509 745 2000 853 terioribus volunt vltra homines honorari & praedicari; &
504 801 1990 917 ideo, quod sint Pseudo, merito possunt suspecti haberi; nam
503 871 1999 994 & ipsi Pseudo propter lucrum, aut vanam gloriam, magis gau¬
507 933 1999 1050 dent de Miraculis; & aliis factis insignibus exterioribus, quae
496 1011 1999 1119 ab hominibus possunt videri; quam de interioribus, quae
497 1059 2009 1183 a solo Deo videntur. Vnde de Pseudo loquens Aposto¬
499 1124 1985 1227 lus I. Corinth. 5. dicit. Vt habeatis ad eos qui gloriantur in sa¬
494 1210 1993 1308 cie. Gloss. Id est, gloriantur in exterioribus, vel in conspectu homi¬
491 1275 1983 1370 num vt Hypocritae. NON in corde. Gloss. Vt superbiam reprimant
495 1337 2001 1436 per cordis humilitatem. Talis fuit Simon Magus, qui cum per
500 1384 1998 1507 sua magica homines adeo dementasset, quod appellabant eum
496 1465 1981 1572 Virtutem Dei magnam, desiderans gloriam ampliorem inter
506 1538 1984 1623 homines adipisci, & lucrum consequi, voluit ab Apostolis
494 1601 1977 1697 emere potestatem dandi spiritum Sanctum in signo visibili;
509 1672 1975 1773 vnde obtulit eis pecuniam dicens, Date mihi hanc potestatem,
512 1730 1998 1837 vt cuicumque imposuero manus, accipiat Spiritum Sanctum; pro¬
506 1800 1983 1901 pter quod meruit audire a Petro. Pecunia tua tecum sit in perdi¬
500 1864 1990 1965 tionem. Act. 6. Tales etiam erant filii Sceuae Prinsipis Sacer¬
501 1919 1992 2040 dotum, qui gloriantes in Miraculis faciendis tentabant eiicere
497 1979 1985 2106 in nomine lesu Demonium ab obfesso; propter quod homo il¬
494 2047 1986 2142 le haben. Daemonium pessimum dixit eis. Iesum noui & Pau¬
494 2111 1988 2230 lum scio; vos autem, qui estis;& insiliens in eos inualuit contra
497 2179 1986 2292 illos, ita quod effugerent vulnerati. Act. 19. Quod vtinam
488 2255 1974 2378 eueniret omnibus, qui de Miraculis, & aliis superstitiosis noui¬
498 2308 1147 2404 tatibus inaniter gloriantur.
561 2359 1987 2497 §. De illis, qui gloriantur in Mirfculis faciendis, habemus
493 2455 1990 2567 manifestum exemplum Euc. 9. vbi quidam Simularor videns
502 2505 1982 2640 Dominum, & eius Discipulos Miracula facientes; vt & iple
497 2570 1993 2701 Miracula facere posset, & sicIucrum, vel mundanam gloriam
497 2652 1974 2770 reportaret; voluit simulate fieri Discipulus Domini dicens ad
485 2704 1992 2852 illum. Sequar te quocumque ieris; Et ait illi Iesus. Vulpes foueds
