2592 3508
550 98 2059 242 praedicationem astiduet, magis videtur ad ostenpuipseisisti
550 173 2050 274 vt hominibus placeat, praedicare velle; quam adiI, inumnerus
551 252 2034 348 suorum profectum; & sic magis videtur appetere se placere,
563 295 2048 426 quam ipsam, quam praedicat, veritnatem, vt ostensum est supra
572 388 1698 485 ead. dist. 10. Signo §. Ad cognoscendum etiam.
666 409 2038 555 §. Ad illud autem Rom. 12. Prouidentes bona, non tantum
578 492 2047 611 coram Deo, sed & coram hominibus; Dicendum est, quod per
571 562 2026 677 hoc non hortatur Apostolus ad quaerendum fauorem huma
568 648 2028 743 num, siue ad placendum hominibus; sed ad scandaluim euitan
574 695 2050 808 dum Mnde Glossa ibi. Vt non fiat scandalum, sed bonum exem
574 757 2070 893 plum; quia illud fieri debet, quod & Deo non displiceat, & Fratri
578 865 1000 955 scandalum non sit.
674 846 2049 1015 §. Si qui ergo Praedicatores (de quorum canonica voca
583 950 2070 1071 tione, seu missione non constet) aut praedicando ; aut confes¬
595 1022 2081 1140 siones audiendo, aut alia Praelatorum officia exercendo, vel
593 1098 2079 1210 Philosophiam in suis praedicationibus ostentando, aut Princi¬
602 1144 2070 1290 pum terrenorum Palatia frequentando, aut aliena negotia exer¬
604 1221 2078 1339 cendo vel verbis adulando, vel alio quocumque modo ex
607 1288 2087 1403 more quaerant placere hominibus cum scandalo plurimorum;
616 1352 2089 1474 vel etiam apud illos, qui eorum praedicationem semper lau¬
614 1423 2100 1541 dant, & tamen propter illam vitam suam peruersam non
613 1480 2084 1605 mutant, verba praedicationis assiduent; videtur secundum au¬
607 1550 2076 1670 thoritates praedictas, quod non tam veritatem; quam praedis
604 1613 2109 1736 cant, quam seipsos hominibus placere quaerant. Vile
626 1690 2082 1804 videntur finaliter quaerere fauorem humanum; & ideo
609 1763 1817 1869 non videntur esse veri Praedicatores, sed Pseudo.
702 1793 2086 1940 §. Vigesimum tertium Signum potest esse, Quod veri A¬
616 1895 2101 2019 postolisatagentes Dominum imitari (Apud quem non est Perso¬
618 1946 2090 2063 narum acceptio, vt legitur Act, I1)non accipiunt Personas Di¬
621 2034 2109 2133 uitum, vel Potentum, huius saeculi Amatorum; nec vacant eo¬
619 2098 2093 2197 rum amicitiis contemplatione huius saeculi copulandis; ne per
628 2144 2116 2263 hoc siant inimici Dei. Iacobi 4. Adulteri, nescitis quia amicitia
618 2210 2106 2331 huius mundi inimica est Dei;nQuicumque ergo voluerit amicus esse
628 2276 2115 2396 huius saeculi, inimicus Dei constituitur. Ideo etiam nolunt va¬
624 2371 2118 2454 care blandis verbis, velblandis factis, per quae aequiratur amis
634 2411 2119 2528 citia huius mundi, ne per hoc impediatur eorum deuorio apud
632 2490 2106 2596 Deum; quod prohibet Dominus Lue. 10. dicens. . Neminem
634 2540 2138 2662 in via salutaueritis. Glossa. Non salutandi sedulitas aufertur, sed
635 2611 2120 2724 obstaculum impediendae deuotionis aboletur; vtdum mandantur di¬
