2592 3508
548 151 2052 221 ne; VT eos aniulemini. Id est, Diligatis plusquam me; vt vel sic.
551 220 2053 278 res vestras facilius valeant extorquere. Etsi enim illi, qui filios
554 265 2053 347 alienos de mandato Patrum erudiunt, dici valeant Paedagogi,
500 323 2046 399 o non tamen Patres sunt; & ideo Patrum affectum habere non
548 418 2041 484 possunt. Vnde Apostolus I. Corinth. 4. Nam etsi decem millia
563 465 2050 534 Paedagogorum. Gloss. Id est, Eruditorum. HABLATIS in Christo.
552 540 2043 605 Id est in doctrina Christi. SED non multos Patres. Et ideo do¬
559 598 2046 670 ctrina illorum non estita fidelis, sicut doctrina Patrum, id est
567 659 2041 755 propriorum Praelatorum, vt ostensum est supra dist. 1. §. Nunc
558 723 2043 803 autem videndum. Videntur etiam esse non verae, sed falsae Nu¬
556 810 2047 877 trices, iuxta illud vulgare prouerbium. Quae plus diligit quam
557 859 2033 932 Mater, falsa Nutrix est. Et ideo non videntur esse veri Apostoli,
564 937 851 1005 sed Pseudo¬
630 1005 2041 1070 §. Vigesimum quintum Signum potest esse, Quod veri Prae¬
572 1053 2052 1133 dicatores non quaerentes placere hominibus, vt ostensum est
565 1121 2055 1201 supra ead. dist. 22. Signo, non adulantur eis; Pseudo vero vt
566 1162 2048 1276 placeant hominibus, adulantur. Vnde I. Thess. 3. vbi ad dis¬
563 1249 2058 1333 ferentiam Pseudo, & verorum Apostolorum dicit Apostolus,
565 1312 2056 1422 Exhortatio nostra non fuit in dolo; vbi etiam dicit Glos. Hic con¬
572 1408 2063 1486 tra Pseudo videtur incipere; subiungit Apostolus. Neque enim ali¬
570 1465 2068 1544 quando fuimus in sermone adulationis. Glos. Per quod alii, scilicet
576 1516 2054 1600 Pseudo, placent hominibus. Item 3. Corinth. 6. super illud In
577 1610 2062 1673 omnibus exhibeamus nos, sicut Dei Ministros, dicit Glos. Dei Mi¬
563 1665 2056 1738 nistri non adulantur hominibus, vt placeant Deo; sicut faciunt Pseu¬
568 1712 2050 1788 dostudentes lucro. Isti autem Pseudo adulantes periculosissime
576 1794 2043 1860 decipiunt, laudantes ac iustificantes quandoque homines pec
563 1842 2067 1937 capides ceo forte quod seruant quasdam eorum nouas traditio¬
577 1913 2061 1998 neiqquae sunt bonorum operum simulationes) ac ostentatio¬
575 1979 2061 2077 nes illas quodam nouo & superstitioso nomine Eeguinagium
571 2056 2063 2123 appellantes, vt dictum est supra dist. 3. §. Nec miretur. Sub
575 2115 2064 2196 eo etiam praetextu, quod sint humilitatis Ecclesiae gelato¬
581 2195 2062 2260 res, laudant & iustificant Principes Saeculares, temporalem
580 2258 2050 2326 turisdictionem Ecclesiae coarctantes; dicentes scilicet, ac per¬
575 2314 2065 2396 suadentes dictis Principibus, quod Ecclesia non debet habere
583 2377 2056 2464 Iurisdictionem temporalem; vt sic ad eos facilius recursum ha¬
583 2440 2061 2531 beant in suis negotiis, etiam per fas & nefas; ac si Ecclesia nul¬
577 2529 2072 2605 lam haberet potestatem in foro exteriori. Vnde de talibus sic
580 2601 2071 2671 adulantibus posset dici ad literam illud Osex 3. In malitia sua lae¬
578 2657 2077 2753 tificauerunt Regem, & in mendaciis suis Principes. Per tales
