2592 3508
512 200 2027 315 ciscus in Regula suaecap. 19. Ftatres soper a nte geisilerate dcenit¬
515 276 2021 367 habere patientiam in persecutione; & diligere Eos, qui ros perstue
516 336 2021 439 untur; aliter enim non essent spiritualis. Ntam, ficur dicit Hie¬
515 426 2020 509 ronymus. Qui secundum carnem natus erat; persequebatur spiri¬
513 474 2025 580 tualem; NVMQMAM spritualis carnalem persequitur; sed ignos¬
517 547 2016 620 cit ei, quasi Rusticano Fratri. 23. §. 4. cap. Qui secundum carnem.
520 610 2028 709 Maxime autem debet esse patiens Praedicator; vnde super il¬
511 675 2022 759 lud Matth. 10. Ecce ego mitto vos, sicut oues in medio luporum,
519 752 2024 827 dicit Gloss. Qui locum praedicationis suscipit; mala non debet infer¬
510 810 2028 895 re, sed tolerare. Et hoc exemplo Domini, de quo dicitur I.
523 875 2020 971 Pvetri 3. Qui, cum malediceretur, non maledicebat; cum pateretur
510 938 2019 1014 non comminabatur; tradebat autem se iudicanti iniuste. Item
523 1009 2030 1086 exemplo Apostoli I. Corinth. 4. dicentis. Maledicimur,
517 1072 2025 1157 & henedicimus; blasphemamur, &l obsecramus. Item 2. Co¬
531 1139 2023 1222 rinth. 12. Signa Apostolatus mei facta sunt super vos in omni
542 1222 2013 1294 patientia. Gloss. Patientiam primo commemorat, quae ad mores Prae¬
542 1279 2035 1362 dicatoris pertinet. Nam, vt dicit Psal. 91. Bene patientes erunt, vt
542 1361 2028 1429 annuntient; Et sicut dicit Gregorius in Homil. Non potest vera¬
545 1400 2025 1483 citer bona docendo impendere, qui viuendo nescit aequanimiter aliena
545 1484 2016 1548 mala tolerare. SAPIENTIA enim Iustorum est mala libentius tole¬
542 1537 2022 1614 rare, quam facere; nullius iam imuriae vltionem quaerere; pro veri¬
547 1601 2022 1694 tate contumeliam lucrum putare, vt dicit Gregorius libi 1o. Mlo¬
548 1662 2025 1750 ralium super illud Iob 12. Deridetur Iusti simplicitas. Item Cassio¬
542 1735 2022 1811 dorus in lib. De Anima cap. II. Viri Sancti nullum laedere cupiunt
539 1799 2030 1886 laesi; semper ignoscunt; charitatem illis impendunt, qui eos scelerato
545 1872 952 1949 odio prosequuntur.
623 1921 2028 2012 §. Pseudo autem impatientes sunt in aduersis. Vnde super
544 1996 2026 2083 illud Matt. 9. Afructibus eorum cognoscetis eos, dicit Glos. de falsis
550 2072 2023 2144 Prophetis, Id iest de falsis Praedicatoribus. Maxime autem co¬
552 2134 2019 2219 gnoscuntur isti per impatientiam tempore aduersitatis. Perfectio¬
554 2192 1988 2269 nem ergo, si quam simulant, per impatientiam falsam esse de
528 2256 2029 2345 monstrant. Vnde super illud Iob 30. Frater sui Draconum,; &e.
528 2345 2029 2422 dicit Gregorius in lib. 20. Moral. Nullus persectus est, qui inter
535 2397 2032 2477 Christianorum mala patiens non est; Qui enim aequanimiter aliena
545 2458 2031 2551 mala non tolerat, ipse sibi testis est, quod ab omni plenitudinelonge
530 2522 686 2612 d istat.
624 2587 2001 2672 §. Per hoc autem, quod Pseudo impatientes sunt in aduer
524 2669 1995 2756 sis fvidelicet suas iniurias crudeliter vindicando, ac persecu
540 2725 2017 2830 tores suos, vel quos persecutores existimant, ex aduerso graiis
