2592 3508
551 196 2059 273 men in iudicio conueniant, & confra ipsos diutius altereando
555 272 2059 360 cum multis laboribus & expensis in graue ipsorum & aliorurg
561 339 2049 428 plurimorum scandalum litigiose contendant; nec non eorum
560 405 2068 470 Defenforibus per potentiores, quibus resisti non potest, poee¬
569 476 2043 567 nas graues & immoderatas inferant, vel inferri faciant; quo¬
567 544 2094 623 niam pro rebus, quantum ad eorum statum, superfluis, cuntra E
566 600 2043 682 suam professionem & charitatis officium inepte litigant scum
569 671 2037 772 etiam pro necessariis praedicto modo litigare contra malesa
565 732 2031 807 ctores suos non debeant) quod asperfectione longe distant
554 818 2061 904 manifeste demonstrant; iuxta verbum Gregoris in lib; 2os Mo¬
563 862 2058 967 ralium sic dicentis. Qui aequanimiter aliena mala non tolerat, ipi
562 933 2051 1008 se sibi testis est, quod ab omni plenitudine longe distat. Et ideo ra¬
570 1009 2081 1094 les Praedicatores non videntur esse veri Apostoli; sed Pseu¬
532 1063 647 1132 e do.
643 1122 2062 1227 §. Trigesimumtertium Signum potest esse, Quod veri
568 1194 2052 1300 Apostoli (cum charitatem habeant) verba veritatis amant, &
567 1272 2057 1360 eis congaudent, iuxta illud I. Corinth. I3. Charitas congaudet
573 1347 2055 1429 veritati. Glossa. Id est, verbis veritatis. Econtrario vero Pseu¬
556 1395 2101 1488 do nulli sibi asperae veritati congaudent, sed aduersus eam vi¬
552 1478 2056 1544 ad instar canis, ex consuetudine irrationabiliter latrant; &
553 1538 2060 1616 mordent. Vnde super illud Philipp. 3. Videte canes, dicit
569 1592 2049 1688 Glossa. Bene canibus illos comparat; quia sicut canes consuetudi¬
554 1671 2055 1760 nem magis, quam rationem sequuntur; ita Pseudo- Apostoli consue¬
555 1739 2053 1810 tudinis leoem tenent, & contra veritatem irrationabiliter latrant,
562 1805 2044 1892 & iordent. Nam, sicut dicit Gregorius in lib. 10. Morali
555 1866 2048 1956 Imperita mens veritatis sententias grauiter tolerat ; atque omne;
556 1939 2038 2017 quod rectum dicitur, dedecus suae irrisionis arbitratur. Et infra
543 2002 2062 2093 In redargutione vitiorum, quo intus cognitione mens tangitur, ad
556 2074 2034 2140 contradictionis studium excitatur. Cum tamen dicat Ecclesiasti¬
559 2130 2017 2199 cus cap. 4. Non contradicas verbo veritatis vllo; modo;? Quo
551 2198 2024 2279 niam igitur veritatem sibi asperam sustinere non possunt; id
556 2264 2014 2362 cireo, si qua talis veritas alicui minori forte per Spiritum San
561 2322 2033 2429 ctum reuelata extiterit; vel eam forte ex verbis Prophetarum
554 2387 2022 2474 illos explanando, collegerit; deridant illum, atque despiciunt
558 2472 2044 2557 nec non per minas & terrores, ac per Maiorum potentiam pro¬
559 2536 2037 2633 curant, vt illa veritas taceatur; vt simpleatur in eis Prophetia
547 2587 2041 2696 Dauidis Psal. I1. dicentis. Quoniam diminutae sunt veritates a
539 2671 2053 2743 filiis hominum. In quo manifeste fadiunt contra praeceptum A¬
537 2742 2061 2852 postoli I. Thes. 5. dicentis. Spiritum nolite entinquere. Glost.
