2592 3508
512 179 1974 245 resistebant, salutem animarum procul dubio impediebant;
508 262 1965 324 non tamen propter hoc ipsi Apostoli eos ad correctionem
517 308 1968 381 accusarunt; sed potius eis indulgentiam postularunt, vt
519 392 1974 460 tistensum est supra eodem Signo. Quod &, ipsi facerent,
523 451 1981 511 §. veri spostoli essent, & rectam intentionem haberent;
531 515 1958 580 paecipue cum illorum, quos appellant Aduersarios, aut Dis¬
526 603 1973 660 i amatores suos, intentionem ignorent. In eis enim, de qui¬
531 660 1977 725 bus dubium est, quo animo siant, Si aliquis putat se in hoc Deo
534 714 1969 772 placere; quod Seruos Dei accusat, & vt meliores siant, dicit se hoc
530 779 1980 851 egere; plus inuidiae stimulis agitatur, quam charitatis, vt legi¬
527 848 1139 905 tur 6. 4. I. cap. Si omnia.
593 907 1982 970 §. Si qui ergo Praedicatores (de quorum canonica vocatio¬
527 978 1973 1037 ne, seu missione non constetycontra eos, quos Aduersarios
530 1042 1979 1100 suspicantur, Principes sibi fauorabiles ad puniendum illos ex
533 1119 1976 1188 more prouocent, vel aliter illos puniri procurent; non ex
535 1185 1977 1252 charitate ad correctionem, sed magis ex odio ad vindi¬
545 1234 1989 1300 ctam moueri videntur. Et ideo non videntur esse veri
544 1303 1991 1363 Apostoli, sed potius suspecti huberi possunt, ne sint
545 1362 741 1444 Pseudo.
607 1435 1991 1517 §. Trigesimum sextum Signum potest esse, Quod veri
540 1497 2000 1558 Apostoli non amant carnaliter quidquam, quod eis obsistat
546 1571 1995 1629 in seruitio Dei; iuxta doctrinam Domini dicentis Luc. IA.
548 1626 1999 1685 Si quis venit ad me, & non odit Patrem suum, & Matrem, &
544 1699 2001 1772 Vxorem; & Fratres, & Sorores, adhuc autem & animam suam
537 1754 1991 1848 propter me; non potest meus esse Discipulus. Glossa. Id est,
555 1826 1991 1915 Qui non odit quidquid obsistit ei in seruitio Dei, non est dignus meo
546 1893 2004 1972 discipulatu, nec potest in eo permanere. Ex quo videtur, quod
543 1954 1988 2011 amor carnalis Parentum & Consanguineorum immodera¬
548 2026 1992 2116 tus obsistit homini in seruitio Dei. Et hoc satis perpendipo¬
548 2100 1991 2171 test ex eo, quod aliqui Regulares, licet aliter Religiosi exi¬
549 2148 2007 2214 stant, tamen propter amorem Propinquorum suorum plae¬
548 2227 1994 2282 rumque se ingerunt terrenis actionibus huius Mundi pro ne¬
560 2297 1997 2380 gotus illorum; quas actiones ante reliquerant propter Deum.
553 2356 2003 2444 Vnde super illud Iob 6. Inuoluta sunt semitae gressuum suo¬
543 2434 1994 2500 rum, dicit Gregorius in lib. 8. Moral. Saepe quosdam vidimus,
554 2491 2009 2557 quantum ad proprium studium spectat, iam praesentis vitae desi¬
546 2557 2012 2636 deria non hubere, Mundum & opere & professione reliquisse;
551 2611 2013 2675 sed tamen pro inordinatis affectibus Propinquorum Praetoria ir¬
548 2691 2006 2772 rumpere, terrenarum rerum iurgiis vacare, libertatem intima quie¬
