2592 3508
546 138 1982 219 propter eorum importunitatem, aut propter praesentem pu¬
533 216 1992 282 dorem, aut propter timorem diffamationis per detractiones
546 274 1982 347 illorum, aut propter aliam causam vrgentem, corporaliter
531 361 1947 420 admittantur; non videntur esse veri Apostoli, sed Pseudo.
609 405 1998 504 §. Trigesimum nonum Signum potest esse, Quod veri
549 476 1983 563 Apostoli non querunt, nec solliciti sunt curare negotia alie¬
538 553 1980 635 na, id est ad statum suum impertinentia, vagantes propter hoc
535 603 1992 692 hac & illac, vt inde pascantur. Qui enim hoc faciunt, Curiosi
533 680 1982 748 & Gvrouagi sunt, & contra doctrinam Apostoli viuunt, vt
527 745 1992 836 ostensum est supra dist. 2. §. Quoniam autem, & §. Patet igi¬
530 809 1974 884 tur. Si autem quaeratur quae negotia dici debeant aliena, res¬
530 880 1981 964 ponsum est supra dist. 2. §. Patet igitur. Quod si forte aliqui
525 946 1976 997 transfigurantes se in Apostolos Christi dicant se ad aliena ne¬
520 1008 1973 1079 gotia gerenda inuitos trahi a Principibus, vel Praelatis, vel
523 1072 1976 1148 aliis Magnis, quos offendere, vel scandalixare formidant; ac
517 1130 1986 1201 hoc responsum est supra dist. 2. §. Sed forte adhuc, cirea finem.
532 1196 1985 1277 Si vero dicant, quod hoc faciunt ex charitate, iuuando sci¬
529 1266 1989 1334 licet proximos suos, iuxta illud Galat. vlt. Alter alterius onera
529 1338 1992 1405 portate, sicut obiectum est supra dist. 2. in Tractatu De curio¬
533 1403 1920 1468 sis, §. Sed forte obiijciet; ad hoc responsum est supra ibidem.
614 1473 1977 1540 §. Si qui ergo -Praedicatores (de quorum canonica voca¬
507 1522 1987 1595 tione, seu missione non constet) praeter vrgentem necessi¬
532 1595 1977 1661 tatem, aut euidentem vtilitatem Ecclesiae, aut praeter man¬
530 1661 1972 1733 datum ipsius Ecclesiae, negotiis alienis, animi cura, non ma¬
533 1730 1982 1802 nibus exercendis, vt inde pascantur, se ex more immisceant,
533 1789 1980 1857 vagantes propter hoc hac & illac; cum per hoc Curiosi
533 1867 1976 1918 existant, & contra doctrinam Apostolicam viuant; non vi¬
525 1922 1439 1986 dentur esse veri Apostoli, sed Pseudo.
614 1994 1968 2075 §. Quadragesimum Signum potest esse, Quod veri Apo¬
520 2055 1985 2140 stoli non praedicant propter quaestum, sed propter animarum
530 2113 1979 2204 salutem tantum. Vnde 2. Corinth. 12. dicit Apostolus. Non
530 2194 1968 2271 quaero quae vestra sunt. Glossa. Id est diuitias vestras in auro &
530 2251 1964 2316 argento; SED vos. Glossa. Saluare. Item Glossa. Non quae¬
515 2323 1973 2407 reuat Apostolus datum, sed fructum; ne quasi venditor Evangelii
525 2395 1968 2460 putaretur. Pseudo vero praedicant propter quaestum, licet si¬
525 2457 1983 2517 mulent se praedicare propter animarum salutem; stu dent;
514 2521 1977 2584 enim lucro, vt ostensum est supra dist. I. §. Quidam autem cano¬
522 2586 1974 2658 nice. Et I. Timoth. 6. dicit Apostolusloquens de Pseudo.
509 2659 1979 2719 Existimantium quaestum esse pietatem. Glossa. Qui ideo opus pie¬
