2592 3508
505 123 2008 240 tatis faciunt, id est praedicant, vt uerum tempordle acquirants quiae
510 205 1398 299 pro quaestu praedicant, non pro fructu
571 251 2001 373 §. Sed quomodo potest cognosci, si pradicet alie ple
524 330 732 419 quaestu,
568 355 2012 492 §. Respondeo. Quando scilicen abilis, quibus praedicat,
518 465 1959 539 recipit aurum, vel argentum, nisi forte propter sumptum quo
527 535 1973 608 tidianum, vel propter aliquod commodum publicum ab Ec
533 598 1985 674 clesia ordinatum. Vnde super illudi Marth. 10. Nolite possi¬
532 666 1993 742 dere aurum, neque argentum, dicit Glossa. Si haec haberent, vide¬
518 720 1983 818 rentur non causa salutis praedicare, sed causa lucri. Item sicut dicit
516 789 1986 867 Hieron. super Malachiam Prophetam. Quia quidam Prophe¬
505 856 1984 937 tae accipiebant pecuniam, prophetia eorum facta est diuinatio; cld
519 923 1993 1009 est, declarata est non esse a Domino, sed a Diabolo, vt legitur I. &¬
521 992 1995 1076 I. cap. Numquam diuinatio; Idem posset dici, si raeciperet Prae¬
521 1062 2019 1135 dicator modium vini, aut chorum tritici, aut aliud aequiualens.
522 1140 1998 1211 auro vel argento vsque ad munerum quantitatem. Quem¬
522 1202 2001 1276 admodum dicitur de illis, qui habent publica officia; Quod¬
525 1249 1996 1340 quamuis licitum sit eis recipere esculentum & poculentum vt xenio¬
517 1321 2015 1412 la, non tamen licet eis recipere vsque ad munerum quantitatems
534 1391 1993 1475 vt dicit Lex Humana st. De officio Proconsulum 1e Solent.
534 1451 1993 1527 Multo minus ergo licitum est Praedicatoribus recipere ab du.
531 1509 1996 1611 ditoribus suis vsque ad munerum quantitatem, ne per hoc
524 1597 1987 1674 grauent Auditores; vel ne odibiles fiat Buangelium; vel ine
532 1664 1980 1744 ipsi Praedicatores libertatem arguendi amittant; vel ne videa¬
534 1720 1987 1784 tur Euangelium venale esse; vel etiam propteralias ration
529 1779 1996 1879 nes positas & assignatas supra dist. 2. §. Hoch autem faciebat
535 1850 771 1933 Apostolus.
613 1873 1998 1998 §. Sunt autem quidam Praedicatores, qui ne videantur
530 1985 1990 2072 esse quaestuarii, & vt decentius per alios, quam per seipsos
533 2051 1998 2119 valeant depraedari, & dona maiora consequi; ideireo ab Au¬
531 2106 1996 2181 ditoribus suis in personis propriis nihil petunt; sed ad eos cir¬
534 2182 1995 2267 cumueniendos legatos suos transmittunt, qui vel granum, vel
518 2243 2006 2334 vinum, vel pecuniam ad opus vestium, vel quidquam aliudi
536 2329 1991 2401 quo indigere se dicunt, importunt & incessanter petunt; &
538 2373 1986 2460 indifterenter a quibuscumque accipiunt. Acuiusmodi cir¬
536 2445 1997 2518 cumuentione exculat se Apostolus 2. Corinih. 12. dicens.
538 2521 1992 2614 Sed esto. Id est Forte dicetis, quod. Ed ovos non grauaui. Glossa
534 2578 2000 2656 In persona mea accipiendo vestra. S.ED Corte obijcietis mihi;
533 2658 2007 2758 quodiC VM essem astutus. Id est callidus, Do2o vos cepisId est des
