2592 3508
518 195 1949 276 ergo dicat quis Praedicator, se mendicationem desiderare ;
512 266 1953 334 non vera humilitas, sed falsa esse videtur; nec videtur esse
507 313 1956 406 Praedicator verus, sed Simulator & Fictus. Plaerique autem
518 380 1952 459 Simulatores dicunt, inopiam sibi dulcem esse, vel sibi propter
512 445 1959 548 Deum placere, qui tamen habent ignem auaritiae vel cupi¬
518 515 1966 595 ditatis in corde; de quibus potest intelligi ad literam, quod
508 584 1962 652 dicit Ecclesiasticus cap. 40. In ore Impudentis indulcabitur ino¬
514 660 1959 740 pia, & in ventre, Id est in corde, eius ardebit ignis, scilicet
524 707 785 788 cupiditatis.
578 771 1956 867 §. Notandum autem, quod illi Praedicatores, qui a suis Au¬
510 848 1949 931 ditoribus petunt, aut peti faciunt, sperantes se propter suam
512 922 1968 987 praedicationem faciliùs obtenturos ab eis quod petunt; for¬
514 988 1968 1067 midare meritò possunt, ne hoc videantur facere occasione
509 1042 1961 1105 auaritiae, contra illud Apostoli 1. Thess. 1. dicentis. Neque e¬
504 1123 1955 1182 nim aliquando fuimus in occasione auaritiae. Glossa. Non dico IN
503 1171 1952 1261 AVARITIA, sed non feci, nec dixi etiam in quo esset occasio aua¬
503 1250 1962 1314 ritia. Item formidare merito possunt, ne per hoc dici possint
505 1317 1959 1381 gratiam praedicationis vendere, & sic incidant in vitium Si¬
509 1386 1965 1441 moniae; sicut Giezi puer Elisaei, pro eo quod petiit vestes a
509 1434 1950 1522 Naaman Syro, sperans se ideo facilius accepturum ab eo,
497 1513 1955 1596 quia Dominus suus (scilicet Elisaeus) curauerat eum a lepra,
507 1584 1956 1661 ut legitur 4. Reg. 5. dicitur vendidisse ipsi Naaman gratiam
498 1633 1958 1708 sanitatis, & per hoc incidisse in vitium Simoniae, vt dicit Gre¬
501 1714 1962 1781 gorius Nazianzenus 1. q. 1. cap. Qui studet, licet illas vestes
498 1778 1952 1843 petierit Eliseo inuito, sicut apparuit ex post sacto. Igitur mul¬
492 1843 1955 1909 to magis, si ipse Eliseus eodem modo, & eadem intentione
503 1910 1941 1980 petiisset, vel peti fecisset, procul dubio Simoniae vitium in¬
487 1962 707 2027 enrrisset.
573 2034 1950 2096 §. Si qui ergo Praedicatores (de quorum canonica voca¬
488 2100 1949 2163 tione, seu missione non constet) ab Auditoribus suis talia mu¬
485 2176 1950 2244 nera, qualia supra descripta sunt, ex more recipiant, videntur
489 2241 1943 2328 esse in occasione auaritiae; videntur etiam praedicare propter
485 2299 1952 2373 quaestum, non propter animarum salutem. Et si talia ex more
498 2377 1941 2452 petant, vel peti faciant, siue in praedicatione sua, siue ante prae¬
481 2440 1946 2491 dicationem, siue post illam, sperantes se propter suam praedi¬
471 2510 1950 2563 cationem facilius inuenturos, videntur committere Simo¬
473 2577 1943 2660 niam; quia recipere est, quando cumque recipere, siue post siue ante,
481 2642 1953 2707 ut legitur 1. q. 1. cap. Eos. Et ideo non videntur esse veri
466 2714 1941 2780 Apostoli, sed potius suspecti haberi possunt, ne sint Pseudo¬
