2592 3508
481 129 1952 222 Templum anima credentis est; illam exorna, illam vesti, illi osser
486 205 1961 290 donaria, in illa Christum suscipe. Quae vtilitas est parietes fulgere
489 268 1965 375 gemmis, & Christum in Paupere fame periclitaris Item Hieron.
481 332 1956 450 Ad Demetriadem. Alii adificent Ecclesias, vestiant parietes mar¬
484 407 1953 484 morum crustis, columnarum moles aduehant, earumque deaurent ca¬
491 470 1954 565 pita pretiosum ornatum non sentientia; ebore, argentoque valuas,
491 534 1964 620 & gemmis aurata distinguant altaria; non reprehendo, non abnuo;
505 597 1964 684 vnusquisque in suo sensu abundet. Melius est hoc facere, quam repo¬
493 657 1972 773 sitis opibus incubare, Sed tibi aliud propositum est, vestire Christum
490 744 1967 835 in Pauperibus, visitare in languentibus, pascere in esurientibus,
495 787 1968 884 suscipere in iis qui tecto indigent, & maxime in Domesticis Fidei.
540 864 1974 946 §. Huiusmodi homines, ornatum & pulchritudinem Basili¬
491 937 1964 1028 carum suarum sin quibus homines admirantur; desiderantes,
505 993 1974 1078 & in iis delectantes, & hoc religionem esse, ac Deo & oanctis
508 1059 1979 1153 ; quorum sunt Basilicae) placere putantes, aut se putare simu¬
503 1128 1974 1219 lantes, & ad haec facienda pecuniam ab Vsuraruis & Rapto¬
498 1197 1970 1279 ribus, etiam non emendatis, per quaestus varios extorquontes;
509 1254 1984 1348 similes esse videntur Idololatris, qui ornatum & pulchritu¬
505 1330 1967 1412 dinem Templorum & Idolorum suorum putant Religionem
521 1406 1978 1480 esse, & haec Diis suis placere; de quibus legitur in quadam
517 1458 1993 1576 Glossa marginali Sapientiae I3. Quanto ornatiora & palchriora
519 1514 1985 1608 sunt simulacnra, tanto plus maiestatis habent; Religio ergo est, quod
523 1594 1985 1677 cupiditas humana miratur. Et paulo ante legitur in alia Glossa
511 1647 1980 1741 de illis. Auro, gemmisque delectantur, quorum nitor perstringit
518 1726 1983 1808 oculos; sine his non putant esse Religionem. Et infra. Consecrant
524 1786 1994 1893 Diis manubias & rapinas, qui valde imbecilles sunt. Cur enim
519 1845 1996 1939 ccelestes putantur, si terrena desiderant;? vel beati, si indigent; vel in¬
518 1933 2003 2004 corrupti, si in iis delectantur, in quibus cupiditas hominis damnatur?
565 1978 2003 2073 §. Si opponatur de opere Templi Domini sumptuoso, & de
530 2062 1979 2147 ornatu eius pretioso sub Veteri Testamento, vt legitur 3. Reg
533 2114 1991 2222 §. & 2. Ad hoc respondet Hieronymus in hunc modum,
533 2175 1995 2268 Neque mihi aliquis opponat diues in Iudaea Templum, Mensam,
523 2245 2003 2341 Lucernas, Thuribula, Patellas, Scophos, Mortariola, & catera ex
536 2317 2016 2405 auro fabrefacta; tunc enim haec probabantur a Domino, quande
536 2384 2007 2470 Sacerdotes Hostias immolabant, & sanguis pecudum erat vemissis
530 2444 2013 2549 peccatorum; quamquam haec omnia praecesserunt in figuram, scripta
543 2515 2008 2606 sunt autem propter nos, in quos fines saculorum deuenerunt Nisneve¬
541 2573 2032 2662 ro; cum paupertatem domus fuae pauper Christus dedicauerit; porte¬
535 2639 2015 2745 mus crucem, & diuitias lutum putemus. 34. q. 2. &. Gloria Episcopi.
