2592 3508
527 162 2005 260 cturus est; ant cur de hareditate, vel delegato vacati cogitare. vt
531 234 2005 322 anes, quae laceratione corporum aluentur, lapsa morbo corpora;; &
535 287 2017 389 casura, proximo speculantur; ita hit, qui imminetmorti; & ciret
538 355 2023 458 cadauera volat. Consequenter verolegrotis illis defunctis illam
550 425 2005 524 eorum pecuniam ipsorum executioni, seu ordinationi commis¬
543 499 2018 589 sam, sub praetextu suae voluntariae paupertatis, & suae simulate
544 568 2014 654 sanctitatis, in vsus suos, vel suorum conuertunt; ostendere co¬
545 639 2018 724 nantes suis rationibus adinuentis; non posse illam pecuniam
550 692 2019 788 ad meliores vsus expendi; & sici contra documentum Am¬
553 749 2016 858 brossi Tiunt Procuratores rerum saecularium, qui debent Religio¬
560 823 2023 925 nis cultui deseruire. Et contra documentum Hieronymi Tiunt
557 885 2030 987 alienarum rerum Dispensatores, qui contempsisse videntur proprias
563 955 2028 1069 facultates, vt ostensum est supra dist. 2. §. Sed forte obijciet cu¬
572 1047 1003 1134 riositatis Defensor.
663 1068 2046 1189 §. Qui vero talibus propter speciem sanctitatis, quame
562 1166 2024 1252 ostendunt exterius, quasi fidelius dispensaturis bona sua di¬
572 1218 2032 1317 stribuenda committunt, cautius agerent, si bona, quae forte
566 1291 2039 1397 per rapinam, vel vsuram, a Christi Fidelibus extorferunt,
573 1350 2038 1446 manu propria restituerent, dum ipsi vinunt; iuste vero quae¬
572 1419 2046 1510 sita Pauperibus impotentibus laborare, vel ex causa legiti¬
582 1493 2043 1579 ma erubescentibus mendicare, manu propria, vel saltem vo¬
579 1555 2046 1645 luntate propria & expressa distribuerent per aliquem merito
581 1631 2048 1709 non suspectum. Cogitare namque debent, quod Iudas licet
591 1672 2052 1774 esset Apostolus, & a Domino; qui falli non potest, secun¬
578 1749 2041 1844 dum iustitiam praesentem temporaliter electus, & ob hoc pro¬
585 1806 2053 1924 pter speciem sanctitatis, quam exterius ostendebat, Sanctissi¬
592 1880 2053 1972 mus repuratus; nihilominus tamen pecuniam; quae commis¬
582 1952 2061 2043 tebatur ei distribuenda Pauperibus, asportabat & furabatura
596 2011 2051 2110 vt legitur Ioan. I2. & ostensum est supra dist. 2. §. Sed iforsan
577 2086 2055 2173 dicet. Vnde Hieronymus Ad Nepotianum. Fratribus refrire¬
587 2130 2073 2239 ria sumptuum manu propria distribue; rara est enim in hominibus
593 2226 1188 2325 fides; cogita Iudae loculos.
653 2241 2066 2372 §. Item blande res aliorum auferunt, qui vt aliis pauperins
594 2362 2068 2434 res & sanctiores putentur, & ob hoc Fideles Christi res suas
597 2424 2057 2504 eis facilius largiantur, nouas superstitiones confingunt; dis
607 2471 2073 2571 centes forte se propter Christum nihishabere velle propriut
599 2546 2082 2631 vel commune, sed magis perpetuo mendicare; nolentes
605 2603 2084 2700 etiam propter egestatem (cumitamen possint) munibus labo¬
587 2691 2095 2795 rare, sed magis orationi, & praedicationi, & animarumdlicet
