2592 3508
461 115 1920 200 futragis illis orationum promittant; & ne legata eis relicta,
472 216 1933 277 vei ; eltarrenta suis consiliis facta mutent, vel reuocent, sem¬
477 267 1917 348 Ee¬ altistant eis vsque ad mortem; illis autem defunctis, pecu¬
470 330 1919 396 niam eorum fraudulenter, vt dictum est, in vsus suos, vel suo¬
473 402 1932 468 rum conuertant; videntur res eorum fraudulenter & blande
471 488 1933 548 auferre; videntur etiam se contra doctrinam Apostoli nego¬
473 544 1935 612 tiis saecularibus immiscere, & Negotiatores, seu Mercatores
476 595 1915 660 Orationum esse, & per hoc Diabolo Christi arma praestare
489 639 1942 732 Videntur etiam esse Vultures circumuolantes, & cadauera est
479 745 1925 809 pectantes; videntur etiam esse Lupi rapaces, bona ouium
473 802 1932 868 Christi carnalia cupientes. Et ideo non videntur esse veri
472 865 1035 948 Apostoli, sed Pseudo.
564 924 1929 1014 §. Quadragesimumquartum Signum potest esse, Quod
469 995 1933 1060 veri Apostoli non frequenter conueniunt ad alienam men¬
468 1058 1941 1123 sam cum otio corporali, ne Adulatores siant. Sicut enim dicit
479 1129 1939 1195 Glossa super illud 2. Thess. 3. Vt nos ipsos sormam daremus vo¬
470 1193 1931 1260 bis, &c. Qui frequenter conuenit ad alienam mensam otio deditus,
467 1258 1942 1323 aduletur necesse est pascenti se; cum Religio nostra ad libertatem
471 1322 1931 1386 homines aduocet, vt dictum est supra dist. 2. §. Si vero dicatur.
485 1378 1935 1452 De talibus potest intelligi ad literam, quod dicit Ecclesiast.
471 1475 1941 1538 cap. 40. Vir respiciens in mensam alienam, non est vita eius in
473 1522 1950 1588 cogitatione victus; alit enim animam suam cibis alienis, Vir autem
473 1593 1948 1652 disciplinatus & eruditus custodit se; scilicet, a talibus, vel a tali
470 1650 1951 1736 facto. Contra tales etiam dicitur in eodem lib. cap. 29. Transi
473 1714 1950 1790 hospes, &c. Et infra. Et quae in manu habes, ciba cateros, Glossa.
471 1766 1950 1851 Qui alieno delectaris hospitio, redi ad propria, & de labore tuoete
478 1872 1938 1924 & alios pasce. Item in eodem cap. paulo ante. Vita nequam,
481 1916 1932 1980 hospitari. de domo in domum. Item, cum secundum Gregorium,
484 1978 1950 2052 cuius vita despicitur, restat vt eius praedicatio contemnatur; ideo
488 2050 1941 2118 veri Apostoli nolentes praedicationem suam contemni, ne
491 2131 1935 2195 per hoc inutiles habeantur, nolunt vitam suam despici; &
483 2194 1945 2251 ideo non frequenter ad alienam mensam conueniunt, etiam
484 2242 1950 2324 inuitati. Nam sicut dicit Hieronymus Ad Nepotianum. Pa¬
475 2330 1937 2388 ciltus contemnitur, qui saepe vocatur ad prandium, & non recu¬
485 2377 1947 2459 sat. Ergo multo facilius contemnitur, qui non vocatus ad
480 2450 1317 2540 prandium saepe ingerit se inuitis.
543 2529 1939 2588 §. Si qui ergo Praedicatores (de quorum canoniea vocatio¬
470 2578 1934 2650 ne, seu missione non constet) ex more sic faciant, non viden¬
480 2666 1953 2733 tur esse veri Apostoli, sed potius suspecti esse possunt, ne sint
476 2722 680 2789 Pseudo.
