2592 3508
486 169 1957 242 ceret. Apud illos debent hospitari Praedicatores Christi, quos pro¬
476 243 1940 317 babiliter arbitrantur se non reputare ex sumptibus eorum grauari,
483 299 1123 397 sed magis sibi gratiam fieri.
569 377 1941 444 §. Si qui ergo -Praedicatores(de quorum canonica voca¬
485 455 1938 519 tione, seu missione non constet) ex more quaerant hospitia,
483 528 1943 574 non honestiora, sed delicatiora, cursitantes de domo in do¬
485 585 1950 653 mum vt melius hospitentur vel melius procurentur; vel ab
489 641 1938 700 indignis hospitia, vel alia munera quaerant, vel accipiant;
485 699 1943 766 id est ab illis, quos probabiliter arbitrantur non reputare sibi in
490 770 1941 837 hac parte gratiam fieri, sed potius arbitrantur, quod ab eis re¬
487 834 1948 916 putantur onerosi non videntur esse veri Apostoli, sed Pseudo.
566 898 1950 990 §. Quadragesimumseptimum Signum potest esse, Quod
501 985 1943 1047 veri Apostoli, non nisi summa necessitate coacti recipiunt
491 1046 1962 1101 eleemosvnas, vel munera illorum, qui nondum emendati
488 1111 1948 1182 adhuc persistunt in peccatis suis; tales enim potius dant vt
482 1171 1950 1266 non arguantur, quam propter Deum; & ideo fructum dan¬
489 1233 1958 1315 di non habent. Vnde 2. Corinth. 6. dicit Apostolus. Sed
512 1312 1950 1381 emetipsos dederunt primum Domino, deinde nobis per voluntatem
504 1370 1964 1428 Dei. Glossa. Quia emendantes errores pristinos, & morum vitia,
500 1435 1959 1492 Deo se vouerunt; deinde Fratribus sua obtulerunt. Aliter enim non
488 1499 1954 1555 erat recipiendum ab eis, quia munera excaecant oculos, & vim au¬
498 1561 1959 1620 thoritatis inclinant. Qui vero dant vt non arguantur, fructum dan¬
489 1626 1960 1685 di non hubent. Item I. Corinth. 6. super illud. Onnia mihi li¬
491 1697 1949 1756 cent, sed non omnia expediunt, dicit Glossa. Si ab iis acciperet sum¬
500 1754 1962 1820 ptus, quos in tantis vitus arguebat, authoritatem Magistri incli¬
493 1818 1968 1883 naret. Non enim potest instanter argui, a quo accipitur; maxime
506 1890 1872 1962 cum ille sit promptus ad dandum, vt sibi humiliet propositum.
554 1962 1958 2027 §. Si qui ergo Praedicatores (de quorum canonica vocatio¬
495 2018 1958 2082 ne, seu missione non constet) absque maxima necessitate ex
494 2104 1958 2172 more munera Vsurariorum, vel Raptorum, vel aliorum Pec¬
504 2150 1960 2219 catorum (qui adhuc in peccatis suis persistunt, & emendari
495 2225 1959 2309 nolunt, sed propter hoc tantum, vt non arguantur, tribuunt)
494 2285 1971 2345 scienter & libenter recipiant; quoniam ab illis a, quibus non
497 2355 1949 2412 esset recipiendum Cvtpote ab illis, qui fructum dandi non ha¬
494 2417 1956 2508 bent) raecipiunt, videntur magis quaerere datum, quam fru¬
502 2483 1953 2547 ctum; & ideo non videntur esse veri Apostoli, sed Pseudo.
563 2554 1959 2636 §. Quadragesimum octauum Signum potest esse, Quod
488 2620 1955 2682 veri Apostoli, quia non quaerunt datum, sed fructum, Philip. 4¬
501 2684 1968 2748 data illorum, qui dant propter praesentem verecundiam, aut
