2592 3508
507 201 1964 267 competentem dant) ex more scienter & libenter raecipiant,
506 250 1980 314 vel non expectantes oblationem a quibuscumque importu¬
509 314 1971 382 ne petant enisi forte in arcta necessitate fuerint constituti) vi¬
503 386 1974 450 dentur magis quaerere datum, quam fructum; & ideo non vi¬
513 443 1429 516 dentur esse veri Apostoli, sed Pseudo.
560 521 1978 597 §. Quadragesimumnonum Signum potest esse, Quod veri¬
512 587 1978 652 Apostoli, non solum habent cognitionem per. Scripturas de¬
519 651 1961 715 praeteritis, sed etiam de futuris; cam sint animalia plena ocu¬
508 723 1978 781 lis ante & retro, de quibus dicitur Apocalyps. 4. Animalia,
515 786 1977 847 erant plena oculis ante & retro. Glossa. Habentes cognitionem de.
519 850 1648 916 his, quae fecit Deus, & facturus est in fine Mundi.
588 908 1981 1004 §. Si qui ergo Praedicatores (de quorum canonica voca¬
515 987 1988 1045 tione, seu missione non constet) quasi ad excusationem suam¬
528 1059 1968 1117 super eo quod de periculis per Pseudo-Praedicatores & Pe¬
522 1115 1967 1174 netrantes domos in Ecclesia Dei futuris, vt ostensum est su¬
521 1194 1980 1270 pra dist. I. praedicare nolunt, sed magis illam praedicationem.
516 1251 1982 1307 impediunt) dicant se ignorare illa pericula; assecurantes etiam¬
524 1314 1975 1381 homines ab illis periculis; dicentes non esse timendum de il¬
518 1377 1973 1453 lis, & tranquillitatem, & pacem eis promittentes, iuxta illud
513 1443 1977 1508 Exechiel. 13. Decipiunt populum meum dicentes PAx, PAx, &
513 1527 1977 1595 non est pax; non videntur habere oculos ante & retro, quiae
522 1578 1973 1637 non videntur habere cognitionem de futuris periculis supra¬
517 1640 1990 1708 dictis; vnde non videntur esse veri Apostoli, sed Pseudo. Et,
520 1707 1986 1780 certe timendum est tam illis, quam decepris ab illis; ne cum di¬t
520 1769 1986 1836 xerint PAx ET SECVRITAS, repentinus superueniat eis inte¬
516 1857 1993 1925 ritus. I. Thess. 5. De hoc dicit Radulphus super Leuiticum lib.
518 1907 1995 1968 1. Nulla existimo manifestiora aduentus illius indicia, quam cum
518 1977 1997 2052 pacem & securitatem praedicauerint, iuxta illud Apostoli. CVTA
527 2041 2032 2100 CVMI DINPRINT PANET SECVPNITAS, NEPENTIA P
512 2114 1984 2172 NVS SVPERVENIET IELES INTERITVS, ET DLES
513 2169 1977 2236 DOMENI SICVT TVR IN NOCTE ITA. VENIET,
520 2254 1980 2327 Ante nos, inquit, Sancti Patres de huius Aduersarii immanitate.
524 2297 1967 2367 sollicitabantur; nos vero, qui post multas generationes hio nati su¬
513 2370 1795 2428 mus, & fini propinquamus, in tanta securitate torpemus.
583 2434 1971 2508 §. Quinquagesimum Signum potest esse, Quod veri
516 2499 1967 2567 Apostoli non quaerunt ab hominibus per epistolas commen¬
512 2571 1978 2636 dari, quia non indigent; sicut faciunt Pseudo. Vnde2. Corinth¬
515 2633 1973 2703 3. dicit Apostolus. Numquid indigemus commendatitiis episto¬
512 2706 1974 2787 lis ad vos, aut ex vobis, sicut quidam? Glossa. Id est. Sicut Pseu¬
