2592 3508
579 112 2022 238 §. Notandum autem, quod quando aliquis per Scripturas
552 215 1984 291 inuehitur generaliter contra Pseudo-Praedicatores; & Pene
548 288 1979 378 trantes domos, vel Otiosos, vel Guriosos, vel Gyrouagos
555 344 2052 428 vel alios Hypocritas Seductores populi Christiani, neminem¬
549 412 1995 490 nominando, neminem specialiter pulsando; ostendens, quan¬
546 501 2012 568 tum, & quomodo sint Ecclesiae & sibimetipsis periculosi; &
561 549 1992 629 vt a Christi Fidelibus possint facilius iuxta doctrinam Apo
557 609 2026 693 stoli euitari, Signa quaedam ex Scripturis demonstrat, iper
548 695 2031 767 quae valeant a veris Praedicatoribus, & ab aliis Sanctis Homse
554 734 2010 835 nibus aliquo modo discerni; per hoc neminem iudicat esse
558 828 2034 902 talem, vt sit ille, vel ille cauendus; nec inuenitur aduersus,
550 901 2009 968 aliquos quasiiam seducentes tamquam Aduersarius; sedi ne
564 967 2029 1037 tales siant, monet omnes Christi Fideles tamquam Amicus,
557 1026 2031 1092 Ad instar Hieronymi Ad Nepotianum dicentis. Non vt Ad¬
557 1088 2035 1168 uersarii, sed vt Amici scripsimus; nec inuecti sumus in eos qui pec¬
563 1167 2024 1234 cant, sed ne peccent monuimus. Et infra. Nullum nomen de mea
567 1224 2032 1295 scriptura designatum est; neminem specialiter sermo meus pulsa¬
558 1273 2023 1348 uit. Per hoc etiam instruit Ecclesiam Dei, maxime Simpli¬
565 1345 2037 1416 ces, qui sunt Scripturarum ignari, ne a talibu§. Seductoribus;
563 1414 2049 1491 valeant circumueniri; ad instar Apostoli Ecclesiam similie¬
559 1489 2009 1563 ter instruentis, & eam contra tales spiritualiter munientis
559 1556 2013 1627 vt ostensum est supra in Prologo, §. Hdeles igitur. Si quis er¬
557 1597 2009 1697 go ad instar Apostoli similia scribat & doceat, non est arguen
564 1667 2040 1759 dus tamquam Aduersarius vel tamquam temere iudicet de
559 1728 2041 1811 diibiis, aut de occultis; sed potius com mendandus tamquam
568 1803 2031 1887 Amicus, & tamquam Fidelium Fruditor fidelis, & tamquam
561 1867 2037 1947 obediens praecepto Apostoli hanc doctrinam instanter prae¬
561 1939 2035 2026 dicare praecipientis, vt ostensum est supra in Prologo, Salide¬
558 2009 2026 2084 les igitur, & tamquam ipsius Apostoli Imitator, secundu m
576 2079 2028 2172 quod ipse monet I. Corinth. II. dicens. Imitatores mei estote
569 2128 2010 2223 sicut & ego Christi. Scriptura enim Apostoli, & caterae Seri
575 2192 2020 2284 pturae Diuinae ad hoc in libris canonicis reseruantur; vt per
560 2285 2036 2362 eas erudiamur, non tam de praeteritis, quam de futunis Rom,
579 2337 2044 2424 1§. Quaecumque scripta sunt, ad nestram doctrinam scripta sunt,
561 2408 2037 2484 &c. Sicut enim dicit Gregorius Iib. 13. Moralium super illid
568 2462 2043 2540 Iob 33. Semel loquitur Deus & secundo idipsum non reperit.
555 2517 2057 2603 SACRA Sel iptura per exempla praecedentium, etiam vitam se¬
566 2614 1934 2704 quentium insormare curauit, vt dictum est supra in Prolog
922 2658 1673 2765 Explicit Quarta D istinctio .
