2592 3508
537 91 1994 207 vellent, modum alium iuste & sancte viuendi. Quiusmodiv ita
547 202 2001 275 & doctrina contraria est vitae & doctrinae Apostolii & aliosum
540 251 2001 340 Sanctorum Doctorum Ecclesiae; prout satis ostensum est sui
555 319 1994 432 pra dist. 2. Qualem etiam doctrinam videntur habere illi; qui
547 396 2009 477 iuxta traditiones suas, nullas Cvt asserunt) poffessiones etiam
556 447 2004 540 communes habentes, nec habore volentes; ; sed semper de
557 516 1994 605 mendicatione viuentes, ob hoc perfectiores selesse praedicant
554 581 1999 673 omnibus Praelatis Ecclesiasticis, nec non Personis Regulari¬
558 655 1999 739 bus vniuersis, qui de communibus Ecclesisbonis, iuxta mo¬
556 716 2008 804 rem antiquum a Sanctis Patribus institutum, communiter vi¬
556 797 1997 868 tam ducunt; & hanc etiam doctrinam in praedictis libellis suis
555 849 1998 932 scribere praesumpferunt. Quae doctrina, sicut & prima; nontrat
549 925 2007 1002 ria est vitae & doctrinae Apostolorum, & alioium eos sequen¬
551 986 1997 1068 tium Sanctorum Patrum, qui de communibus bonis Eccle¬
563 1050 2007 1136 siae communem vitam duxerunt, & eumdem modum viuendi
551 1114 2023 1198 suis posteris reliquerunt, vt ostensum est supra dist. 4u in Si¬
560 1176 2019 1275 gno 1I. §. Ad illud autem, cum sequentibus Paragraphis. Qua¬
566 1241 2019 1330 lis etiam videtur esse doctrina illorum, qui docent & ipraedi¬
562 1320 2024 1394 cant, opera poenitentiae, & alia opera de genere bonorum; a
560 1376 2016 1459 quibuscumque etiam infirmis, siue imperfectis, debere palam
566 1438 2022 1524 fieri & captato plurimorum spectaculo publice ostentari;
569 1504 2012 1595 contra doctrinam Dominicam, vt ostensum ost supra dist. 4.
566 1580 2028 1660 in 1o. Signo. §. Notandum; cum tribus sequentibus Paragra¬
566 1635 2029 1740 phis. Omnes igitur talia dicentes, videntur esse iuxta doctri¬
562 1699 2023 1787 nam Apostoli, ad instar Pseudo euitandi. Vnde post praemissa
572 1774 2031 1853 subiungit Apostolus. Et declinate ab illis. Glossa. Tangit Pseude,
570 1836 2034 1942 quos in tota epistola cauendos monet. Duplici autem ratione ea¬
574 1900 2028 1988 ueri debeta Pseudo & ab aliis inanis gloriae cupidis; videlicet,
566 1978 2022 2053 Ne eorum simulatione decipiamur, vel eorum exemplo ad amorem
566 2043 2031 2117 temporalis gloriae inflammemur, vt dicit Glossa super illud Eue,
568 2097 2027 2186 20. Attendite a Scribis. Sciendum etiam, quod illi Pseudo; qui
578 2178 2034 2267 potestatem Episcoporum Ecclesiasticam sibi vsurpant in Dio¬
572 2249 2039 2317 cesibus alieni;, inuitis Diocesanis, excommunicandi sunt; &
575 2310 2035 2384 etiam inuocandum est contra eos, si necesse fuerit; brachium
584 2366 2053 2460 raeculare. Extra De officio Iudicis Ordinarii cap. Quoniam in
578 2429 2019 2530 plaerisque, in fine. Sic ergo patet, qualiter Pseudo-Praedica
585 2497 1942 2579 tores & Penetrantes domos sint ab Ecclesia repellendi.
665 2572 2024 2648 §. Oriosi vero, & Curiosi, & Gvrouagi (quoniam & Ee
571 2628 2047 2724 clesiae periculosi sunt; & contra doctrinam Apostoli viuunt,
