<?xml version="1.0" encoding="UTF-8" standalone="yes"?>
<PcGts xmlns="http://schema.primaresearch.org/PAGE/gts/pagecontent/2013-07-15" xmlns:xsi="http://www.w3.org/2001/XMLSchema-instance" xsi:schemaLocation="http://schema.primaresearch.org/PAGE/gts/pagecontent/2013-07-15 http://schema.primaresearch.org/PAGE/gts/pagecontent/2013-07-15/pagecontent.xsd">
    <Metadata>
        <Creator>prov=University of Rostock/Institute of Mathematics/CITlab|PLANET AI GmbH/Gundram Leifert/gundram.leifert@planet-ai.de:name=544029-m2(htr_id=29082)::::v=2.6.7
prov=University of Rostock/Institute of Mathematics/CITlab|PLANET AI GmbH/Tobias Gruening/tobias.gruening@planet-ai.de:name=de.uros.citlab.module.baseline2polygon.B2PSeamMultiOriented:v=2.6.7
prov=University of Rostock/Institute of Mathematics/CITlab|PLANET AI GmbH/Tobias Gruening/tobias.gruening@planet-ai.de:name=/net_tf/LA73_249_0mod360.pb:de.uros.citlab.segmentation.CITlab_LA_ML:v=2.6.6
Transkribus</Creator>
        <Created>2020-11-24T15:31:48.970+01:00</Created>
        <LastChange>2021-01-06T17:09:39.165+01:00</LastChange>
        <TranskribusMetadata docId="544029" pageId="22819536" pageNr="376" tsid="50721374" status="IN_PROGRESS" userId="48123" imgUrl="https://files.transkribus.eu/Get?id=HDBXQTBZAZEPBJLRRMPLZWHI&amp;fileType=view" xmlUrl="https://files.transkribus.eu/Get?id=BPPFBUFTXYGDSHRJDWYLDVSD" imageId="17792728"/>
    </Metadata>
    <Page imageFilename="570.jpg" imageWidth="2592" imageHeight="3508">
        <ReadingOrder>
            <OrderedGroup id="ro_1619609526332" caption="Regions reading order">
                <RegionRefIndexed index="0" regionRef="r1"/>
            </OrderedGroup>
        </ReadingOrder>
        <TextRegion orientation="0.0" id="r1" custom="readingOrder {index:0;}">
            <Coords points="482,87 482,2739 1985,2739 1985,87"/>
            <TextLine id="r1l3" custom="readingOrder {index:0;}">
                <Coords points="512,212 1839,228 1974,220 1995,166 976,145 809,181 725,145 512,182"/>
                <Baseline points="522,197 595,197 668,195 741,195 814,195 887,195 960,195 1034,195 1107,195 1180,197 1253,197 1326,198 1399,198 1472,198 1546,200 1619,201 1692,201 1765,203 1838,203 1911,204 1985,204"/>
                <TextEquiv>
                    <Unicode>Aggrauabis, vt nolint eam audire. E OCVLoS eius claude</Unicode>
                </TextEquiv>
            </TextLine>
            <TextLine id="r1l4" custom="readingOrder {index:1;}">
                <Coords points="498,275 1979,280 1926,218 499,214"/>
                <Baseline points="507,263 580,261 653,261 726,261 799,261 872,261 945,261 1019,261 1092,261 1165,263 1238,263 1311,264 1384,264 1457,265 1531,266 1604,267 1677,267 1750,269 1823,269 1896,270 1970,270"/>
                <TextEquiv>
                    <Unicode>Id est. Claudes, vt eius Scripturam, vel eius Praedicatores nolint</Unicode>
                </TextEquiv>
            </TextLine>
            <TextLine id="r1l5" custom="readingOrder {index:2;}">
                <Coords points="515,341 1981,348 1909,283 515,289"/>
                <Baseline points="525,330 597,329 669,329 741,329 814,329 886,329 958,329 1031,329 1103,329 1175,330 1248,330 1320,330 1392,332 1464,332 1537,333 1609,333 1681,335 1754,335 1826,336 1898,336 1971,338"/>
                <TextEquiv>
                    <Unicode>videre. Nec mirandum, si Praelatos non stantes in gradu suo, </Unicode>
                </TextEquiv>
            </TextLine>
            <TextLine id="r1l6" custom="readingOrder {index:3;}">
                <Coords points="506,410 1987,404 1721,346 506,355"/>
                <Baseline points="516,396 589,396 662,395 735,395 808,395 881,395 954,395 1027,395 1100,395 1173,396 1246,396 1319,397 1392,398 1465,398 1538,399 1611,399 1684,399 1757,401 1830,401 1903,401 1977,399"/>
                <TextEquiv>
                    <Unicode>&amp; super speculam Domini stare negligentes, dixerimus Popu¬</Unicode>
                </TextEquiv>
            </TextLine>
            <TextLine id="r1l7" custom="readingOrder {index:4;}">
                <Coords points="506,476 1989,472 1976,433 1585,411 1416,450 1297,410 506,417"/>
                <Baseline points="516,465 589,464 662,464 735,464 808,462 882,462 955,462 1028,462 1101,464 1174,464 1248,464 1321,464 1394,465 1467,465 1540,465 1614,467 1687,467 1760,467 1833,467 1906,467 1980,467"/>
                <TextEquiv>
                    <Unicode>lum appellari in authoritate praedicta, cum dicitur Excaeca cor</Unicode>
                </TextEquiv>
            </TextLine>
            <TextLine id="r1l8" custom="readingOrder {index:5;}">
                <Coords points="506,557 1680,533 1883,569 1987,496 506,498"/>
                <Baseline points="516,531 589,530 662,530 735,528 808,528 881,528 954,528 1027,528 1100,528 1173,530 1246,530 1319,530 1392,531 1465,531 1538,531 1611,531 1684,533 1757,533 1830,533 1903,533 1977,531"/>
                <TextEquiv>
                    <Unicode>populi huius, &amp;c. merito enim dici possunt Populus Praelati prae¬</Unicode>
                </TextEquiv>
            </TextLine>
            <TextLine id="r1l9" custom="readingOrder {index:6;}">
                <Coords points="512,605 1989,604 1947,547 512,551"/>
                <Baseline points="522,597 594,597 667,596 740,596 813,596 886,596 959,596 1032,596 1105,597 1178,597 1251,597 1323,598 1396,599 1469,599 1542,599 1615,599 1688,599 1761,599 1834,599 1907,597 1980,597"/>
                <TextEquiv>
                    <Unicode>dicti tam negligentes &amp; tam ignari, propter paritatem &amp; simi¬</Unicode>
                </TextEquiv>
            </TextLine>
            <TextLine id="r1l10" custom="readingOrder {index:7;}">
                <Coords points="506,675 1908,701 1984,642 1847,605 1751,644 507,612"/>
                <Baseline points="515,665 591,663 668,663 745,663 822,663 898,663 975,663 1052,663 1129,663 1206,665 1282,665 1359,665 1436,665 1513,665 1590,666 1666,666 1743,665 1820,665 1897,665 1974,663"/>
                <TextEquiv>
                    <Unicode>litudinem ignorantiae &amp; negligentiae quam habent ad popu¬</Unicode>
                </TextEquiv>
            </TextLine>
            <TextLine id="r1l11" custom="readingOrder {index:8;}">
                <Coords points="503,739 1971,735 1949,683 662,682 618,717 503,682"/>
                <Baseline points="513,732 585,731 657,731 730,731 802,731 875,731 947,731 1020,731 1092,731 1165,731 1237,731 1309,731 1382,731 1454,732 1527,732 1599,732 1672,732 1744,732 1817,732 1889,732 1962,732"/>
                <TextEquiv>
                    <Unicode>lum, siue ad populares; quia impletur in eis illud propheti¬</Unicode>
                </TextEquiv>
            </TextLine>
            <TextLine id="r1l12" custom="readingOrder {index:9;}">
                <Coords points="510,812 1980,812 1980,763 1879,747 510,763"/>
                <Baseline points="519,795 591,795 664,795 736,797 809,797 882,797 954,797 1027,797 1099,798 1172,798 1245,798 1317,798 1390,798 1462,800 1535,800 1608,800 1680,800 1753,800 1825,800 1898,800 1971,800"/>
                <TextEquiv>
                    <Unicode>cum Oleae 4. Et erit sicut Populus, sic Sacerdos. Ecce qualiter</Unicode>
                </TextEquiv>
            </TextLine>
            <TextLine id="r1l13" custom="readingOrder {index:10;}">
                <Coords points="498,875 1981,876 1929,819 1469,807 1340,848 1288,811 498,811"/>
                <Baseline points="507,863 580,863 653,863 726,864 799,864 873,864 946,864 1019,864 1092,864 1165,864 1239,864 1312,864 1385,864 1458,864 1531,864 1605,864 1678,864 1751,864 1824,864 1897,864 1971,864"/>
                <TextEquiv>
                    <Unicode>Praelati negligentes cirea praedicta, punientur spiritualiter in</Unicode>
                </TextEquiv>
            </TextLine>
            <TextLine id="r1l14" custom="readingOrder {index:11;}">
                <Coords points="506,957 1623,941 1560,881 506,890"/>
                <Baseline points="515,921 569,924 624,926 679,929 734,930 789,932 844,932 899,932 954,932 1009,932 1064,932 1118,932 1173,932 1228,930 1283,930 1338,930 1393,930 1448,930 1503,930 1558,932 1613,933"/>
                <TextEquiv>
                    <Unicode>praesenti, poena excommunicationis spiritualis. </Unicode>
                </TextEquiv>
            </TextLine>
            <TextLine id="r1l15" custom="readingOrder {index:12;}">
                <Coords points="620,1012 1970,1013 1970,961 1829,946 620,955"/>
                <Baseline points="629,996 695,996 762,996 828,998 895,998 962,998 1028,998 1095,998 1161,998 1228,996 1295,996 1361,996 1428,996 1494,996 1561,996 1627,996 1694,996 1761,998 1827,998 1894,999 1961,999"/>
                <TextEquiv>
                    <Unicode>§. In futuro autem nihilominus spiritualiter punientur.</Unicode>
                </TextEquiv>
            </TextLine>
            <TextLine id="r1l16" custom="readingOrder {index:13;}">
                <Coords points="501,1075 1983,1068 1943,1010 501,1011"/>
                <Baseline points="510,1061 583,1061 656,1062 729,1064 802,1064 876,1064 949,1065 1022,1065 1095,1065 1168,1065 1242,1065 1315,1065 1388,1065 1461,1065 1534,1064 1608,1064 1681,1064 1754,1064 1827,1064 1900,1064 1974,1065"/>
                <TextEquiv>
                    <Unicode>Nampropter praesentem suam excaecationem spiritualem Sub¬</Unicode>
                </TextEquiv>
            </TextLine>
            <TextLine id="r1l17" custom="readingOrder {index:14;}">
                <Coords points="497,1140 1954,1148 1985,1089 497,1090"/>
                <Baseline points="507,1127 580,1128 654,1128 727,1130 801,1130 874,1130 948,1130 1021,1130 1095,1130 1168,1130 1242,1130 1315,1130 1389,1130 1462,1130 1536,1130 1609,1130 1683,1130 1756,1130 1830,1130 1903,1130 1977,1130"/>
                <TextEquiv>
                    <Unicode>diti eorum a praedictis Seductoribus seducuntur, &amp; seducti a</Unicode>
                </TextEquiv>
            </TextLine>
            <TextLine id="r1l18" custom="readingOrder {index:15;}">
                <Coords points="496,1206 1971,1211 1971,1161 1910,1146 496,1145"/>
                <Baseline points="504,1193 576,1194 649,1194 722,1196 795,1196 868,1196 941,1196 1013,1197 1086,1197 1159,1197 1232,1196 1305,1196 1378,1196 1451,1196 1523,1196 1596,1196 1669,1196 1742,1196 1815,1196 1888,1196 1961,1196"/>
                <TextEquiv>
                    <Unicode>Diabolis deuorantur; iuxta prophetiam Isa. 56. dicentis. Qu¬</Unicode>
                </TextEquiv>
            </TextLine>
            <TextLine id="r1l19" custom="readingOrder {index:16;}">
                <Coords points="493,1276 1968,1283 1981,1222 493,1226"/>
                <Baseline points="503,1262 576,1262 649,1262 723,1262 796,1262 870,1262 943,1262 1016,1262 1090,1262 1163,1262 1237,1262 1310,1262 1383,1262 1457,1262 1530,1262 1604,1262 1677,1262 1750,1262 1824,1262 1897,1262 1971,1262"/>
                <TextEquiv>
                    <Unicode>NES bestiae agri. Id est Diaboli. VENITE (d est venietis) </Unicode>
                </TextEquiv>
            </TextLine>
            <TextLine id="r1l20" custom="readingOrder {index:17;}">
                <Coords points="496,1341 1877,1351 1971,1295 496,1298"/>
                <Baseline points="506,1326 578,1326 651,1328 724,1328 797,1328 869,1328 942,1328 1015,1328 1088,1328 1160,1329 1233,1329 1306,1329 1379,1329 1451,1329 1524,1329 1597,1328 1670,1328 1742,1328 1815,1328 1888,1328 1961,1326"/>
                <TextEquiv>
                    <Unicode>ad deuorandum, scilicet populum seductum. Et cautam subiun¬</Unicode>
                </TextEquiv>
            </TextLine>
            <TextLine id="r1l21" custom="readingOrder {index:18;}">
                <Coords points="493,1427 1861,1421 1989,1362 493,1362"/>
                <Baseline points="503,1392 576,1392 650,1392 724,1392 798,1392 872,1392 945,1392 1019,1392 1093,1392 1167,1392 1241,1394 1314,1394 1388,1394 1462,1394 1536,1394 1610,1394 1683,1394 1757,1395 1831,1395 1905,1395 1979,1395"/>
                <TextEquiv>
                    <Unicode>git dicens. Speculatores enim eius. Id est Praelati, siue Pastores</Unicode>
                </TextEquiv>
            </TextLine>
            <TextLine id="r1l22" custom="readingOrder {index:19;}">
                <Coords points="494,1469 1773,1491 1952,1483 1984,1427 494,1434"/>
                <Baseline points="503,1457 576,1457 650,1457 723,1457 797,1457 870,1457 944,1457 1017,1457 1091,1458 1164,1458 1238,1458 1312,1458 1385,1458 1459,1460 1532,1460 1606,1460 1679,1460 1753,1460 1826,1458 1900,1458 1974,1457"/>
                <TextEquiv>
                    <Unicode>eius. CAECI omnes, Peccata vero Subditorum propter Prae¬</Unicode>
                </TextEquiv>
            </TextLine>
            <TextLine id="r1l23" custom="readingOrder {index:20;}">
                <Coords points="496,1534 1971,1540 1971,1503 1565,1474 496,1480"/>
                <Baseline points="506,1524 578,1523 651,1523 724,1523 797,1523 870,1521 942,1521 1015,1523 1088,1523 1161,1523 1234,1523 1306,1523 1379,1524 1452,1524 1525,1524 1598,1524 1670,1526 1743,1526 1816,1526 1889,1526 1962,1526"/>
                <TextEquiv>
                    <Unicode>latorum excaecationem vel negligentiam seductorum, requi¬</Unicode>
                </TextEquiv>
            </TextLine>
            <TextLine id="r1l24" custom="readingOrder {index:21;}">
                <Coords points="499,1604 1536,1580 1649,1629 1974,1602 1974,1552 499,1554"/>
                <Baseline points="507,1589 579,1589 652,1588 725,1587 798,1587 871,1587 944,1587 1016,1587 1089,1587 1162,1589 1235,1589 1308,1589 1381,1589 1454,1590 1526,1590 1599,1590 1672,1590 1745,1592 1818,1592 1891,1592 1964,1592"/>
                <TextEquiv>
                    <Unicode>rentur de manibus ipsorum Exechiel. 39. Sanguinem eius de</Unicode>
                </TextEquiv>
            </TextLine>
            <TextLine id="r1l25" custom="readingOrder {index:22;}">
                <Coords points="491,1675 1968,1668 1968,1627 1863,1610 491,1625"/>
                <Baseline points="501,1656 573,1656 646,1655 719,1654 792,1653 865,1653 938,1653 1011,1653 1084,1653 1157,1653 1230,1653 1302,1653 1375,1653 1448,1655 1521,1655 1594,1655 1667,1655 1740,1656 1813,1656 1886,1656 1959,1656"/>
                <TextEquiv>
                    <Unicode>manu tua requiram. Sic ergo punientur spiritualiter negligen¬</Unicode>
                </TextEquiv>
            </TextLine>
            <TextLine id="r1l26" custom="readingOrder {index:23;}">
                <Coords points="495,1740 1591,1732 1566,1691 1446,1673 1263,1668 1185,1707 1076,1673 764,1707 672,1674 495,1687"/>
                <Baseline points="504,1719 560,1721 617,1721 674,1721 731,1721 787,1721 844,1721 901,1721 958,1721 1015,1719 1071,1719 1128,1719 1185,1719 1242,1719 1299,1719 1355,1719 1412,1719 1469,1721 1526,1721 1583,1722"/>
                <TextEquiv>
                    <Unicode>tes Praelati, tam in praesenti, quam in futuro. </Unicode>
                </TextEquiv>
            </TextLine>
            <TextLine id="r1l27" custom="readingOrder {index:24;}">
                <Coords points="602,1804 1964,1798 1942,1739 602,1747"/>
                <Baseline points="612,1790 679,1788 746,1787 813,1787 880,1785 948,1785 1015,1785 1082,1785 1149,1785 1216,1785 1284,1785 1351,1787 1418,1787 1485,1787 1552,1787 1620,1787 1687,1787 1754,1787 1821,1787 1888,1786 1956,1785"/>
                <TextEquiv>
                    <Unicode>§. Punientur nihilominus propter negligentiam supradi¬</Unicode>
                </TextEquiv>
            </TextLine>
            <TextLine id="r1l28" custom="readingOrder {index:25;}">
                <Coords points="499,1867 1967,1866 1928,1802 1470,1803 1428,1840 499,1805"/>
                <Baseline points="509,1853 581,1853 653,1851 726,1851 798,1851 871,1851 943,1851 1016,1851 1088,1851 1161,1851 1233,1853 1305,1853 1378,1853 1450,1853 1523,1853 1595,1853 1668,1854 1740,1854 1813,1853 1885,1853 1958,1853"/>
                <TextEquiv>
                    <Unicode>ctam, etiam poena temporali damni. Cum enim spiritualis</Unicode>
                </TextEquiv>
            </TextLine>
            <TextLine id="r1l29" custom="readingOrder {index:26;}">
                <Coords points="493,1948 1968,1940 1944,1891 1747,1866 1580,1907 1468,1866 493,1889"/>
                <Baseline points="503,1919 575,1919 648,1919 721,1919 794,1919 866,1919 939,1919 1012,1919 1085,1919 1157,1919 1230,1919 1303,1919 1376,1919 1448,1920 1521,1920 1594,1920 1667,1920 1739,1920 1812,1920 1885,1920 1958,1920"/>
                <TextEquiv>
                    <Unicode>potestas Ecclesiae (quae in praedicationibus, confessionibus, </Unicode>
                </TextEquiv>
            </TextLine>
            <TextLine id="r1l30" custom="readingOrder {index:27;}">
                <Coords points="502,1995 1972,2001 1972,1944 1911,1938 503,1955"/>
                <Baseline points="512,1986 584,1986 657,1985 729,1985 802,1983 874,1983 947,1983 1019,1983 1092,1983 1164,1985 1237,1985 1309,1985 1382,1985 1454,1985 1527,1986 1599,1986 1672,1986 1744,1988 1817,1988 1889,1988 1962,1988"/>
                <TextEquiv>
                    <Unicode>ocenitentiis, &amp; aliis officus Ecclesiasticis maxime consistit </Unicode>
                </TextEquiv>
            </TextLine>
            <TextLine id="r1l31" custom="readingOrder {index:28;}">
                <Coords points="482,2070 1481,2049 1630,2084 1974,2068 1974,2016 482,2025"/>
                <Baseline points="492,2052 565,2051 639,2051 712,2051 786,2051 860,2051 933,2051 1007,2051 1081,2049 1154,2049 1228,2049 1302,2049 1375,2049 1449,2049 1523,2049 1596,2051 1670,2051 1744,2051 1817,2051 1891,2052 1965,2052"/>
                <TextEquiv>
                    <Unicode>ipsis Praelatis paulatim aut pedetentim subrepta extiterit a</Unicode>
                </TextEquiv>
            </TextLine>
            <TextLine id="r1l32" custom="readingOrder {index:29;}">
                <Coords points="489,2133 1965,2127 1965,2084 1893,2066 489,2074"/>
                <Baseline points="498,2118 570,2118 643,2117 716,2117 789,2117 862,2117 935,2115 1008,2115 1081,2117 1154,2117 1227,2117 1299,2117 1372,2117 1445,2117 1518,2117 1591,2118 1664,2118 1737,2118 1810,2118 1883,2118 1956,2118"/>
                <TextEquiv>
                    <Unicode>Pseudo-Praedicatoribus &amp; Penetrantibus domos, qui caute il¬</Unicode>
                </TextEquiv>
            </TextLine>
            <TextLine id="r1l33" custom="readingOrder {index:30;}">
                <Coords points="486,2197 1974,2202 1974,2152 1849,2137 1736,2171 1446,2130 1180,2165 486,2138"/>
                <Baseline points="495,2187 568,2187 642,2186 715,2186 789,2186 862,2184 936,2184 1009,2184 1083,2184 1156,2184 1230,2184 1303,2184 1377,2184 1450,2184 1524,2184 1597,2184 1671,2186 1744,2186 1818,2186 1891,2186 1965,2186"/>
                <TextEquiv>
                    <Unicode>lam sibi arrogant potestatem, iuxta illud 13. §. I. §. I. Frustatim</Unicode>
                </TextEquiv>
            </TextLine>
            <TextLine id="r1l34" custom="readingOrder {index:31;}">
                <Coords points="491,2268 1974,2262 1973,2216 1741,2202 491,2209"/>
                <Baseline points="501,2253 574,2252 647,2252 720,2252 793,2252 867,2252 940,2252 1013,2252 1086,2252 1159,2252 1233,2252 1306,2252 1379,2252 1452,2252 1525,2252 1599,2250 1672,2250 1745,2250 1818,2249 1891,2249 1965,2247"/>
                <TextEquiv>
                    <Unicode>Lupus comedit Agnum; verisimile est, quod iurisdictio caetero¬</Unicode>
                </TextEquiv>
            </TextLine>
            <TextLine id="r1l35" custom="readingOrder {index:32;}">
                <Coords points="481,2331 1975,2331 1846,2265 481,2285"/>
                <Baseline points="491,2318 564,2318 638,2318 712,2318 785,2318 859,2318 933,2318 1006,2318 1080,2318 1154,2318 1228,2318 1301,2318 1375,2318 1449,2318 1522,2318 1596,2318 1670,2316 1743,2316 1817,2316 1891,2316 1965,2316"/>
                <TextEquiv>
                    <Unicode>rum, nece¬non &amp; posfessio bonorum Ecclesiae temporalium, </Unicode>
                </TextEquiv>
            </TextLine>
            <TextLine id="r1l36" custom="readingOrder {index:33;}">
                <Coords points="484,2396 1962,2397 1962,2343 484,2352"/>
                <Baseline points="492,2385 565,2385 638,2385 711,2385 784,2385 857,2385 930,2385 1003,2385 1076,2385 1149,2385 1222,2385 1295,2385 1368,2385 1441,2385 1514,2385 1587,2385 1660,2384 1733,2384 1806,2384 1879,2384 1953,2384"/>
                <TextEquiv>
                    <Unicode>apud ipsos Praelatos non diutius remanebunt; cum illis solis</Unicode>
                </TextEquiv>
            </TextLine>
            <TextLine id="r1l37" custom="readingOrder {index:34;}">
                <Coords points="485,2466 1974,2451 1931,2395 1333,2437 485,2407"/>
                <Baseline points="495,2453 568,2453 642,2453 715,2453 789,2453 862,2453 936,2453 1009,2453 1083,2453 1156,2453 1230,2453 1303,2453 1377,2453 1450,2453 1524,2453 1597,2453 1671,2453 1744,2451 1818,2451 1891,2450 1965,2450"/>
                <TextEquiv>
                    <Unicode>debeantur Ecclesiae bona carnalia, qui spiritualia bona mini¬</Unicode>
                </TextEquiv>
            </TextLine>
            <TextLine id="r1l38" custom="readingOrder {index:35;}">
                <Coords points="482,2532 1971,2524 1952,2484 1614,2466 482,2479"/>
                <Baseline points="492,2520 565,2520 639,2520 712,2520 786,2520 859,2520 933,2520 1006,2520 1080,2520 1153,2520 1227,2520 1300,2520 1374,2520 1447,2520 1521,2520 1594,2520 1668,2519 1741,2519 1815,2517 1888,2517 1962,2516"/>
                <TextEquiv>
                    <Unicode>strant; iuxta illud i. Corinth. 9. Nescitis, quoniam qui in Sacra¬</Unicode>
                </TextEquiv>
            </TextLine>
            <TextLine id="r1l39" custom="readingOrder {index:36;}">
                <Coords points="477,2596 1827,2591 1880,2626 1971,2589 1902,2530 477,2555"/>
                <Baseline points="486,2588 559,2586 633,2585 707,2585 781,2585 855,2585 928,2585 1002,2585 1076,2586 1150,2586 1224,2586 1297,2586 1371,2586 1445,2588 1519,2588 1593,2588 1666,2586 1740,2586 1814,2586 1888,2585 1962,2583"/>
                <TextEquiv>
                    <Unicode>rio operantur, quae de Sacrario sunt edunt? &amp; qui Altari deser¬</Unicode>
                </TextEquiv>
            </TextLine>
            <TextLine id="r1l40" custom="readingOrder {index:37;}">
                <Coords points="472,2665 879,2659 912,2691 954,2659 1034,2660 1056,2682 1193,2669 1181,2610 913,2622 795,2603 753,2638 685,2618 472,2627"/>
                <Baseline points="482,2654 517,2654 552,2654 587,2654 622,2654 657,2654 692,2654 727,2654 762,2652 797,2652 833,2652 868,2652 903,2651 938,2651 973,2651 1008,2651 1043,2651 1078,2651 1113,2651 1148,2652 1184,2652"/>
                <TextEquiv>
                    <Unicode>uiunt, cum Altari participant? </Unicode>
                </TextEquiv>
            </TextLine>
            <TextLine id="r1l41" custom="readingOrder {index:38;}">
                <Coords points="558,2739 846,2730 887,2770 929,2732 1986,2723 1961,2666 558,2688"/>
                <Baseline points="567,2721 637,2721 707,2721 778,2721 848,2721 919,2721 989,2721 1060,2721 1130,2721 1201,2721 1271,2721 1341,2723 1412,2723 1482,2723 1553,2722 1623,2721 1694,2721 1764,2720 1835,2720 1905,2718 1976,2717"/>
                <TextEquiv>
                    <Unicode>§. Caueant igitur Praelati Ecclesiae, si iibi &amp; Subditis suis</Unicode>
                </TextEquiv>
            </TextLine>
            <TextEquiv>
                <Unicode>Aggrauabis, vt nolint eam audire. E OCVLoS eius claude
Id est. Claudes, vt eius Scripturam, vel eius Praedicatores nolint
videre. Nec mirandum, si Praelatos non stantes in gradu suo, 
&amp; super speculam Domini stare negligentes, dixerimus Popu¬
lum appellari in authoritate praedicta, cum dicitur Excaeca cor
populi huius, &amp;c. merito enim dici possunt Populus Praelati prae¬
dicti tam negligentes &amp; tam ignari, propter paritatem &amp; simi¬
litudinem ignorantiae &amp; negligentiae quam habent ad popu¬
lum, siue ad populares; quia impletur in eis illud propheti¬
cum Oleae 4. Et erit sicut Populus, sic Sacerdos. Ecce qualiter
Praelati negligentes cirea praedicta, punientur spiritualiter in
praesenti, poena excommunicationis spiritualis. 
§. In futuro autem nihilominus spiritualiter punientur.
Nampropter praesentem suam excaecationem spiritualem Sub¬
diti eorum a praedictis Seductoribus seducuntur, &amp; seducti a
Diabolis deuorantur; iuxta prophetiam Isa. 56. dicentis. Qu¬
NES bestiae agri. Id est Diaboli. VENITE (d est venietis) 
ad deuorandum, scilicet populum seductum. Et cautam subiun¬
git dicens. Speculatores enim eius. Id est Praelati, siue Pastores
eius. CAECI omnes, Peccata vero Subditorum propter Prae¬
latorum excaecationem vel negligentiam seductorum, requi¬
rentur de manibus ipsorum Exechiel. 39. Sanguinem eius de
manu tua requiram. Sic ergo punientur spiritualiter negligen¬
tes Praelati, tam in praesenti, quam in futuro. 
§. Punientur nihilominus propter negligentiam supradi¬
ctam, etiam poena temporali damni. Cum enim spiritualis
potestas Ecclesiae (quae in praedicationibus, confessionibus, 
ocenitentiis, &amp; aliis officus Ecclesiasticis maxime consistit 
ipsis Praelatis paulatim aut pedetentim subrepta extiterit a
Pseudo-Praedicatoribus &amp; Penetrantibus domos, qui caute il¬
lam sibi arrogant potestatem, iuxta illud 13. §. I. §. I. Frustatim
Lupus comedit Agnum; verisimile est, quod iurisdictio caetero¬
rum, nece¬non &amp; posfessio bonorum Ecclesiae temporalium, 
apud ipsos Praelatos non diutius remanebunt; cum illis solis
debeantur Ecclesiae bona carnalia, qui spiritualia bona mini¬
strant; iuxta illud i. Corinth. 9. Nescitis, quoniam qui in Sacra¬
rio operantur, quae de Sacrario sunt edunt? &amp; qui Altari deser¬
uiunt, cum Altari participant? 
§. Caueant igitur Praelati Ecclesiae, si iibi &amp; Subditis suis</Unicode>
            </TextEquiv>
        </TextRegion>
    </Page>
</PcGts>
