2063 3413
189 189 973 242 iter theatrum operum Dei imumerorum & admirandorum, quae
183 233 962 278 ips. inde ab initio fecit in mundo & maxime in Ecclesia sua, in¬
189 265 944 314 quibus operibus lucet gloria, sapientia, voluntas, bonitas, miseri¬
184 300 949 342 cordia, justitia, potentia ac providentia Dei curaque ejus non tan¬
189 328 950 374 cum communis pro universo mundo, sed etiam specialis
193 364 949 403 pro Ecclesia Dei & singulis adelibus. Unde sacra historia docet o¬
180 401 946 441 rigines rerum omnium atque inprimis Ecclesiae, ejusque guberna
189 429 958 474 tionem divinam, statum variu, progressum seu continuationem,
181 461 943 506 mutationes & causas mutationum; sive doctrinam sive discipl
180 501 976 538 nam spectes: ac proinde enumerat Doctores Ecclesiae, certami¬
181 533 962 573 na, persequutiones seu afnictiones quas sustinuit ab hostibus in¬
181 565 955 606 ternis & externis, ab haereticis & schismaticis, pseudoprophetis &
181 594 956 638 seductoribus & a tyrannis: proponit ante oculos liberationes di¬
192 628 959 672 vinas a persequutoribus & hostibus & aliis periculis, judicia quae
186 662 963 702 Deus exercuit in hoc mundo, & signa temporum, inter quae sunt
190 692 956 735 signa praenuncia finis mundi & adventus Christi ad judicium uni¬
193 727 956 762 versale vivorum & mortuorum. Atque hic procipuus finis est hi¬
193 757 965 802 storiae sacrae, quem ante omnia considerate nos decet, quum & ob
190 790 856 836 illum homines creati & in mundo a Deo collocati simus
219 829 950 867 Deinde historia sacra docet, qui status fuerit negotiorum humae
183 853 964 898 no:um, quot & quae formae Rerumpublicarum fuerint, quae causae
184 893 956 932 felicitatis vel infelicitatis earum: quae sint officia gubernatorum.
192 926 950 969 quae subditorum, atque adeo singulorum statuum: quae res non tam¬
196 961 958 994 tum homines singulos sive Reges, Principes & in Magistratu con¬
187 992 964 1034 stitutos, sive privatos: Sed etiam Respublicas, regna, Principatus,
192 1018 869 1067 civitates & communiter inundum conservent vel perdan¬
220 1052 968 1091 Eadem historia sacra est speculum virtutum & peccatorum vi¬
195 1083 959 1129 tiorumve: Ut & praemiorum quibus virtutes & poenatum, quibus
195 1119 931 1169 peccata seu vitia afficiuntur a Deo sive mediate sive immediate
286 1159 865 1211 De usu Sacrae Scripturae ad redargutionem
223 1214 962 1261 Ex quolibet dicto Scripturae thesis negans colligi potest, ut re¬
196 1247 959 1290 furetur error sive Judaeorum, sive Ethnicorum, sive Papistarum, si¬
199 1285 964 1322 ve aliorum haereticorum: Ut Psal. 5112. dicitur, Cor mundum crea in
196 1313 958 1354 me Deus. Hinc iλεγχος seu thesis εaεγκτικη: Mundities cordis ad
192 1346 971 1386 in summa virtus moralis non comparatur nostris actionibsut gra¬
195 1388 961 1422 viter errent Gentiles Philosophi, ju docini, virtutem actionibsno¬
195 1413 964 1452 stris comparati. Nam quod sancti in se creari a Deo petunt, profe¬
196 1447 968 1485 cto actionibus suis comparate nequeum: At munditiem cordis ac
205 1480 986 1527 proinde virtutem moralem sancti in se creari a Deo petunt. Illam
211 1521 707 1562 gitur actionibus suis comparate nequeunt.
229 1541 968 1585 Psal. 63. 9. dicitur, Adhaeret anima mea tibi. Hinc ἔλεγχος: Nul¬
201 1578 962 1617 lus per Spiritum Srenatus potest unquam penitus a Deo deficere
192 1612 968 1649 Errant proinde qui contendunt, eos posse penitus fidem amittere
205 1646 463 1695 & gratia Dei excidere.
237 1676 968 1716 Deinde iλεγχος etiam hoc pacto colligi potest, si ex didascalis
196 1711 977 1751 universali quam Scriptura suppeditat, deducatur vel conversione
207 1746 971 1782 per contrapositionem, ut, Quicunque credunt in Jesum Chr stum, ha¬
199 1785 965 1818 beut vitam aeternam. Ergo quuunque non habent vitam aeternam, non cre¬
196 1810 990 1850 dunt in Jesum Christum, nec unquam in eum crediderunt: Vel consecu¬
199 1843 980 1881 tione enuntiationum absque conversionejut, Quicunque credunt in Je¬
192 1884 979 1926 sum Christum habent vitam aternam; Ergo quicunque non credunt in Je¬
199 1915 674 1949 sum Christum, non habent vitam aeternam.
237 1941 977 1981 Non est satis accommodari Scripturam ad confirmationem
195 1973 964 2013 verorum dogmatum & confutationem falsorum; sed necesse est
213 2007 976 2050 tandem applicari ad correctionem morum & institutionem in
202 2041 288 2083 justitia.
225 2068 967 2115 De usu Scripturae ωρος ἐπανορθυσιν seu ad correctionem morum
220 2105 962 2145 Crrectio morum est reprehensio peccatorum quibus dediti sumus
208 2139 976 2173 ut illa a cordibus nostris eradicentur & profligentur, ut odium &
213 2170 980 2211 vitandi illa studium in nobis plantetur & crescat. Evangelicorum
201 2198 965 2246 conciones plurimum distant a Pontificiorum concionibus Evange
207 2237 973 2276 lici hoc agunt, ut odium scelerum in auditorum animis plantent
208 2274 970 2309 Pontificii vero istud agunt, ut capitale odium Christianorum quo-
207 2302 973 2339 ipsi haereticos vocant in auditorum suorum cordibus accendant.
208 2334 977 2368 & ad crudelitatem atque caedes incitent. Id superiore seculo Gallia
204 2366 973 2412 docuit: Reformati imagines lapideas & ligneas destruebant, Papi¬
214 2402 556 2448 stae autem vivas imagines Dei,
228 2433 967 2477 Correctio ergo instituitur cum peccata quae a nobis committu
202 2469 999 2508 tur, aut bona quae a nobis contra officium omittuntur, comme¬
205 2504 327 2545 morantur.
243 2532 982 2577 Quidquid in Scriptura legimus, quicquid intuemur, arguit no¬
214 2565 979 2606 stra peccata, inprimis Lex Dei. Cum Scriptura Dei justitiam, veri¬
207 2601 971 2642 tatem, sanctitatem, aliasque virt, ites celebrat; nos reprehendit, qui
213 2633 977 2679 ad imagine Dei conditi, a Deo quam longissime discessimus. Lon¬
217 2662 983 2703 giusa Deo absumus, quam a terrae profundissimo centro coeli di¬
216 2698 973 2737 stat summitas. Ideo cum Scriptura Deum justum praedicat, nostr.
207 2733 979 2776 injustitiam damnat, nullam in nobis inveniri justitiae guttam ex¬
217 2766 308 2804 probrat
232 2793 973 2836 Cum pios Scriptura commemorat, eorumque fidem & bona ope¬
207 2826 989 2866 ra praedicat, nos arguit. Cum bona quae vel in sanctis sunt, vel sanctis
219 2859 989 2898 siunt comemorantur: mala quae vel in nobis sunt vel a nobis fiunt
217 2892 980 2937 reprehenduntur. Dum aliorum laudes & beatitudines praedicantur.
223 2930 986 2967 nostra nobis vitia exprobrantur. Cum sancti Spiritu Dei in sacris
214 2961 993 2997 literis celebrantur, nos reprehendimur, qui illos non imitamur in
216 2994 980 3033 fide & operibus bonis. Primus Psal. nobis opprobrat, quod in con¬
208 3031 974 3066 silio improborum ambulemus, quod in via peccatorum stemus,
214 3058 982 3096 in sede derisorum sedeamus, quod Legem Jehovae non meditemu.
213 3095 986 3137 dies ac noctes, &c. Non offerimus cum Abele sacrificium Deo acce¬
220 3124 976 3173 ptum, non invocamus cum Enoscho nomen Jehovae: non ambula
223 3163 989 3200 mus cum Henocho indesinenter secundum Deum: non sumus ju¬
214 3195 992 3245 sti cum Noacho coram Deo: non est in nobis fides & obedientia
1011 187 1789 231 Abraliami, non patientia Isaaci non lenitas Jacobi, non continen¬
1011 227 1784 266 tia & placabilitas Josephi, non modestia, mansuetudo & sideliras
1015 261 1790 298 Mosis, non zelus Phineae: non est in nobis humilitas & mansuetudo
1021 293 1514 331 Christi, quem imitari maxime debebamus
1038 322 1787 362 Cum quis in sacris literis vituperatur, cum peccata ejus recitan¬
1011 365 1778 398 tur; nos redarguimur: nos cum Eva aute serpenti illi antiquo prae¬
1022 395 1777 432 bemus, cum seductoribus morem gerimus: nos cum Adamo alie.
1014 432 1781 477 nis suggestionibus obsequimur & non verbo Dei. Quam multi cu¬
1030 463 1791 501 caijno fratribus invident, eos odio habent, odio occidunt: cum Ba¬
1015 496 1790 530 byloniis turrim Babylonicam aedificant & gloriam nominis affe¬
1017 527 1790 569 ctant: cum Israelitis Deum in deserto tentant: cum Saule Davide
1018 561 1781 602 persequuntur cum Davide adulterium, cum eodem homicidium
1015 595 1784 632 committunt: cum Salomone idololatria perpetrant: cum Ezechia
1020 624 1790 674 elatione animi peccant: cum Judaeis Barrabani dimitti & Chri¬
1018 658 1307 701 stum crucifigi petunt: &c.
1038 686 1786 731 Cum Deus de Israelitis conqueritur, de nobis illum conqueri co¬
1014 726 1783 766 gitemus & persuasi simus. Cum mandata Dei explicantur, ad usum
1011 757 1787 794 correctionis sic accommodantur, quum vita nostram & quae com¬
1023 793 1790 830 mittimus vel omittimus ad mandata illa exigimus, quod sit cum
1012 826 1793 862 consideratis illis quae Deus praecipit & prohibet, illis opponimus
1026 857 1792 899 quae a nobis contra mandata illa cogitantur, dicuntur, fiunt, o¬
1027 888 1143 927 nittuntur:
1053 904 1783 962 Ex precationibus sanctorum colligimus varias correctiones: Pra¬
1021 956 1783 990 mo, nos precibus ad Deum non tam sedulo vacare, ut fecerunt san¬
1026 985 1795 1034 cti nos ad Deum in rebus adversis fide & precibus non confugere,
1023 1017 1270 1060 ut sancti fecerunt, &c.
1047 1045 1784 1090 Secundo, nos parvifacere & negligere bona illa quae sancti om¬
1026 1083 1787 1122 nibus aliis praetulerunt, quorum desiderio maxime flagratunt: ut
1017 1116 1792 1155 Ps. 119. v. 135. orat Davida Dote mestatura tua, & passim hac precatio¬
1020 1155 1793 1190 nem repetit. Unde colligimus coelestem doctrinam bonis terrenis.
1019 1190 1787 1230 omnibs ab eo praeferri. Sed quod tantopere expetit Propheta, fert
1026 1219 1780 1257 ab omnibs negligitur. Si qui autum punguntur hoc desidero, sta
1032 1249 1795 1288 cim eos ad mundi illecebras videmus relabi, ut paucissimi postha¬
1026 1281 1795 1322 bitis aliis omnibs votis, serio cum Davide ad Legis doctrinam ad¬
1035 1313 1784 1358 pirent. Quantus autem mundi furor est in contemnenda & re¬
1032 1345 1328 1388 puenda coelesti doctrina:
1041 1368 1795 1425 Ex oppositione contratiorum frequens correctio petitur: ut si re¬
1035 1413 1790 1454 ste facimus quod valetudinem corporis curamus: peccant igitur
1038 1452 1792 1490 qui sanitatem animi negligunt. Si oculorum corporis ratio haben¬
1035 1483 1790 1519 da: tum profecto peccant, qui ut oculis animi videant, non curant
1030 1513 1792 1554 Querimur de morbis corporis: at merito reprehendendi sua
1031 1552 1796 1595 mus, quod non potius queramur de morbis animi. Conque¬
1029 1583 1790 1619 runtur quidam decaecitate corporis: at caecitatem animi pro
1027 1612 1789 1649 re levicula habent. Conqueruntur de vulneribus & cruciatibus cor
1030 1652 1790 1693 poris; at vulnera & cruciatus conscientiae non agnoscunt. Conque
1039 1685 1801 1718 cuntur de paupertate externa, at paupertate internam non agno¬
1023 1713 1789 1750 scunt: numerant annos & dies morborum & calamitatum quas sua
1038 1741 1798 1786 stinent;at negligunt numerare annos quibus continue Dei bene¬
1038 1773 1796 1826 iciis frui ipsis natum fuit, & quibus Deum ad iram provoca¬
1030 1813 1085 1850 runt,
1065 1829 1792 1883 Porro cum nulla remagis offendantur plurimi auditores, etij
1026 1869 1801 1915 illi qui veram religionem amplectuntur, quam cum libere pecca¬
1032 1915 1792 1946 ta ipsorum in concionibus aut alias reprehenduntur: quia genera
1023 1942 1808 1984 lem vitiorum reprehensionem, in suam referunt contumeniam, &
1042 1981 1796 2023 quia plerique Christum sequi ita volunt, ut interim voluptates ipso¬
1033 2010 1804 2046 rum non interturbentur: ideo ad mitigandam reprehensionum a¬
1038 2039 1798 2082 cerbitatem utendum erit vel voto seu precatione ad Deum, in hunc
1028 2077 1798 2124 aut similem modum; Det propitius Deus, ut agnoscamus, nos in isti
1042 2101 1327 2146 vel ista graviter peccare &c.
1059 2125 1802 2178 Vel prosopopoeia qua vel Deus ipse vel Propheta vel Apostolus
1029 2173 1807 2212 aliquis introducatur peccata grassantia reprehendens, sive id fiat,
1030 2199 1805 2248 locis Scripturae, cujusmodi multa exstant in utroque Testamento,
1034 2234 1790 2282 sive verbis cum Scr.8. consentientibus Ita passim Prophetae Deum:;
1042 2265 1787 2310 psum introducunt peccata omnium ordinum reprehendentem.
1068 2299 1806 2346 Vel ανακοινώσει, hoc est, communicatione, qua auditores inter¬
1033 2334 1795 2378 rogentur, annon ipsimet fateri cogantur, peccata talia vel talia pas¬
1028 2365 1808 2410 sim invalescere? annon fateri cogantur, esse minstrorum verbi Dei
1038 2402 1609 2438 officium ut illa publice privatimque reprehendant
1074 2423 1799 2474 Vel ωρολ ηψει seu occupatione, quam vel reprehensioni via ster¬
1030 2468 1814 2508 namus vel factam mitigemus, ostendentes, nos peccata ista vel ista
1045 2499 1811 2535 accusare non exagitandi quemquam, sed corrigendi studio; nula
1040 2529 1804 2580 lius odio sed amore omnium & studio cripiendi peccantes ab exi¬
1038 2568 1801 2604 tio ad quod tendunt. Exemplum praeclarum est in homilia terti¬
1045 2599 1813 2632 Chrysostomi in Acta Apostolica: ogita quid acciderit Simoni. Quid e¬
1039 2633 1806 2675 nimrifert si non das pecuniam, sed pecuniae loco adularis, subornas, mul¬
1030 2667 1805 2706 taque machinaris. Pecunia tua sit ticum in perditienem, ad illum dictum
1037 2700 1807 2743 est; Et his dicetur; Ambitio tua sit tecum in perditiorum, quoniam puta¬
1041 2727 1816 2770 sti ambitu humano parari donum Dei. Verum nullus fortassis est talis.
1044 2759 1811 2810 Utinam non si Cupio siquidem nihil horum ad vos pertinere quae loquor
1041 2797 1811 2837 Sed interim ipse sermonis tenor inharum mentionem me deduxit. Neque et
1041 2830 1814 2875 nim quoties loquimur adversus avaritiam, adversus vos loquimur, im¬
1041 2862 1810 2902 nec prorsus adversas ullum. Utinam contingnt ut remedia frustra sint.
1040 2898 1811 2943 nobis parata. Talia sunt medicorum vota, nihil alind postulantium, ni¬
1038 2932 1827 2975 ut post multum laboris insumtum prorsus abjiciantur pharmaca Idem&
1051 2965 1829 3009 nos optamus ut nostra verba prorsus in aerem dicantur, & verba tantum
1050 2993 1832 3045 sint. Equidem omnia prompte sustinuero, ut non sit opus haec dicere. Quiam
1050 3028 1826 3074 si valiis tacebimus, tantum ut silentium careat periculo. Nec enim a bi.
1044 3066 1832 3112 tror quenquam, quam vis admodum gloriae sitientem, nisi vocet recessi¬
1044 3094 1831 3141 tas. velle prorsus Episcopum designari, Concedemus vobis doctrinam,
1050 3122 1832 3180 Nam haec major est doctrina, quae docet ipsis factis. Quandoquidem
1059 3157 1837 3202 & medici sunt optimi, qui tametsi morbus nero :atium adfert i¬
1051 3198 1838 3248 psis mercedem, cuperent tamen sues amicos ait prospera vales adine.
