2063 3515
237 179 1034 243 nominabatur Barsabas, & Silam viros primarios inter fratres: Istis pe¬
241 221 1047 273 torum manum scriptis: Apostoli & Presbyteri & fratres, iis qui sunt An¬
231 258 1043 310 tiochis & in Syria & in Cilicia fratribus, qui sunt ex Gentibus, salutem,
241 288 1040 341 &c. Act. 1711. Ecrocenses quotidie scrutati sunt Scripturas, an haecita se
237 325 1032 377 haherent nempe quae Paulus Apostolus docebat. In Consilio Car¬
240 358 1041 414 thaginensi, cuius praesidem Cyprianus egit, convenit cum Episcopi
244 393 1049 450 presbyteris & diaconis, plebis maxima pars, ut praefatio Concilii
237 429 1041 479 illius testatur. Ad Synodum Nicenam illam laudatissimam, quam
245 461 1035 514 Constantinus Magnus indixerat, multi etiam laici venerunt, viri do¬
247 498 1055 548 cti & eloquentes & sacrarum literarum peritia clari, teste Nicephoro
246 548 409 589 libro 8. cap. 14.
278 564 1036 626 4. Quia ipsis mandatum est, ut sibi ab omnibus seductoribus,
246 608 1033 651 Pseudoprophetis & falsis doctoribus caveant, Deut. 13. v. 3. Ne au¬
230 642 1046 694 scultato verbis Prophetae istius, aut isti somnianti somnium Matth. 7. v.
237 674 1044 721 15. Cavete vobis a Pseudoprophetis. Rom. 16. vers. 17. Precor autem vos
246 709 1046 759 fratres, ut observetis dissidiorum & offendiculorum autores contra doctri¬
246 742 1043 794 nam quam vos didicistis: & declinetis ab eis. I. Johan.4. vers. 1. 2. Dilecti,
246 776 1039 826 ne cuivis spiritui credite, sed probate spiritus an ex Deo sint: nam mult
240 811 1048 869 pseudoprophetae venerunt in mundum. Ex hoc cognoscite Dei spiritum:
242 853 1055 907 quitunque spiritus profitetur Jsum Christum in carnem venisse, ex Deo
250 880 1052 929 est 2. Johan. v. 7. & sequentibus: Nam multi impostores ingressi sunt in¬
249 919 1048 961 mundum,,qui non profitentur Iesum Christum venisse in carne. Hic ille
249 952 1043 995 est impostor & Antichristus: Respicite vosipsos, ne perdamus quae egimus.
250 991 687 1042 sed ut mercedem plenam recipiamus, &c.
283 1021 1036 1075 5. Quia sunt oves Christi quae vocem Christi nosse & audire de¬
245 1061 1040 1102 bent, non autem alienorum Johan. 10. v. 3,. 4, 5. Necesse est igitur cu¬
258 1092 1041 1136 tam ab illis adhiberi, ut vocem Christi & alienorum discernant
253 1126 1042 1178 ex Scriptura Sacra ac nequaquam autoritate humana acquiescat:
291 1163 1036 1205 6. Quia ipsorum salus aeterna agitur. Atqui ab omnibus tracta
256 1190 1058 1240 ri & approbari debet, quod omnes tangit, ait Glossa Juris Canoni¬
258 1231 707 1276 ci dist.96. ad Canonem, Ubinam legistis
300 1263 1046 1310 Ex his quae dicta sunt hactenus sequitur, quod interpretatio¬
255 1301 985 1342 Scripturae ex causis efficientibus sit duplex, divina & humaena.
285 1334 1043 1376 Interpretatio divina, est quae habet autorem Deum in Scriptura
247 1373 1040 1411 ipsa per Prophetas & Apostolos loquentem & ipsam exponen¬
256 1405 1039 1442 tem: quis enim rectius & certius sensum Dei noverit & nobis ex¬
248 1436 559 1486 posuerit, quam Deus ipse;
292 1468 1046 1513 Humana interpretatio Scripturae Sacrae, est quae habet autores ho¬
253 1508 1037 1548 mines sive singulos, veluti Origenem Ambrosium, Hieronymum, Au¬
249 1540 1058 1584 gustinum, &c. sive plures simul, utpote in Conciliis congregatos &
250 1574 1036 1614 Scripturae interpretationem tradentes in symbolis vel Confessio¬
249 1609 1033 1649 nibus fidei vel aliis expositionibus. Nominatur etiam interpreta¬
249 1642 1037 1683 tio seu expositio Ecclesiastica: & pertinent ad eam tum commenta¬
253 1674 1038 1717 rii in literas sacras, tum omnes alii libri qui de religione tractant
260 1710 898 1748 post Prophetas & Apostolos a quocunque conscripti¬
291 1741 1038 1785 Humana interpretatio Scripturae Sacrae est duplex, alia publica
244 1774 395 1825 alia privata.
280 1804 1034 1852 Publita, est quae publico & communi Ecclesiae consilio, volum
255 1845 548 1891 tate & nomine est scripta
284 1871 749 1929 Estque duplex: Catholica vel particularis
279 1917 1031 1953 Catholica seu universalis, est quae totius Christianae & orthodo¬
247 1949 1033 1991 xae Ecclesiae, per uniuersum terrarum orbem sparsae, consensu, ju¬
246 1981 1038 2026 dicio & nomine scripta & promulgata, recepta & approbata est:
250 2017 1032 2056 qualis est in symbolis & confessionibus idei Catholicis a Syno¬
240 2051 1026 2095 dis Oecumenicis traditis vel approbatis, nimirum Symbolo Apo¬
243 2083 872 2123 stolico, Niceno, Athanasiano, Ephesino, Chalcedonensi &c.
273 2117 1019 2161 Particularis, est quae a particularibus duntaxat Ecclesiis, siu
244 2152 1028 2192 una, sive pluribus est edita: qualis est in confessione Augustana,
231 2190 1031 2232 Helvetica, B. hemica, Gallica, Anglica, Basiliensi, in articulis Schmal¬
237 2226 645 2270 caldicis, in Cateh sibus Ecclesiarum.
273 2249 1022 2293 Privata inter pretatio Scripturae Sacrae, est quae privato unius ve¬
243 2292 1019 2328 plurium consilio, voluntate & nomine facta seu scripta est: quali
240 2325 1018 2370 est Ambrosii, Aujust ni, Gregorii Magni, Martini Lutheri, Philipti
237 2359 1019 2397 Melanchi honis, Johannis Oecolampadii, Johannis Caluvini Petri Mar
229 2395 1024 2442 tyris, Theodovi Bexs, &c. Huc referri debent fidei confessiones pri¬
241 2426 637 2476 ratae, qualis est Hieronymi &inchii.
258 2468 1016 2503 ADQUiNTAM quaestionem, Quae est norma interpretandi Scriptu¬
238 2498 1025 2540 ram & judicandi de interpretatione Scripturae Sacrae, verane sit an falsa.
261 2530 1012 2575 RESPOND. Norma interpretandi Scripturam & judicand.
232 2557 1025 2609 de interpretatione Scripturae Sacrae verane sit an falsa, est ipsamet
234 2602 1024 2642 Scriptura Sacra quae vox Dei est. Quaecunque enim interpretatio¬
225 2638 1014 2674 consentit cum Scriptura, illa est vera & ex Deo: quaecunque ab ex
226 2668 1015 2707 dissentit, est falsa & non est ex Deo. Sic enim aperte docet Jesaia.
228 2708 1021 2746 capite octavo versiculo vigesimo. Ad legem & ad testimor:ium, si quis
224 2738 1017 2774 non dixerit secundum verbum hoc, non erit ei matutina lux. Et Abraha¬
232 2773 1024 2818 mus Luc. 16. 29. Habet Mosen & Prophetas: audiant eos Johannes pri¬
226 2811 1019 2850 ma epistola, capite quarto, versu sexto: Nos ex Deo sumus: qui novit
225 2837 1021 2880 Deum, audit nos, qui non est ex Deo, non judit nos, ex hoc cognoscimus
226 2874 1022 2917 Spiritum veritatis & spiritum erreris. Doctrina Prophetarum & A¬
237 2913 1032 2950 postolorum est certus sermo Dei, quem universis totius mundi
235 2941 1010 2984 suffragiis secure opponere necesse est, & inde veritatem a menda
238 2972 1025 3015 cio distinguere. Sermo autem ille absque ulla dubitatione est in¬
237 3007 1015 3050 Sacra Scriptura. Quaecunque igitur interpretatio loci alicujus
241 3042 1010 3080 Scripturae consentit cum Sacra Scriptura, illa est vera: quae dissem
238 3081 1020 3115 tit a Sacra Scriptria, est falsa ac repudianda. Illa autem consentit
226 3111 1013 3152 cum Sacra Scriptura, quae omnem laudem salutis nostrae aeterna.
224 3142 1016 3187 in solidum Deo tribuit & homini prorsus adimit: illa vero non
229 3181 1021 3222 consentit cum Sacra Sctiptura, quaecunque vel minimam partem
238 3212 1024 3257 gloriae salutis nostrae aeternae homini adscribit, ut docet Christus
228 3246 1012 3287 Johannis septimo, vers. 18. Qui a simetipsoloquitur, gloriam propriam
225 3287 1014 3332 quaerit: qui aunem quaerit gloriam ejus qui misit ipsum, his verax est, &
226 3314 470 3369 injustitia in es non est.
1131 178 1913 221 ADSEXTAM quaestionem responsio, Media inveniendi r¬
1111 221 1925 255 lum Scripturae Sacrae sensum & usum nobis sunt triplicia: quaedam
1109 255 1907 290 praecedunt Scripturae meditationem, quaedam adhibenda sunt in¬
1101 280 1925 330 ipsa meditatione, quaedam subsequuntur lectionem & meditatione.
1134 317 1826 355 Media meditationem Scripturae praecedentia haec sunt,
1131 354 1913 394 I. Firma persuasio, verum solidumque Scripturae sensum & u¬
1106 385 1921 429 sum a nemine ex proprio ingenio inveniri posse, sed a Deo, seu a
1108 422 1919 461 CHRISTO Domino, seu a Spiritu Sancto revelari juxta haec te¬
1098 458 1925 497 stimonia: Proverbiorum secundo, vers. 6. Jehova dat sapientiam, ex o¬
1096 492 1928 530 re ejus scientia & intelligentia procedit. 2. Petr. 1, vers. 20. 21. Si illud pri¬
1104 532 1929 571 mum noveritis, nullam prophetiam Scripturae esse propriae explicationis,
1111 564 1922 598 Non enim libitu hominis allata est olim prophetia, sed acti a Spiritu San¬
1098 598 1921 636 cto loquuti sunt sancti Dei homines. Quibus verbis Petrus docet, in¬
1113 633 1925 679 cerpretationem Scripturae non proferendam ex proprio ingenio,
1111 664 1921 706 sed ex dictamine Spiritus Sancti: Scripturam intelligendam eo
1111 702 1925 750 Spiritu quo est inspirata, ut idem sit ejus interpres, qui & autor, 1.
1106 734 1912 776 Corinth. 12. vers.3 Nemo potest dicere Jesum Dominum, nisi per Spiritum
1104 772 1922 818 Sanctum. 2. Cor. 3. vers. 5. Non quod idonei sumus per nosipsos ad cogitan¬
1101 810 1919 850 dum quitquam, velut ex nobis ipsis:, sed quod idonei sumus, id ex Deo est.
1107 840 1921 882 Jacob. 1. vers. 17. Omnis donatio bona & omne integrum donum est su¬
1104 877 1915 917 perne, descendens a Patre luminum, apud quem non est transmutatio, aut
1113 912 1922 953 conversionis obumbratio I. Johan. 2. vers. 27. Unctio quam vos accepistis.
1106 948 1921 989 ab eo, manet in vobis: nec necesse habetis, ut quisquam doceat vos: ve¬
1097 981 1925 1026 rum sicut eadem unctio docet vos de omnibus, quae & verax est & non
1097 1022 1919 1059 mendax: & sicut docuit vos, manebitis in eo Exemplum in Apostolis,
1104 1052 1926 1105 quorum Dominus aperuit mentem, ut intelligerent Scripturas,
1106 1083 1221 1125 Luc. 24. 45.
1131 1113 1907 1161 II. Preces ad Deum ex vera fide, puro & humili corde & consci¬
1107 1157 1916 1200 entia bona, ut is Scripturae suae sensum nobis aperire dignetur
1101 1188 1922 1233 Hoc medium praecipitur Matth. 7. v. 7. 8. vetite & cabitur vobis: quae¬
1103 1222 1910 1267 rite & invenietit: pulsete & aperietus vobis. Quisquis eram petit, accipit
1098 1259 1918 1305 & qui quaerit invenit: & ei qui pulsat, aperietur. Luc. 11. 9. 10. 11. 12. 13.
1106 1293 1925 1334 Et ego dico vobis, Petite, & dubitur vobis: quaerite & invenietis: pulsate.
1107 1326 1921 1367 & aperiotur vocis Quisquis enim petit, accipit, & qui quaerit, invenit: &
1099 1363 1919 1408 puisanti aperietur. Ecquis autem ex vibis pater, si filius ab eo petierit pa¬
1095 1401 1907 1440 nem, lapidem ei dabit? aut si piscem, num pro puce dabit ei serpentem
1110 1434 1911 1482 Aut si petierit ovum, num dabit ei scorpium? Si vos igitur qui mali estis.
1104 1468 1911 1513 nostis bona dona dare liberis vestris, quato magis Pater vester coelestis da¬
1099 1498 1909 1548 bit Sp. S petentibus ab ipso ? Iac. 1. v. 5. Quod si cui vestrum deest sapientia
1102 1533 1914 1582 petito a Deo qui dat eam omnibus benigne, nec exprobrat, & dabitur ei.
1104 1574 1912 1618 Sed pestulet cum fide, nihil ambigens: nam qui ambigit, similis esi
1100 1597 1907 1652 fluctui maris, qui ventis agitatur & jactatur. Exempla sunt in Da¬
1100 1640 1920 1692 vide Psalmo vigesimoquinto, versic. quarto, quinto. Vias tuas, Je¬
1097 1669 1910 1719 hova, notas fac mihi, semitas tuas doce me. Fac ut incedam per veri
1095 1710 1912 1756 tatem tuam, & doce me; nam tues Deus salutis meae, te exspecto totum
1101 1739 1907 1793 dem. Et Psalmo centesimo decimonono, versiculo decimooctavo
1097 1768 1916 1827 decimono. Retege oculos meos, ut intuear mirabilia ex lege tua. Pere¬
1101 1808 1913 1860 grinante me in hac terra, ne abscondas a me praecepta tua. Et versic. 34.
1103 1845 1917 1897 Fac ut intelligam, ut custodium legem tuam; observemque eam extoro a¬
1099 1876 1912 1932 nimo. Et versiculo 64. 66, 68, 73. statuta tua doce me. oaffeci.
1102 1907 1907 1974 sti servum tuum Jehova, secundum verbum tuum. Bonus es & benefi¬
1095 1949 1913 2008 cus, doce mestatuta tua. Redde me intelligentem, ut discam praecepta
1093 1986 1919 2038 tus; & passim: in discipulis Christi Matth. 13. versic. 36. Tunc dimissa
1099 2013 1907 2080 turbavenit domum Jesus, & audierunt eum discipuliejus, dicentes; Edis¬
1093 2050 1907 2114 sere nobis parabolam zizaniorum agri illius. De hoc medio loquitur
1091 2084 1915 2138 Augustinus tertio tomo, de doctrina Christiana libro tertio, c. ult.
1122 2114 1900 2178 III. Conversio seria ad Deum, sincera pietas, timorDei & humili
1088 2149 1910 2210 tas. Nam arcanum Jehovae adest reverentibus ipsum, & soedus ejus, ut ex¬
1083 2190 1902 2250 perimento testetur eis, quemadmodum David inquit Psalmo 25. 24.
1084 2225 1898 2277 Caput sapientiae est revirentia Jehovae, successus optimus facientibus ista;
1089 2249 1910 2309 Psalmo 111. ver. 10. Proverbiorum 1. v. 7. Reverentia Jehovae est caput sci¬
1086 2293 1902 2355 entiae. Sapient. Salomonis 1. vers. 1, 2, 3. 4, 5. Diligite justitiam o judicet
1092 2325 1909 2390 terrae, sentite de Domino bonitate, & simplicitate cordis quaerite ipsum.
1089 2358 1911 2423 Nam expositus est iis, qui non tentant ipsum, & patesit iis qui non infidi
1086 2393 1906 2457 sunt ei. Perversae enim ratiocinationes separant a Deo, & probata illius
1084 2430 1909 2485 potentia arguit insipientes, Eo quod in malitiosam animam non ingredi¬
1086 2465 1903 2526 tur sapientia, neque habitat in corpore quod subjectum est peccato. Sanctus
1076 2501 1907 2555 enim Spiritus dsciplinae fagit delum, & absistit a ratiocinationibus ho¬
1077 2533 1908 2597 minum vacuorum intelligentia; & indicatur quum advenit iniquitas.
1108 2566 1910 2631 IV. Amor & desiderium veritatis ac proinde maxime Scri¬
1079 2597 1904 2663 pturae Sacrae, quae est prima veritas revelata nobis: Psalmo,
1082 2641 1911 2699 centesimodecimonono, vers. quadragesimo. Ecce desidero mandata
1078 2676 1904 2732 tua Et versi culo quadragesimoseptimo, 48. Bt me oblectans in prae¬
1089 2709 1896 2769 reptis tuis quae diligo, Attollam manus meas ad praecepta tua quae diligo
1119 2743 1895 2802 V. Docilitas, Iohan. 3. versic. 21. Qui dat operam veritati, venit.
1076 2772 1896 2842 ad lucem. Et versiculo trigesimotertio. Qui recipit eius testimonium
1078 2808 1455 2862 is obsignavit Deum veracem esse
1120 2847 1905 2902 VI. Voluntas faciendi cognitam voluntatem Dei, Johan. 7. ver¬
1087 2871 1906 2948 siculo decimoseptimo. Si quis voluerit, quod ille vult facere, cognoscet
1080 2910 1670 2968 de doctrina, utrum ex Deo sit, an ego a meipso loquar
1122 2946 1886 3002 VII. Notitia Catecheticae doctrinae de fide & bonis operibus
1092 2973 1892 3040 Hebraeorum quinto, versiculo duodecimo, decimotertio, decimo¬
1083 3018 1892 3069 quarto: Vos enim, quos oportuit pro temporis ratione doctores esse, rursum
1083 3055 1892 3104 opus est doceri quae sint elementa intiij elequiorum Dei: factique esti. 3 qui
1081 3081 1900 3139 bus lacte sit opus, & non solido cibo. Enimvero cui cam lacte res est is rudis
1078 3117 1900 3175 est sermonis justitic, (a fans enim est, ) sed adultorum est selidus cibus, ec¬
1075 3154 1903 3218 rum videlicet qui propter habitum, sensus habent exercitatos ad discretio¬
1084 3185 1269 3226 nem boni ac malis
1119 3216 1897 3277 VIII. Cognitio linguarum quibus Scriptura a Prophetis & Apo¬
1083 3250 1891 3316 stolis exarata est. priori ad Corinth. decimoquarto, versic. quinto
1112 3285 1902 3347 14. Fides qua credamus, Scripturam Sacram ubique vera dicere.
1077 3316 1890 3392 nusquam fallere, nusqua a seipsa dissidere, sed secum pulcherrime
