<?xml version="1.0" encoding="UTF-8" standalone="yes"?>
<PcGts xmlns="http://schema.primaresearch.org/PAGE/gts/pagecontent/2013-07-15" xmlns:xsi="http://www.w3.org/2001/XMLSchema-instance" xsi:schemaLocation="http://schema.primaresearch.org/PAGE/gts/pagecontent/2013-07-15 http://schema.primaresearch.org/PAGE/gts/pagecontent/2013-07-15/pagecontent.xsd">
    <Metadata>
        <Creator>prov=University of Rostock/Institute of Mathematics/CITlab|PLANET AI GmbH/Gundram Leifert/gundram.leifert@planet-ai.de:name=cod-MkL9py-m2(htr_id=30048)::::v=2.6.7
prov=University of Rostock/Institute of Mathematics/CITlab|PLANET AI GmbH/Tobias Gruening/tobias.gruening@planet-ai.de:name=de.uros.citlab.module.baseline2polygon.B2PSeamMultiOriented:v=2.6.7
prov=University of Rostock/Institute of Mathematics/CITlab|PLANET AI GmbH/Tobias Gruening/tobias.gruening@planet-ai.de:name=/net_tf/LA73_249_0mod360.pb:de.uros.citlab.segmentation.CITlab_LA_ML:v=2.6.6
Transkribus</Creator>
        <Created>2021-01-14T09:11:32.473-05:00</Created>
        <LastChange>2021-02-14T05:10:16.060+01:00</LastChange>
        <TranskribusMetadata docId="572044" pageId="23601825" pageNr="135" tsid="52625440" status="IN_PROGRESS" userId="25065" imgUrl="https://files.transkribus.eu/Get?id=WLYVPDWTMLZWVLKVESJCLGJQ&amp;fileType=view" xmlUrl="https://files.transkribus.eu/Get?id=TCPITUIOQSSVDXJEDRWITGPQ" imageId="18118083"/>
    </Metadata>
    <Page imageFilename="cod-MkL9py-0135.jpg" imageWidth="2063" imageHeight="3502">
        <ReadingOrder>
            <OrderedGroup id="ro_1613393940477" caption="Regions reading order">
                <RegionRefIndexed index="0" regionRef="TextRegion_1613231561866_3054"/>
                <RegionRefIndexed index="1" regionRef="TextRegion_1613231625930_3083"/>
            </OrderedGroup>
        </ReadingOrder>
        <TextRegion orientation="0.0" id="TextRegion_1613231561866_3054" custom="readingOrder {index:0;}">
            <Coords points="237,100 1051,100 1061,1042 1065,2039 1058,2708 1037,3360 237,3360"/>
            <TextLine id="r1l4" custom="readingOrder {index:0;}">
                <Coords points="237,208 949,202 1037,194 1037,156 237,168"/>
                <Baseline points="242,194 281,194 321,193 360,192 400,192 439,192 479,191 518,191 558,191 597,189 637,189 676,189 716,188 755,188 795,188 834,186 874,186 913,185 953,185 992,183 1032,183"/>
                <TextEquiv>
                    <Unicode>octavo, versiculo quineo, sexto, septimo. Nam qui secundum carnem</Unicode>
                </TextEquiv>
            </TextLine>
            <TextLine id="r1l6" custom="readingOrder {index:1;}">
                <Coords points="237,246 1013,237 1031,194 236,211"/>
                <Baseline points="242,230 281,230 320,228 359,227 398,227 438,225 477,225 516,225 555,224 594,224 634,224 673,222 712,222 751,222 790,221 830,221 869,221 908,221 947,219 986,219 1026,219"/>
                <TextEquiv>
                    <Unicode>sum, quae carnis subs sapiun, iqui vero sunt secundum Spiritum, quae Spi¬</Unicode>
                </TextEquiv>
            </TextLine>
            <TextLine id="r1l8" custom="readingOrder {index:2;}">
                <Coords points="241,275 926,270 1025,264 1025,236 241,246"/>
                <Baseline points="246,264 284,263 323,262 362,261 400,261 439,260 478,260 516,258 555,258 594,258 633,258 671,258 710,257 749,257 787,257 826,257 865,255 903,255 942,254 981,254 1020,252"/>
                <TextEquiv>
                    <Unicode>ritis: sant; Nam quod sapit caro, mors est: quod autem sapit Sprritus, vi</Unicode>
                </TextEquiv>
            </TextLine>
            <TextLine id="r1l10" custom="readingOrder {index:3;}">
                <Coords points="240,309 1026,305 1040,264 240,277"/>
                <Baseline points="245,299 284,297 324,296 363,296 403,294 442,294 482,294 521,293 561,293 600,293 640,293 679,293 719,291 758,291 798,291 837,291 877,290 916,290 956,288 995,287 1035,285"/>
                <TextEquiv>
                    <Unicode>ta &amp; pax: Quoniam quod sapit caro, inimicitia est adversus Deum. Legi,</Unicode>
                </TextEquiv>
            </TextLine>
            <TextLine id="r1l12" custom="readingOrder {index:4;}">
                <Coords points="246,342 852,342 1027,331 1028,304 245,310"/>
                <Baseline points="251,332 289,332 328,330 366,330 405,330 444,330 482,329 521,329 559,329 598,329 637,329 675,327 714,327 752,327 791,326 830,326 868,325 907,324 945,323 984,323 1023,321"/>
                <TextEquiv>
                    <Unicode>Dei non suhjicitur: nam ne potest quidem. Prioris Corinthiorum ter¬</Unicode>
                </TextEquiv>
            </TextLine>
            <TextLine id="r1l14" custom="readingOrder {index:5;}">
                <Coords points="252,377 1007,377 1046,366 1046,330 252,343"/>
                <Baseline points="257,366 296,366 335,365 374,365 413,365 453,364 492,363 531,363 570,362 609,362 649,362 688,362 727,360 766,360 805,360 845,360 884,359 923,359 962,359 1001,359 1041,357"/>
                <TextEquiv>
                    <Unicode>tio, versiculo decimonono. Sapientia mundi hujus stultitia est apud</Unicode>
                </TextEquiv>
            </TextLine>
            <TextLine id="r1l16" custom="readingOrder {index:6;}">
                <Coords points="250,418 929,406 915,371 250,380"/>
                <Baseline points="255,402 288,402 321,401 355,400 388,399 422,398 455,398 488,398 522,396 555,396 589,396 622,396 655,396 689,395 722,395 756,395 789,395 822,394 856,393 889,393 923,392"/>
                <TextEquiv>
                    <Unicode>Deum: scriptum est enim: Carpit serpentes in versutia ipsorum.</Unicode>
                </TextEquiv>
            </TextLine>
            <TextLine id="r1l18" custom="readingOrder {index:7;}">
                <Coords points="286,446 1000,441 1033,436 1033,399 285,412"/>
                <Baseline points="291,435 327,434 364,434 401,432 438,432 475,432 512,431 548,431 585,431 622,429 659,429 696,429 733,429 770,429 806,428 843,428 880,428 917,428 954,426 991,426 1028,425"/>
                <TextEquiv>
                    <Unicode>II. Caecitas naturalis, qua nostrapte natura ad verbum Dei in</Unicode>
                </TextEquiv>
            </TextLine>
            <TextLine id="r1l20" custom="readingOrder {index:8;}">
                <Coords points="252,488 1046,474 1045,445 1009,432 252,446"/>
                <Baseline points="257,470 296,469 335,468 374,468 413,468 452,467 491,467 531,465 570,465 609,465 648,465 687,464 726,464 765,464 805,464 844,462 883,462 922,462 961,462 1000,461 1040,461"/>
                <TextEquiv>
                    <Unicode>telligendum ineptissimi sumus, prioris Corinthiorum secundo,</Unicode>
                </TextEquiv>
            </TextLine>
            <TextLine id="r1l22" custom="readingOrder {index:9;}">
                <Coords points="250,515 1040,504 1039,477 899,471 250,489"/>
                <Baseline points="255,504 296,503 337,502 378,501 419,501 460,500 501,500 542,500 583,498 624,498 665,498 706,498 747,498 788,497 829,497 870,497 911,497 952,495 993,495 1034,494"/>
                <TextEquiv>
                    <Unicode>versiculo decimoquarto. Animalis autem homo non est capax eorum.</Unicode>
                </TextEquiv>
            </TextLine>
            <TextLine id="r1l24" custom="readingOrder {index:10;}">
                <Coords points="247,556 1040,538 1030,502 247,521"/>
                <Baseline points="252,540 291,539 330,537 369,537 408,536 447,536 486,534 526,534 565,534 604,533 643,533 682,533 721,533 760,531 800,531 839,531 878,531 917,530 956,530 995,530 1035,530"/>
                <TextEquiv>
                    <Unicode>quae sunt spiritus Dei: sunt enim ei stultitia, nec potist ea cognoscere, quid </Unicode>
                </TextEquiv>
            </TextLine>
            <TextLine id="r1l26" custom="readingOrder {index:11;}">
                <Coords points="249,588 1034,570 1033,540 945,538 249,557"/>
                <Baseline points="254,573 292,573 331,572 370,570 408,570 447,569 486,569 524,567 563,567 602,567 641,566 679,566 718,566 757,566 795,564 834,564 873,564 911,564 950,564 989,563 1028,563"/>
                <TextEquiv>
                    <Unicode>spiritualiter dijudicantur? Quae retinetur &amp; augetur omissione pre¬</Unicode>
                </TextEquiv>
            </TextLine>
            <TextLine id="r1l28" custom="readingOrder {index:12;}">
                <Coords points="255,618 1049,604 1029,570 255,593"/>
                <Baseline points="260,608 299,606 338,606 377,605 416,603 455,603 494,602 534,602 573,602 612,601 651,600 690,600 729,600 768,599 808,599 847,599 886,599 925,599 964,598 1003,597 1043,597"/>
                <TextEquiv>
                    <Unicode>cum ad Deum, aut non recte precando, Iacobi primo, versiculo</Unicode>
                </TextEquiv>
            </TextLine>
            <TextLine id="r1l30" custom="readingOrder {index:13;}">
                <Coords points="259,658 967,650 1045,642 1045,603 258,622"/>
                <Baseline points="264,642 302,641 341,639 380,638 419,638 458,637 496,636 535,636 574,636 613,635 652,635 690,635 729,635 768,635 807,635 846,634 884,633 923,633 962,633 1001,632 1040,632"/>
                <TextEquiv>
                    <Unicode>quinto, sexto &amp; octavo. Quod si cui vest um deest sapientia, petito a</Unicode>
                </TextEquiv>
            </TextLine>
            <TextLine id="r1l32" custom="readingOrder {index:14;}">
                <Coords points="253,683 1036,672 1013,636 962,655 253,654"/>
                <Baseline points="258,675 296,675 335,674 373,674 412,672 451,672 489,671 528,671 567,671 605,671 644,669 683,669 721,669 760,668 799,668 837,668 876,667 915,666 953,666 992,666 1031,665"/>
                <TextEquiv>
                    <Unicode>Deo, qui dat eam omnibus benigne, nec exprobrat: &amp; dabitur ei. Sed po¬</Unicode>
                </TextEquiv>
            </TextLine>
            <TextLine id="r1l33" custom="readingOrder {index:15;}">
                <Coords points="258,718 1053,709 1039,675 258,687"/>
                <Baseline points="263,710 302,708 341,708 380,708 419,707 459,707 498,705 537,705 576,705 615,705 655,704 694,704 733,704 772,704 811,702 851,702 890,702 929,701 968,701 1007,701 1047,699"/>
                <TextEquiv>
                    <Unicode>stulet cam fide, nihil ambigens: nam qui ambigit, similis est fluctui maris</Unicode>
                </TextEquiv>
            </TextLine>
            <TextLine id="r1l36" custom="readingOrder {index:16;}">
                <Coords points="267,753 993,754 1039,749 1039,710 267,730"/>
                <Baseline points="272,744 310,743 348,742 386,741 424,741 462,740 500,740 538,740 576,738 614,738 653,738 691,738 729,738 767,738 805,738 843,738 881,737 919,737 957,737 995,735 1034,734"/>
                <TextEquiv>
                    <Unicode>qui ventis agitatur &amp; jactatur. Non enim existimet homo ille, se quid </Unicode>
                </TextEquiv>
            </TextLine>
            <TextLine id="r1l38" custom="readingOrder {index:17;}">
                <Coords points="259,795 983,794 1051,780 1051,753 258,765"/>
                <Baseline points="264,779 303,777 342,777 381,777 420,776 459,776 498,776 537,776 576,776 615,774 655,774 694,774 733,774 772,774 811,773 850,773 889,773 928,771 967,771 1006,770 1046,770"/>
                <TextEquiv>
                    <Unicode>quam accepturum a Domino: Ut qui sit vir animo duplici, &amp; inquietus</Unicode>
                </TextEquiv>
            </TextLine>
            <TextLine id="r1l40" custom="readingOrder {index:18;}">
                <Coords points="256,827 334,819 386,826 409,817 434,828 465,825 485,816 485,790 466,784 428,793 416,785 390,798 354,786 331,797 256,797"/>
                <Baseline points="261,813 288,812 315,810 343,810 370,810 397,810 425,810 452,810 480,810"/>
                <TextEquiv>
                    <Unicode>in omnibus viis suis.</Unicode>
                </TextEquiv>
            </TextLine>
            <TextLine id="r1l42" custom="readingOrder {index:19;}">
                <Coords points="298,859 1044,846 1043,803 298,824"/>
                <Baseline points="303,846 339,846 376,846 413,845 450,845 486,845 523,843 560,843 597,843 633,843 670,842 707,842 744,842 780,842 817,840 854,840 891,840 927,839 964,839 1001,837 1038,837"/>
                <TextEquiv>
                    <Unicode>III. Impietas, Matthaei decimotertio, versiculo decimo, &amp; se¬</Unicode>
                </TextEquiv>
            </TextLine>
            <TextLine id="r1l44" custom="readingOrder {index:20;}">
                <Coords points="270,900 914,893 1042,882 1051,851 270,861"/>
                <Baseline points="275,881 313,881 352,881 390,879 429,879 467,879 506,878 544,878 583,878 621,876 660,876 699,876 737,875 776,875 814,875 853,873 891,873 930,873 968,873 1007,873 1046,872"/>
                <TextEquiv>
                    <Unicode>quentibus: Tunc accedentes d scipuli dixerunt ei, Quare per parabolas lo¬</Unicode>
                </TextEquiv>
            </TextLine>
            <TextLine id="r1l46" custom="readingOrder {index:21;}">
                <Coords points="270,923 1049,924 1048,884 1001,881 270,899"/>
                <Baseline points="276,915 314,914 352,914 391,912 429,912 467,912 506,912 544,912 582,911 621,911 659,911 697,911 736,911 774,911 812,911 851,909 889,909 927,909 966,908 1004,906 1043,905"/>
                <TextEquiv>
                    <Unicode>queris is? ipse vero respondens, dixit eis, Quia vobis datum est nosse my¬</Unicode>
                </TextEquiv>
            </TextLine>
            <TextLine id="r1l48" custom="readingOrder {index:22;}">
                <Coords points="267,957 960,959 1049,947 1049,923 267,931"/>
                <Baseline points="272,948 310,948 349,948 387,948 426,948 465,947 503,947 542,947 580,947 619,947 658,945 696,945 735,945 773,944 812,944 851,944 889,942 928,942 966,941 1005,941 1044,941"/>
                <TextEquiv>
                    <Unicode>Seria regni coelorum, illis autem non est datum. Quisqui enim habet da¬</Unicode>
                </TextEquiv>
            </TextLine>
            <TextLine id="r1l50" custom="readingOrder {index:23;}">
                <Coords points="258,993 1046,982 1028,947 258,967"/>
                <Baseline points="263,983 301,983 340,983 379,983 418,983 457,983 496,981 534,981 573,981 612,981 651,980 690,980 729,980 768,978 806,978 845,978 884,978 923,978 962,977 1001,977 1040,977"/>
                <TextEquiv>
                    <Unicode>bitur ei, &amp; amplius habebit: quisquis autem non habet: etiam quod ha¬</Unicode>
                </TextEquiv>
            </TextLine>
            <TextLine id="r1l52" custom="readingOrder {index:24;}">
                <Coords points="256,1034 1002,1026 1043,1020 1043,995 255,999"/>
                <Baseline points="261,1017 299,1017 338,1017 377,1017 416,1016 455,1016 494,1016 532,1016 571,1016 610,1016 649,1014 688,1014 727,1014 766,1014 804,1013 843,1013 882,1013 921,1011 960,1011 999,1010 1038,1010"/>
                <TextEquiv>
                    <Unicode>bit tolletur ab eo. Propterea per parabolas loquor cis, quia videntes non vi¬</Unicode>
                </TextEquiv>
            </TextLine>
            <TextLine id="r1l53" custom="readingOrder {index:25;}">
                <Coords points="259,1061 939,1063 1058,1052 1058,1023 258,1035"/>
                <Baseline points="264,1053 303,1052 342,1051 382,1050 421,1050 461,1050 500,1050 540,1049 579,1049 619,1049 658,1049 697,1049 737,1049 776,1049 816,1049 855,1049 895,1047 934,1046 974,1044 1013,1044 1053,1041"/>
                <TextEquiv>
                    <Unicode>dens, &amp; audientes non audiunt neque intelligunt. Itaque completur in i¬</Unicode>
                </TextEquiv>
            </TextLine>
            <TextLine id="r1l56" custom="readingOrder {index:26;}">
                <Coords points="264,1103 994,1096 1045,1090 1045,1062 264,1066"/>
                <Baseline points="269,1086 307,1086 346,1086 384,1086 423,1085 461,1085 500,1085 538,1085 577,1084 615,1083 654,1083 693,1083 731,1083 770,1082 808,1082 847,1082 885,1080 924,1080 962,1080 1001,1079 1040,1079"/>
                <TextEquiv>
                    <Unicode>psis Prophetia Isaiae, quae dicit, Auditis audietis, &amp; non intelligetis: &amp; vi¬</Unicode>
                </TextEquiv>
            </TextLine>
            <TextLine id="r1l58" custom="readingOrder {index:27;}">
                <Coords points="261,1127 979,1130 1042,1122 1042,1091 261,1102"/>
                <Baseline points="266,1121 304,1121 343,1120 381,1119 420,1119 458,1119 497,1119 535,1118 574,1118 612,1118 651,1118 690,1118 728,1118 767,1118 805,1116 844,1116 882,1116 921,1115 959,1115 998,1113 1037,1112"/>
                <TextEquiv>
                    <Unicode>dentes videbitis, &amp; non cernetis. Crassum enim est factum cor populi hu¬</Unicode>
                </TextEquiv>
            </TextLine>
            <TextLine id="r1l59" custom="readingOrder {index:28;}">
                <Coords points="262,1170 986,1166 1052,1154 1052,1123 261,1135"/>
                <Baseline points="267,1157 306,1155 345,1154 384,1154 423,1152 462,1152 501,1152 540,1152 579,1152 618,1151 657,1151 696,1151 735,1151 774,1151 813,1151 852,1151 891,1150 930,1149 969,1149 1008,1148 1047,1146"/>
                <TextEquiv>
                    <Unicode>jus, &amp; auribus graviter audierunt, &amp; oculis suis connivirunt: ne quandi</Unicode>
                </TextEquiv>
            </TextLine>
            <TextLine id="line_1613231561899_3059" custom="readingOrder {index:29;}">
                <Coords points="276,1198 1067,1190 1066,1158 1006,1155 276,1171"/>
                <Baseline points="281,1190 320,1189 360,1188 400,1188 440,1187 480,1187 520,1186 560,1185 600,1185 640,1185 680,1185 719,1185 759,1185 799,1185 839,1185 879,1184 919,1184 959,1184 999,1184 1039,1184 1061,1184"/>
                <TextEquiv>
                    <Unicode>ternant oculis, &amp; auribus audiant, &amp; corde intelligant, &amp; se convertant,</Unicode>
                </TextEquiv>
            </TextLine>
            <TextLine id="r1l64" custom="readingOrder {index:30;}">
                <Coords points="268,1235 1049,1226 1057,1198 268,1203"/>
                <Baseline points="273,1224 314,1223 355,1223 396,1222 437,1221 478,1221 519,1221 560,1221 601,1221 642,1221 683,1220 724,1220 765,1220 806,1220 847,1220 888,1218 929,1218 970,1218 1011,1217 1052,1215"/>
                <TextEquiv>
                    <Unicode>&amp; sanem εos, prioris Corinthiorum primo, decimooctavo. Nam</Unicode>
                </TextEquiv>
            </TextLine>
            <TextLine id="r1l65" custom="readingOrder {index:31;}">
                <Coords points="274,1263 1057,1266 1057,1227 274,1236"/>
                <Baseline points="279,1257 317,1257 356,1256 394,1256 433,1256 472,1254 510,1254 549,1254 588,1254 626,1254 665,1254 704,1254 742,1254 781,1254 820,1253 858,1253 897,1253 936,1253 974,1251 1013,1251 1052,1250"/>
                <TextEquiv>
                    <Unicode>sermo ille de cruce, iis quidem qui percuit, stultitia est. Et posterioris</Unicode>
                </TextEquiv>
            </TextLine>
            <TextLine id="r1l68" custom="readingOrder {index:32;}">
                <Coords points="273,1302 946,1305 1058,1297 1058,1266 273,1270"/>
                <Baseline points="279,1290 317,1290 356,1289 395,1289 433,1289 472,1289 511,1289 549,1289 588,1289 627,1289 666,1289 704,1289 743,1289 782,1289 820,1289 859,1288 898,1287 936,1287 975,1287 1014,1286 1053,1286"/>
                <TextEquiv>
                    <Unicode>Corinthiorum quarto, versiculo tertio, quarto. Quod si opertum</Unicode>
                </TextEquiv>
            </TextLine>
            <TextLine id="r1l69" custom="readingOrder {index:33;}">
                <Coords points="267,1333 888,1338 1051,1328 1051,1300 267,1302"/>
                <Baseline points="272,1325 310,1325 349,1323 388,1323 426,1323 465,1323 504,1323 542,1322 581,1322 620,1322 659,1322 697,1322 736,1322 775,1322 813,1322 852,1322 891,1320 929,1320 968,1320 1007,1319 1046,1319"/>
                <TextEquiv>
                    <Unicode>est Evangelium nestrum iis qui pereunt opertum est In quibus Deus hu¬</Unicode>
                </TextEquiv>
            </TextLine>
            <TextLine id="r1l71" custom="readingOrder {index:34;}">
                <Coords points="265,1374 985,1369 1061,1361 1061,1325 265,1333"/>
                <Baseline points="270,1358 309,1358 348,1357 387,1356 427,1356 466,1356 505,1356 545,1356 584,1356 623,1356 663,1356 702,1356 741,1356 780,1356 820,1355 859,1355 898,1355 938,1355 977,1354 1016,1353 1056,1353"/>
                <TextEquiv>
                    <Unicode>jus seculi excaecavit mentes, nempainfidelibus, ne irradiet illos illustratio </Unicode>
                </TextEquiv>
            </TextLine>
            <TextLine id="r1l73" custom="readingOrder {index:35;}">
                <Coords points="268,1403 1058,1395 1051,1363 268,1372"/>
                <Baseline points="273,1392 312,1392 351,1391 390,1391 429,1391 468,1391 507,1391 546,1391 585,1391 624,1391 663,1391 702,1391 741,1391 780,1391 819,1391 858,1390 897,1389 936,1388 975,1388 1014,1386 1053,1385"/>
                <TextEquiv>
                    <Unicode>Evangelij gloriae Christi, qui est imago Dei, 2Petr. 3. 16, 17. Ut in omni¬</Unicode>
                </TextEquiv>
            </TextLine>
            <TextLine id="r1l75" custom="readingOrder {index:36;}">
                <Coords points="265,1436 1025,1435 1052,1432 1052,1398 264,1400"/>
                <Baseline points="270,1425 308,1425 347,1425 386,1425 425,1425 464,1424 503,1424 541,1424 580,1424 619,1424 658,1424 697,1424 736,1424 775,1424 813,1423 852,1422 891,1422 930,1422 969,1422 1008,1422 1047,1422"/>
                <TextEquiv>
                    <Unicode>bus fere epistolis, loquens de istis, in quibus sunt nonnulla difficilia intelle¬</Unicode>
                </TextEquiv>
            </TextLine>
            <TextLine id="r1l77" custom="readingOrder {index:37;}">
                <Coords points="271,1470 985,1474 1052,1465 1052,1436 271,1437"/>
                <Baseline points="276,1461 314,1460 353,1460 391,1458 430,1458 468,1457 507,1457 545,1457 584,1457 622,1457 661,1457 700,1457 738,1457 777,1457 815,1457 854,1457 892,1457 931,1457 969,1457 1008,1457 1047,1458"/>
                <TextEquiv>
                    <Unicode>ctu, quae indocti parumque stabiles detorquent, ut &amp; reliquas scripturas</Unicode>
                </TextEquiv>
            </TextLine>
            <TextLine id="r1l79" custom="readingOrder {index:38;}">
                <Coords points="274,1502 1045,1503 1055,1468 274,1469"/>
                <Baseline points="279,1494 317,1494 356,1494 394,1493 433,1493 471,1493 510,1493 548,1493 587,1491 625,1491 664,1491 703,1491 741,1491 780,1490 818,1490 857,1490 895,1490 934,1491 972,1491 1011,1491 1050,1491"/>
                <TextEquiv>
                    <Unicode>suo ipsorum exitio. Vos igitur, dilecti, istorum praescij cum sitis, cauete ni</Unicode>
                </TextEquiv>
            </TextLine>
            <TextLine id="r1l81" custom="readingOrder {index:39;}">
                <Coords points="280,1540 1061,1533 1061,1508 987,1498 280,1506"/>
                <Baseline points="285,1527 323,1527 362,1526 400,1526 439,1526 477,1526 516,1526 554,1524 593,1524 631,1524 670,1524 709,1524 747,1524 786,1523 824,1523 863,1523 901,1523 940,1523 978,1523 1017,1524 1056,1524"/>
                <TextEquiv>
                    <Unicode>lorum nefariorum errore cum illis abducti, excidatis a propria stabilitate.</Unicode>
                </TextEquiv>
            </TextLine>
            <TextLine id="r1l83" custom="readingOrder {index:40;}">
                <Coords points="300,1570 996,1578 1054,1568 1054,1533 300,1538"/>
                <Baseline points="305,1560 342,1560 379,1560 416,1560 453,1560 491,1560 528,1559 565,1559 602,1559 639,1559 677,1559 714,1559 751,1559 788,1559 825,1559 863,1559 900,1559 937,1559 974,1559 1011,1559 1049,1559"/>
                <TextEquiv>
                    <Unicode>IV. Qdium &amp; fastidium veritatis atque adeo Scripturae, poste</Unicode>
                </TextEquiv>
            </TextLine>
            <TextLine id="r1l85" custom="readingOrder {index:41;}">
                <Coords points="267,1610 1040,1607 1052,1568 267,1573"/>
                <Baseline points="272,1595 310,1595 349,1595 388,1595 427,1595 465,1595 504,1595 543,1595 582,1593 620,1593 659,1593 698,1593 737,1592 775,1592 814,1592 853,1592 892,1592 930,1592 969,1592 1008,1593 1047,1593"/>
                <TextEquiv>
                    <Unicode>tioris Thessalonicensium 2. versiculo decimo, 11, 12. Et cum omnise</Unicode>
                </TextEquiv>
            </TextLine>
            <TextLine id="r1l87" custom="readingOrder {index:42;}">
                <Coords points="271,1637 1062,1636 1061,1610 1016,1603 271,1607"/>
                <Baseline points="276,1629 315,1628 354,1628 393,1628 432,1628 471,1628 510,1628 549,1626 588,1626 627,1626 666,1626 705,1626 744,1626 783,1625 822,1625 861,1625 900,1625 939,1625 978,1625 1017,1626 1056,1626"/>
                <TextEquiv>
                    <Unicode>ductione iniustitiae in iis qui pereunt: propterea quod amorem veritatis non</Unicode>
                </TextEquiv>
            </TextLine>
            <TextLine id="r1l89" custom="readingOrder {index:43;}">
                <Coords points="276,1675 1033,1676 1057,1669 1057,1633 276,1643"/>
                <Baseline points="281,1662 319,1662 358,1662 396,1662 435,1662 473,1662 512,1661 550,1661 589,1661 627,1661 666,1661 705,1661 743,1661 782,1661 820,1661 859,1659 897,1659 936,1659 974,1659 1013,1659 1052,1659"/>
                <TextEquiv>
                    <Unicode>receperunt ut salvi fierent: Ideo igitur mittet eis Deus efficaciam erroris</Unicode>
                </TextEquiv>
            </TextLine>
            <TextLine id="r1l91" custom="readingOrder {index:44;}">
                <Coords points="270,1707 1062,1714 1061,1671 1018,1666 270,1676"/>
                <Baseline points="275,1697 314,1697 353,1697 392,1697 431,1695 470,1695 509,1695 548,1695 587,1695 626,1695 665,1695 704,1695 743,1695 782,1695 821,1695 860,1695 899,1695 938,1695 977,1695 1016,1695 1056,1695"/>
                <TextEquiv>
                    <Unicode>ut credant mendacio: Ut damnentur omnes qui non crediderint veritati,</Unicode>
                </TextEquiv>
            </TextLine>
            <TextLine id="r1l93" custom="readingOrder {index:45;}">
                <Coords points="274,1749 297,1737 348,1751 372,1736 391,1743 453,1734 507,1747 589,1738 588,1708 574,1706 273,1708"/>
                <Baseline points="279,1734 304,1732 329,1730 355,1728 380,1728 406,1727 431,1727 456,1727 482,1728 507,1728 533,1728 558,1728 584,1727"/>
                <TextEquiv>
                    <Unicode>sed acquieverint in injustitia</Unicode>
                </TextEquiv>
            </TextLine>
            <TextLine id="r1l95" custom="readingOrder {index:46;}">
                <Coords points="309,1772 1030,1779 1051,1733 309,1742"/>
                <Baseline points="314,1764 350,1764 387,1764 423,1763 460,1763 497,1763 533,1763 570,1763 606,1761 643,1761 680,1761 716,1761 753,1761 789,1761 826,1761 863,1761 899,1761 936,1761 972,1761 1009,1761 1046,1761"/>
                <TextEquiv>
                    <Unicode>V. Indocilitas ob praejudicia quibus plurimi imbuti sunt, Je</Unicode>
                </TextEquiv>
            </TextLine>
            <TextLine id="r1l97" custom="readingOrder {index:47;}">
                <Coords points="280,1812 1006,1812 1066,1804 1066,1772 280,1774"/>
                <Baseline points="285,1797 323,1797 362,1796 401,1796 440,1796 479,1796 517,1794 556,1794 595,1794 634,1794 673,1794 711,1794 750,1794 789,1794 828,1794 867,1794 905,1794 944,1795 983,1796 1022,1796 1061,1796"/>
                <TextEquiv>
                    <Unicode>remiae vigesimotertio, versiculo vigesimooctavo. Quid isti pateae</Unicode>
                </TextEquiv>
            </TextLine>
            <TextLine id="r1l99" custom="readingOrder {index:48;}">
                <Coords points="276,1843 938,1846 1063,1836 1063,1809 276,1813"/>
                <Baseline points="281,1830 319,1830 358,1830 397,1830 436,1830 475,1829 514,1829 552,1829 591,1829 630,1829 669,1829 708,1829 747,1829 786,1829 824,1829 863,1829 902,1829 941,1829 980,1829 1019,1829 1058,1829"/>
                <TextEquiv>
                    <Unicode>cum tritico? dicit Dominus Matth. decimosexto, v. sexto Jesus dixit: </Unicode>
                </TextEquiv>
            </TextLine>
            <TextLine id="r1l101" custom="readingOrder {index:49;}">
                <Coords points="276,1874 984,1876 1064,1870 1064,1836 275,1843"/>
                <Baseline points="281,1865 319,1865 358,1865 397,1864 436,1863 475,1863 514,1863 553,1863 592,1863 631,1863 670,1862 708,1862 747,1862 786,1862 825,1862 864,1862 903,1862 942,1862 981,1862 1020,1863 1059,1863"/>
                <TextEquiv>
                    <Unicode>Videte &amp; cavete a firmento Pharisaeorum &amp; Saducaeorum. Colossens.</Unicode>
                </TextEquiv>
            </TextLine>
            <TextLine id="r1l103" custom="readingOrder {index:50;}">
                <Coords points="264,1915 1032,1915 1050,1872 264,1889"/>
                <Baseline points="269,1896 307,1898 346,1898 385,1898 424,1898 462,1898 501,1898 540,1898 579,1898 617,1898 656,1898 695,1898 734,1898 772,1898 811,1898 850,1898 889,1898 927,1898 966,1898 1005,1898 1044,1899"/>
                <TextEquiv>
                    <Unicode>2. 8. Videte ne quis sit qui vos depraedetur per Philosophiam &amp; inanem se¬</Unicode>
                </TextEquiv>
            </TextLine>
            <TextLine id="r1l105" custom="readingOrder {index:51;}">
                <Coords points="268,1946 287,1948 309,1939 320,1943 338,1936 358,1949 371,1940 384,1941 384,1917 359,1915 352,1918 348,1914 341,1917 333,1910 329,1913 316,1906 302,1908 298,1913 290,1907 268,1915"/>
                <Baseline points="273,1932 299,1931 325,1931 351,1931 378,1932"/>
                <TextEquiv>
                    <Unicode>ductianem</Unicode>
                </TextEquiv>
            </TextLine>
            <TextLine id="r1l107" custom="readingOrder {index:52;}">
                <Coords points="300,1970 355,1966 368,1980 417,1986 508,1973 710,1978 710,1939 300,1939"/>
                <Baseline points="305,1962 330,1964 355,1964 380,1965 405,1965 430,1965 455,1965 480,1965 505,1965 530,1965 555,1965 580,1965 605,1965 630,1965 655,1965 680,1966 705,1967"/>
                <TextEquiv>
                    <Unicode>VI. Neglectus voluntatis divinae</Unicode>
                </TextEquiv>
            </TextLine>
            <TextLine id="r1l109" custom="readingOrder {index:53;}">
                <Coords points="296,2005 1045,2013 1045,1974 964,1960 825,1979 296,1973"/>
                <Baseline points="302,1998 338,1998 375,1998 412,1998 449,1998 486,1998 523,1998 560,1998 597,1998 634,1998 671,1998 707,1998 744,1998 781,1998 818,1998 855,1998 892,1997 929,1997 966,1997 1003,1998 1040,1998"/>
                <TextEquiv>
                    <Unicode>VII. Ignoratio Catecheseos &amp; primorum religionis dogma</Unicode>
                </TextEquiv>
            </TextLine>
            <TextLine id="r1l111" custom="readingOrder {index:54;}">
                <Coords points="264,2044 1046,2040 1046,2013 264,2007"/>
                <Baseline points="269,2033 307,2033 346,2033 384,2033 423,2033 462,2033 500,2033 539,2033 577,2033 616,2033 655,2033 693,2033 732,2033 770,2033 809,2033 848,2033 886,2033 925,2033 963,2031 1002,2031 1041,2031"/>
                <TextEquiv>
                    <Unicode>tum Hebraeorum quinto, versuculo duodecimo. Vos enim, quos opor¬</Unicode>
                </TextEquiv>
            </TextLine>
            <TextLine id="r1l113" custom="readingOrder {index:55;}">
                <Coords points="261,2083 1046,2082 1046,2043 261,2050"/>
                <Baseline points="266,2066 304,2067 343,2067 382,2067 421,2067 459,2067 498,2067 537,2067 576,2067 614,2067 653,2067 692,2067 731,2067 769,2066 808,2066 847,2066 886,2066 924,2066 963,2066 1002,2067 1041,2067"/>
                <TextEquiv>
                    <Unicode>tuit pro temporis ratione doctores esse, rursum opus est deceri quae sint cle¬</Unicode>
                </TextEquiv>
            </TextLine>
            <TextLine id="r1l115" custom="readingOrder {index:56;}">
                <Coords points="270,2110 1043,2115 1043,2085 999,2076 270,2084"/>
                <Baseline points="275,2100 313,2100 351,2102 389,2102 427,2102 465,2102 503,2102 542,2102 580,2102 618,2102 656,2102 694,2102 732,2102 770,2102 809,2102 847,2102 885,2102 923,2102 961,2102 999,2101 1038,2100"/>
                <TextEquiv>
                    <Unicode>menta initum eloquiorum Dei, factique estis ii quibus lucte sit opu, &amp; non</Unicode>
                </TextEquiv>
            </TextLine>
            <TextLine id="r1l117" custom="readingOrder {index:57;}">
                <Coords points="257,2159 274,2157 287,2145 302,2142 312,2145 328,2140 338,2145 349,2140 353,2144 366,2141 378,2146 376,2114 362,2108 354,2107 339,2116 323,2116 314,2108 302,2111 289,2107 255,2121"/>
                <Baseline points="261,2142 288,2135 316,2133 344,2133 372,2133"/>
                <TextEquiv>
                    <Unicode>solido cibo</Unicode>
                </TextEquiv>
            </TextLine>
            <TextLine id="r1l119" custom="readingOrder {index:58;}">
                <Coords points="307,2182 985,2188 1050,2178 1050,2139 307,2141"/>
                <Baseline points="312,2168 348,2168 385,2168 421,2168 458,2168 495,2168 531,2168 568,2168 604,2168 641,2168 678,2168 714,2168 751,2168 787,2169 824,2169 861,2169 897,2168 934,2168 970,2168 1007,2168 1044,2168"/>
                <TextEquiv>
                    <Unicode>VIII. Ignoratio linguarum, I. Corinthiorum 14. v. 11. Nisi scie¬</Unicode>
                </TextEquiv>
            </TextLine>
            <TextLine id="r1l121" custom="readingOrder {index:59;}">
                <Coords points="258,2208 1051,2222 1051,2181 1018,2179 258,2185"/>
                <Baseline points="263,2199 302,2201 341,2201 380,2202 419,2204 458,2204 497,2204 537,2205 576,2205 615,2205 654,2205 693,2205 732,2205 771,2205 811,2205 850,2205 889,2204 928,2204 967,2204 1006,2205 1046,2205"/>
                <TextEquiv>
                    <Unicode>ro vim vocis, ero ei, qui loquitur barbarus: &amp; qui loquitur, apud me bar¬</Unicode>
                </TextEquiv>
            </TextLine>
            <TextLine id="r1l123" custom="readingOrder {index:60;}">
                <Coords points="261,2244 300,2242 305,2246 312,2242 340,2255 356,2242 400,2243 400,2216 389,2213 338,2212 326,2216 261,2209"/>
                <Baseline points="266,2235 291,2235 317,2235 343,2235 369,2235 395,2235"/>
                <TextEquiv>
                    <Unicode>barus fperit.</Unicode>
                </TextEquiv>
            </TextLine>
            <TextLine id="r1l125" custom="readingOrder {index:61;}">
                <Coords points="288,2276 1046,2283 1046,2242 288,2245"/>
                <Baseline points="293,2268 330,2270 367,2270 405,2270 442,2270 480,2270 517,2270 554,2270 592,2270 629,2270 667,2270 704,2270 741,2270 779,2270 816,2270 854,2270 891,2270 928,2271 966,2271 1003,2271 1041,2273"/>
                <TextEquiv>
                    <Unicode>IX. Dubitatio de veritate Scripturae Sacrae, Augustinus epist. 19.</Unicode>
                </TextEquiv>
            </TextLine>
            <TextLine id="r1l127" custom="readingOrder {index:62;}">
                <Coords points="258,2312 1051,2320 1028,2284 258,2277"/>
                <Baseline points="263,2301 302,2303 341,2303 380,2304 419,2304 458,2304 497,2305 537,2306 576,2306 615,2306 654,2306 693,2307 732,2307 771,2307 811,2307 850,2307 889,2307 928,2307 967,2306 1006,2306 1046,2306"/>
                <TextEquiv>
                    <Unicode>De Prophetarum &amp; Apostolorum icripiis quod omni errore careant du¬</Unicode>
                </TextEquiv>
            </TextLine>
            <TextLine id="r1l129" custom="readingOrder {index:63;}">
                <Coords points="259,2354 304,2342 357,2353 385,2344 436,2348 446,2356 464,2352 464,2312 449,2322 417,2317 409,2322 398,2315 387,2322 370,2313 329,2323 259,2311"/>
                <Baseline points="264,2336 291,2336 319,2336 347,2336 375,2336 403,2337 431,2337 459,2339"/>
                <TextEquiv>
                    <Unicode>bitare nefarium est.</Unicode>
                </TextEquiv>
            </TextLine>
            <TextLine id="r1l131" custom="readingOrder {index:64;}">
                <Coords points="283,2380 877,2390 933,2387 934,2351 283,2347"/>
                <Baseline points="288,2369 320,2369 352,2370 384,2370 416,2370 448,2372 480,2372 512,2372 544,2373 576,2373 608,2373 640,2373 672,2375 704,2375 736,2375 768,2375 800,2375 832,2375 864,2375 896,2373 929,2373"/>
                <TextEquiv>
                    <Unicode>Impedimenta contraria mediis secundi ordinis sunt, </Unicode>
                </TextEquiv>
            </TextLine>
            <TextLine id="r1l133" custom="readingOrder {index:65;}">
                <Coords points="286,2413 923,2421 923,2388 286,2381"/>
                <Baseline points="291,2405 322,2405 353,2405 385,2405 416,2405 447,2405 479,2406 510,2406 541,2406 573,2408 604,2408 635,2408 667,2409 698,2409 729,2409 761,2409 792,2409 823,2409 855,2409 886,2408 918,2408"/>
                <TextEquiv>
                    <Unicode>I. Negligentia in lectione &amp; scrutatione scripturae</Unicode>
                </TextEquiv>
            </TextLine>
            <TextLine id="r1l135" custom="readingOrder {index:66;}">
                <Coords points="292,2451 941,2456 928,2420 292,2415"/>
                <Baseline points="297,2438 330,2439 364,2439 397,2441 431,2441 465,2441 498,2441 532,2441 566,2441 599,2441 633,2441 666,2441 700,2441 734,2441 767,2441 801,2442 835,2442 868,2442 902,2444 936,2444"/>
                <TextEquiv>
                    <Unicode>II. Neglectio fontium Hebraicorum &amp; Graecorum.</Unicode>
                </TextEquiv>
            </TextLine>
            <TextLine id="r1l137" custom="readingOrder {index:67;}">
                <Coords points="286,2484 1043,2485 1043,2457 998,2445 372,2447 343,2465 286,2448"/>
                <Baseline points="291,2469 328,2471 365,2474 403,2474 440,2475 477,2475 515,2477 552,2477 589,2477 627,2477 664,2478 701,2478 739,2478 776,2478 813,2478 851,2478 888,2478 925,2478 963,2478 1000,2478 1038,2478"/>
                <TextEquiv>
                    <Unicode>IIl. Ignoratio Christi Coloss. 2. 8 Videte ne quis sit qui vos deprae¬</Unicode>
                </TextEquiv>
            </TextLine>
            <TextLine id="line_1613231561906_3061" custom="readingOrder {index:68;}">
                <Coords points="255,2522 1065,2522 1058,2484 256,2478"/>
                <Baseline points="260,2505 301,2506 342,2507 383,2508 424,2508 465,2510 506,2510 547,2510 588,2511 629,2511 670,2511 711,2511 752,2511 793,2511 834,2511 875,2511 916,2513 957,2513 998,2513 1039,2513 1060,2513"/>
                <TextEquiv>
                    <Unicode>detur pr Philosophiam &amp; inanem se luctionem secundum traditionem ho¬</Unicode>
                </TextEquiv>
            </TextLine>
            <TextLine id="r1l141" custom="readingOrder {index:69;}">
                <Coords points="256,2554 1040,2562 1040,2530 981,2523 256,2525"/>
                <Baseline points="261,2540 299,2540 338,2541 377,2543 415,2543 454,2543 493,2544 531,2544 570,2544 609,2544 648,2544 686,2544 725,2544 764,2545 802,2546 841,2546 880,2546 918,2546 957,2547 996,2547 1035,2549"/>
                <TextEquiv>
                    <Unicode>minum, secundum elementa mundi, &amp; non secundum Christum. 2. Cor. 3.</Unicode>
                </TextEquiv>
            </TextLine>
            <TextLine id="r1l143" custom="readingOrder {index:70;}">
                <Coords points="248,2583 1046,2595 1045,2564 948,2553 690,2572 249,2556"/>
                <Baseline points="254,2574 293,2574 332,2576 372,2576 411,2577 450,2577 490,2578 529,2579 568,2579 608,2579 647,2579 686,2579 726,2579 765,2579 804,2580 844,2580 883,2580 922,2580 962,2582 1001,2582 1041,2583"/>
                <TextEquiv>
                    <Unicode>v. 14. Itaque occalluerunt mentes illorum. Nam usque ad diem hodiernum,</Unicode>
                </TextEquiv>
            </TextLine>
            <TextLine id="r1l145" custom="readingOrder {index:71;}">
                <Coords points="259,2616 1046,2630 1035,2592 259,2589"/>
                <Baseline points="264,2609 302,2609 341,2609 380,2609 419,2610 458,2610 497,2612 535,2612 574,2613 613,2613 652,2615 691,2615 730,2615 769,2616 807,2616 846,2616 885,2616 924,2616 963,2616 1002,2615 1041,2615"/>
                <TextEquiv>
                    <Unicode>in lectione Veteris pacti manet non retectum velamen illud, quod in Chri¬</Unicode>
                </TextEquiv>
            </TextLine>
            <TextLine id="r1l147" custom="readingOrder {index:72;}">
                <Coords points="244,2663 263,2665 283,2647 350,2649 361,2659 379,2651 530,2652 530,2625 515,2630 494,2620 462,2621 452,2631 404,2616 244,2624"/>
                <Baseline points="249,2645 274,2644 299,2643 324,2643 349,2642 374,2642 399,2642 424,2642 449,2643 474,2643 499,2644 525,2645"/>
                <TextEquiv>
                    <Unicode>sto inutile factum tollitur?</Unicode>
                </TextEquiv>
            </TextLine>
            <TextLine id="r1l149" custom="readingOrder {index:73;}">
                <Coords points="286,2684 947,2698 947,2659 914,2653 286,2652"/>
                <Baseline points="291,2675 323,2676 356,2676 388,2677 421,2678 453,2678 486,2678 518,2679 551,2679 583,2679 616,2679 649,2680 681,2681 714,2681 746,2681 779,2681 811,2681 844,2682 876,2682 909,2682 942,2684"/>
                <TextEquiv>
                    <Unicode>IV. Ignorantia discriminis inter legem &amp; Evangelium.</Unicode>
                </TextEquiv>
            </TextLine>
            <TextLine id="r1l151" custom="readingOrder {index:74;}">
                <Coords points="294,2722 806,2735 873,2731 874,2700 295,2686"/>
                <Baseline points="299,2712 327,2711 356,2711 384,2711 413,2711 441,2711 470,2711 498,2711 527,2711 555,2712 584,2712 612,2712 641,2712 669,2714 698,2714 726,2714 755,2715 783,2715 812,2715 840,2715 869,2717"/>
                <TextEquiv>
                    <Unicode>V. Neglectus ordinis in meditatione Scripturae.</Unicode>
                </TextEquiv>
            </TextLine>
            <TextLine id="r1l153" custom="readingOrder {index:75;}">
                <Coords points="288,2753 1039,2762 1039,2732 929,2718 288,2722"/>
                <Baseline points="293,2744 330,2744 367,2744 404,2744 441,2745 478,2745 515,2745 552,2746 589,2747 626,2747 663,2747 700,2748 737,2748 774,2749 811,2750 848,2750 885,2751 922,2751 959,2752 996,2753 1034,2754"/>
                <TextEquiv>
                    <Unicode>VI. Ignoratio significationis &amp; acceptionis vocum. Plurimum</Unicode>
                </TextEquiv>
            </TextLine>
            <TextLine id="r1l155" custom="readingOrder {index:76;}">
                <Coords points="250,2794 419,2786 452,2799 507,2783 523,2795 710,2795 734,2790 735,2767 539,2755 509,2771 449,2753 355,2765 250,2750"/>
                <Baseline points="255,2777 281,2777 307,2777 334,2778 360,2778 386,2778 413,2778 439,2780 465,2780 492,2780 518,2780 544,2780 571,2780 597,2781 623,2781 650,2781 676,2781 702,2782 729,2783"/>
                <TextEquiv>
                    <Unicode>obest iis qui τῶ ρητοῳ nimium adhaerent.</Unicode>
                </TextEquiv>
            </TextLine>
            <TextLine id="r1l157" custom="readingOrder {index:77;}">
                <Coords points="286,2821 807,2828 842,2810 975,2835 1043,2826 1044,2797 286,2785"/>
                <Baseline points="291,2813 328,2813 365,2813 403,2813 440,2813 477,2813 515,2813 552,2814 589,2814 627,2814 664,2814 701,2816 739,2816 776,2816 813,2816 851,2817 888,2817 925,2818 963,2819 1000,2819 1038,2819"/>
                <TextEquiv>
                    <Unicode>VII. Omissio collationis locorum similium de eadem, re a¬</Unicode>
                </TextEquiv>
            </TextLine>
            <TextLine id="line_1613231561908_3063" custom="readingOrder {index:78;}">
                <Coords points="250,2863 1058,2858 1037,2829 250,2822"/>
                <Baseline points="255,2846 296,2846 338,2847 379,2847 421,2847 462,2847 504,2849 545,2849 587,2849 628,2849 670,2850 711,2850 753,2850 794,2850 836,2852 877,2852 919,2852 960,2852 1002,2852 1043,2853 1053,2853"/>
                <TextEquiv>
                    <Unicode>gentium: aut collatio locorum qui aut non agunt de re eadem, aut </Unicode>
                </TextEquiv>
            </TextLine>
            <TextLine id="r1l162" custom="readingOrder {index:79;}">
                <Coords points="243,2896 306,2885 351,2893 356,2887 392,2895 460,2894 460,2857 401,2866 361,2862 349,2854 319,2866 279,2859 266,2867 243,2866"/>
                <Baseline points="248,2880 273,2879 299,2879 325,2879 351,2878 377,2879 403,2879 429,2881 455,2883"/>
                <TextEquiv>
                    <Unicode>non eodenm modo</Unicode>
                </TextEquiv>
            </TextLine>
            <TextLine id="r1l164" custom="readingOrder {index:80;}">
                <Coords points="289,2920 952,2937 1036,2930 1037,2894 289,2891"/>
                <Baseline points="294,2912 330,2913 367,2914 404,2915 441,2916 478,2916 515,2916 551,2916 588,2916 625,2916 662,2916 699,2916 736,2916 773,2916 809,2916 846,2916 883,2916 920,2916 957,2918 994,2919 1031,2919"/>
                <TextEquiv>
                    <Unicode>VIII. Praeteritio locorum dissimilium quorum sensus exquiritur?</Unicode>
                </TextEquiv>
            </TextLine>
            <TextLine id="r1l166" custom="readingOrder {index:81;}">
                <Coords points="285,2962 1046,2964 1046,2932 980,2925 285,2925"/>
                <Baseline points="290,2946 327,2948 365,2949 402,2949 440,2951 477,2951 515,2951 552,2952 590,2952 627,2952 665,2952 703,2952 740,2952 778,2952 815,2952 853,2952 890,2952 928,2952 965,2952 1003,2953 1041,2954"/>
                <TextEquiv>
                    <Unicode>IX Xαιvοφωνια, novatio vocum, prioris Timoth. 3 versic. 3. 4.</Unicode>
                </TextEquiv>
            </TextLine>
            <TextLine id="r1l168" custom="readingOrder {index:82;}">
                <Coords points="253,2994 1016,2998 1040,2971 253,2954"/>
                <Baseline points="258,2978 296,2979 335,2981 374,2981 413,2982 452,2983 490,2984 529,2984 568,2985 607,2985 646,2985 684,2987 723,2987 762,2987 801,2987 840,2987 878,2987 917,2987 956,2987 995,2987 1034,2987"/>
                <TextEquiv>
                    <Unicode>Si quis diversam decet dectrinam, neque accedt sanis sermon bus De.</Unicode>
                </TextEquiv>
            </TextLine>
            <TextLine id="r1l171" custom="readingOrder {index:83;}">
                <Coords points="253,3020 1031,3026 1019,2998 927,2993 253,2997"/>
                <Baseline points="258,3011 296,3012 334,3013 373,3015 411,3015 450,3017 488,3017 526,3018 565,3018 603,3019 642,3020 680,3020 718,3020 757,3020 795,3021 834,3021 872,3021 910,3021 949,3021 987,3020 1026,3020"/>
                <TextEquiv>
                    <Unicode>mini nostri se u Christi, &amp; eiquae secundum pietatem est dectrinae, Is in</Unicode>
                </TextEquiv>
            </TextLine>
            <TextLine id="r1l173" custom="readingOrder {index:84;}">
                <Coords points="243,3069 281,3051 1034,3068 1025,3027 484,3041 244,3020"/>
                <Baseline points="249,3045 288,3047 327,3048 366,3048 405,3050 444,3050 483,3051 522,3051 561,3052 600,3053 639,3053 678,3053 717,3053 756,3054 795,3054 834,3054 873,3054 912,3054 951,3056 990,3056 1029,3056"/>
                <TextEquiv>
                    <Unicode>flatus est, nihil sciens, sed insaniens erca quaestiores ac pugnas de virbis.</Unicode>
                </TextEquiv>
            </TextLine>
            <TextLine id="r1l175" custom="readingOrder {index:85;}">
                <Coords points="283,3088 920,3102 920,3070 880,3057 835,3073 283,3057"/>
                <Baseline points="288,3080 319,3080 350,3080 382,3081 413,3081 444,3081 476,3083 507,3083 538,3084 570,3084 601,3086 632,3086 664,3087 695,3087 726,3088 758,3089 789,3089 820,3089 852,3089 883,3089 915,3089"/>
                <TextEquiv>
                    <Unicode>X. Investigatio sensus &amp; usus neglecta analogia fide</Unicode>
                </TextEquiv>
            </TextLine>
            <TextLine id="r1l177" custom="readingOrder {index:86;}">
                <Coords points="288,3123 896,3142 1018,3137 1040,3101 289,3088"/>
                <Baseline points="294,3113 331,3113 368,3114 405,3114 442,3116 479,3116 516,3116 553,3117 590,3118 627,3119 664,3120 701,3120 738,3120 775,3122 812,3122 849,3122 886,3123 923,3123 960,3123 997,3123 1034,3123"/>
                <TextEquiv>
                    <Unicode>XI. Arrogantia quam quis contemnit aliorum interpretationes</Unicode>
                </TextEquiv>
            </TextLine>
            <TextLine id="r1l179" custom="readingOrder {index:87;}">
                <Coords points="256,3155 1030,3170 1030,3133 256,3117"/>
                <Baseline points="261,3146 299,3147 337,3147 375,3147 413,3149 452,3149 490,3150 528,3150 566,3151 604,3152 643,3153 681,3153 719,3155 757,3155 795,3156 834,3156 872,3158 910,3158 948,3158 986,3159 1025,3159"/>
                <TextEquiv>
                    <Unicode>&amp; exercitia ad Scripturae cognitionem conferentia, prima Thesi</Unicode>
                </TextEquiv>
            </TextLine>
            <TextLine id="r1l181" custom="readingOrder {index:88;}">
                <Coords points="249,3193 1036,3202 1036,3181 966,3161 250,3155"/>
                <Baseline points="255,3179 293,3180 332,3180 371,3180 410,3180 449,3182 487,3182 526,3183 565,3185 604,3185 643,3186 681,3188 720,3188 759,3189 798,3189 837,3191 875,3191 914,3191 953,3192 992,3192 1031,3192"/>
                <TextEquiv>
                    <Unicode>salonicenses quinto, vigesimo Prophitias,e pro mhilo haler¬</Unicode>
                </TextEquiv>
            </TextLine>
            <TextLine id="r1l183" custom="readingOrder {index:89;}">
                <Coords points="279,3226 805,3250 1024,3234 1025,3205 279,3191"/>
                <Baseline points="284,3215 320,3215 357,3216 394,3216 431,3218 467,3218 504,3218 541,3219 578,3219 614,3220 651,3221 688,3221 725,3222 761,3222 798,3223 835,3224 872,3224 908,3225 945,3226 982,3228 1019,3228"/>
                <TextEquiv>
                    <Unicode>XII. Ignoratio artium &amp; disciplinarum quae verbo Dei famu¬</Unicode>
                </TextEquiv>
            </TextLine>
            <TextLine id="r1l185" custom="readingOrder {index:90;}">
                <Coords points="240,3258 264,3258 268,3254 283,3255 292,3259 321,3257 323,3227 262,3226 250,3213 242,3213"/>
                <Baseline points="245,3246 281,3246 317,3249"/>
                <TextEquiv>
                    <Unicode>lantur.</Unicode>
                </TextEquiv>
            </TextLine>
            <TextLine id="r1l187" custom="readingOrder {index:91;}">
                <Coords points="272,3290 587,3291 650,3314 698,3296 721,3313 887,3303 888,3266 850,3260 273,3254"/>
                <Baseline points="278,3281 308,3281 338,3281 368,3281 398,3281 429,3282 459,3282 489,3282 519,3284 549,3284 580,3284 610,3285 640,3285 670,3287 700,3287 731,3288 761,3288 791,3289 821,3290 851,3290 882,3290"/>
                <TextEquiv>
                    <Unicode>Impedimenta contratia mediis tertii ordinis sunt: </Unicode>
                </TextEquiv>
            </TextLine>
            <TextLine id="r1l189" custom="readingOrder {index:92;}">
                <Coords points="273,3324 342,3343 428,3332 502,3346 553,3337 574,3347 604,3334 605,3301 529,3293 460,3302 443,3291 424,3301 347,3292 297,3303 273,3291"/>
                <Baseline points="278,3315 304,3317 331,3317 358,3318 385,3318 411,3318 438,3319 465,3320 492,3320 518,3320 545,3320 572,3321 599,3321"/>
                <TextEquiv>
                    <Unicode>I. In gratitudo erga Deum;</Unicode>
                </TextEquiv>
            </TextLine>
            <TextEquiv>
                <Unicode>octavo, versiculo quineo, sexto, septimo. Nam qui secundum carnem
sum, quae carnis subs sapiun, iqui vero sunt secundum Spiritum, quae Spi¬
ritis: sant; Nam quod sapit caro, mors est: quod autem sapit Sprritus, vi
ta &amp; pax: Quoniam quod sapit caro, inimicitia est adversus Deum. Legi,
Dei non suhjicitur: nam ne potest quidem. Prioris Corinthiorum ter¬
tio, versiculo decimonono. Sapientia mundi hujus stultitia est apud
Deum: scriptum est enim: Carpit serpentes in versutia ipsorum.
II. Caecitas naturalis, qua nostrapte natura ad verbum Dei in
telligendum ineptissimi sumus, prioris Corinthiorum secundo,
versiculo decimoquarto. Animalis autem homo non est capax eorum.
quae sunt spiritus Dei: sunt enim ei stultitia, nec potist ea cognoscere, quid 
spiritualiter dijudicantur? Quae retinetur &amp; augetur omissione pre¬
cum ad Deum, aut non recte precando, Iacobi primo, versiculo
quinto, sexto &amp; octavo. Quod si cui vest um deest sapientia, petito a
Deo, qui dat eam omnibus benigne, nec exprobrat: &amp; dabitur ei. Sed po¬
stulet cam fide, nihil ambigens: nam qui ambigit, similis est fluctui maris
qui ventis agitatur &amp; jactatur. Non enim existimet homo ille, se quid 
quam accepturum a Domino: Ut qui sit vir animo duplici, &amp; inquietus
in omnibus viis suis.
III. Impietas, Matthaei decimotertio, versiculo decimo, &amp; se¬
quentibus: Tunc accedentes d scipuli dixerunt ei, Quare per parabolas lo¬
queris is? ipse vero respondens, dixit eis, Quia vobis datum est nosse my¬
Seria regni coelorum, illis autem non est datum. Quisqui enim habet da¬
bitur ei, &amp; amplius habebit: quisquis autem non habet: etiam quod ha¬
bit tolletur ab eo. Propterea per parabolas loquor cis, quia videntes non vi¬
dens, &amp; audientes non audiunt neque intelligunt. Itaque completur in i¬
psis Prophetia Isaiae, quae dicit, Auditis audietis, &amp; non intelligetis: &amp; vi¬
dentes videbitis, &amp; non cernetis. Crassum enim est factum cor populi hu¬
jus, &amp; auribus graviter audierunt, &amp; oculis suis connivirunt: ne quandi
ternant oculis, &amp; auribus audiant, &amp; corde intelligant, &amp; se convertant,
&amp; sanem εos, prioris Corinthiorum primo, decimooctavo. Nam
sermo ille de cruce, iis quidem qui percuit, stultitia est. Et posterioris
Corinthiorum quarto, versiculo tertio, quarto. Quod si opertum
est Evangelium nestrum iis qui pereunt opertum est In quibus Deus hu¬
jus seculi excaecavit mentes, nempainfidelibus, ne irradiet illos illustratio 
Evangelij gloriae Christi, qui est imago Dei, 2Petr. 3. 16, 17. Ut in omni¬
bus fere epistolis, loquens de istis, in quibus sunt nonnulla difficilia intelle¬
ctu, quae indocti parumque stabiles detorquent, ut &amp; reliquas scripturas
suo ipsorum exitio. Vos igitur, dilecti, istorum praescij cum sitis, cauete ni
lorum nefariorum errore cum illis abducti, excidatis a propria stabilitate.
IV. Qdium &amp; fastidium veritatis atque adeo Scripturae, poste
tioris Thessalonicensium 2. versiculo decimo, 11, 12. Et cum omnise
ductione iniustitiae in iis qui pereunt: propterea quod amorem veritatis non
receperunt ut salvi fierent: Ideo igitur mittet eis Deus efficaciam erroris
ut credant mendacio: Ut damnentur omnes qui non crediderint veritati,
sed acquieverint in injustitia
V. Indocilitas ob praejudicia quibus plurimi imbuti sunt, Je
remiae vigesimotertio, versiculo vigesimooctavo. Quid isti pateae
cum tritico? dicit Dominus Matth. decimosexto, v. sexto Jesus dixit: 
Videte &amp; cavete a firmento Pharisaeorum &amp; Saducaeorum. Colossens.
2. 8. Videte ne quis sit qui vos depraedetur per Philosophiam &amp; inanem se¬
ductianem
VI. Neglectus voluntatis divinae
VII. Ignoratio Catecheseos &amp; primorum religionis dogma
tum Hebraeorum quinto, versuculo duodecimo. Vos enim, quos opor¬
tuit pro temporis ratione doctores esse, rursum opus est deceri quae sint cle¬
menta initum eloquiorum Dei, factique estis ii quibus lucte sit opu, &amp; non
solido cibo
VIII. Ignoratio linguarum, I. Corinthiorum 14. v. 11. Nisi scie¬
ro vim vocis, ero ei, qui loquitur barbarus: &amp; qui loquitur, apud me bar¬
barus fperit.
IX. Dubitatio de veritate Scripturae Sacrae, Augustinus epist. 19.
De Prophetarum &amp; Apostolorum icripiis quod omni errore careant du¬
bitare nefarium est.
Impedimenta contraria mediis secundi ordinis sunt, 
I. Negligentia in lectione &amp; scrutatione scripturae
II. Neglectio fontium Hebraicorum &amp; Graecorum.
IIl. Ignoratio Christi Coloss. 2. 8 Videte ne quis sit qui vos deprae¬
detur pr Philosophiam &amp; inanem se luctionem secundum traditionem ho¬
minum, secundum elementa mundi, &amp; non secundum Christum. 2. Cor. 3.
v. 14. Itaque occalluerunt mentes illorum. Nam usque ad diem hodiernum,
in lectione Veteris pacti manet non retectum velamen illud, quod in Chri¬
sto inutile factum tollitur?
IV. Ignorantia discriminis inter legem &amp; Evangelium.
V. Neglectus ordinis in meditatione Scripturae.
VI. Ignoratio significationis &amp; acceptionis vocum. Plurimum
obest iis qui τῶ ρητοῳ nimium adhaerent.
VII. Omissio collationis locorum similium de eadem, re a¬
gentium: aut collatio locorum qui aut non agunt de re eadem, aut 
non eodenm modo
VIII. Praeteritio locorum dissimilium quorum sensus exquiritur?
IX Xαιvοφωνια, novatio vocum, prioris Timoth. 3 versic. 3. 4.
Si quis diversam decet dectrinam, neque accedt sanis sermon bus De.
mini nostri se u Christi, &amp; eiquae secundum pietatem est dectrinae, Is in
flatus est, nihil sciens, sed insaniens erca quaestiores ac pugnas de virbis.
X. Investigatio sensus &amp; usus neglecta analogia fide
XI. Arrogantia quam quis contemnit aliorum interpretationes
&amp; exercitia ad Scripturae cognitionem conferentia, prima Thesi
salonicenses quinto, vigesimo Prophitias,e pro mhilo haler¬
XII. Ignoratio artium &amp; disciplinarum quae verbo Dei famu¬
lantur.
Impedimenta contratia mediis tertii ordinis sunt: 
I. In gratitudo erga Deum;</Unicode>
            </TextEquiv>
        </TextRegion>
        <TextRegion orientation="0.0" id="TextRegion_1613231625930_3083" custom="readingOrder {index:1;}">
            <Coords points="1097,100 1916,100 1919,124 1940,348 1912,3360 1079,3360 1100,2178 1111,1487"/>
            <TextLine id="r1l3" custom="readingOrder {index:0;}">
                <Coords points="1134,194 1913,196 1913,155 1875,149 1134,157"/>
                <Baseline points="1139,186 1177,185 1215,183 1254,182 1292,182 1331,180 1369,180 1408,180 1446,180 1485,180 1523,180 1561,180 1600,182 1638,182 1677,182 1715,182 1754,183 1792,183 1831,183 1869,185 1908,185"/>
                <TextEquiv>
                    <Unicode>II. Omissio repetitionis &amp; ruminationis lectorum vel auditorum</Unicode>
                </TextEquiv>
            </TextLine>
            <TextLine id="r1l5" custom="readingOrder {index:1;}">
                <Coords points="1131,231 1918,228 1918,203 1846,191 1131,197"/>
                <Baseline points="1136,219 1174,219 1213,218 1252,218 1291,216 1330,216 1369,215 1407,215 1446,215 1485,214 1524,213 1563,213 1602,213 1641,213 1679,214 1718,215 1757,215 1796,216 1835,216 1874,218 1913,219"/>
                <TextEquiv>
                    <Unicode>III. Ignavia vel invidia, cum quis non studet, vel non vult com¬</Unicode>
                </TextEquiv>
            </TextLine>
            <TextLine id="r1l7" custom="readingOrder {index:2;}">
                <Coords points="1108,266 1871,273 1912,267 1912,228 1108,236"/>
                <Baseline points="1113,255 1152,254 1192,252 1232,251 1271,251 1311,249 1351,249 1390,249 1430,248 1470,248 1510,248 1549,248 1589,248 1629,249 1668,249 1708,249 1748,251 1787,251 1827,252 1867,252 1907,254"/>
                <TextEquiv>
                    <Unicode>municare cum aliis veritatem a Deo perceptam, Matthaei vigese</Unicode>
                </TextEquiv>
            </TextLine>
            <TextLine id="r1l9" custom="readingOrder {index:3;}">
                <Coords points="1101,300 1913,307 1892,263 1101,269"/>
                <Baseline points="1106,288 1146,288 1186,288 1226,287 1266,287 1306,287 1346,287 1386,287 1426,287 1466,287 1507,287 1547,287 1587,287 1627,287 1667,287 1707,287 1747,288 1787,288 1827,288 1867,290 1908,290"/>
                <TextEquiv>
                    <Unicode>moquinto, versic. vigesimonono: Qui vero non habet, etiam quod ha¬</Unicode>
                </TextEquiv>
            </TextLine>
            <TextLine id="r1l11" custom="readingOrder {index:4;}">
                <Coords points="1098,331 1294,329 1293,300 1275,300 1262,292 1242,306 1180,299 1168,308 1144,301 1097,302"/>
                <Baseline points="1103,323 1129,324 1156,324 1182,323 1209,323 1235,321 1262,321 1289,320"/>
                <TextEquiv>
                    <Unicode>bet, tolletur ab eo</Unicode>
                </TextEquiv>
            </TextLine>
            <TextLine id="r1l13" custom="readingOrder {index:5;}">
                <Coords points="1142,366 1910,366 1909,329 1865,322 1142,333"/>
                <Baseline points="1148,357 1185,357 1223,357 1261,356 1299,356 1337,356 1374,354 1412,354 1450,353 1488,352 1526,351 1563,351 1601,351 1639,351 1677,351 1715,351 1752,353 1790,354 1828,356 1866,357 1904,360"/>
                <TextEquiv>
                    <Unicode>IV. Inobedientia, quum quis ex Scripturae lectione &amp; auscul</Unicode>
                </TextEquiv>
            </TextLine>
            <TextLine id="r1l15" custom="readingOrder {index:6;}">
                <Coords points="1113,407 1922,410 1922,368 1850,364 1113,368"/>
                <Baseline points="1118,393 1160,392 1202,392 1244,392 1286,390 1328,390 1370,390 1412,389 1454,389 1496,389 1538,389 1580,389 1622,389 1664,389 1706,390 1748,390 1790,392 1832,392 1874,393 1917,395"/>
                <TextEquiv>
                    <Unicode>catione non sit melior &amp; probior. 1. Timoth. 1. 19. bona conscientia</Unicode>
                </TextEquiv>
            </TextLine>
            <TextLine id="r1l17" custom="readingOrder {index:7;}">
                <Coords points="1098,442 1585,436 1585,407 1097,412"/>
                <Baseline points="1103,428 1128,428 1153,428 1178,428 1203,426 1228,426 1253,426 1278,425 1303,425 1328,425 1354,425 1379,423 1404,423 1429,423 1454,423 1479,423 1504,423 1529,423 1554,423 1580,425"/>
                <TextEquiv>
                    <Unicode>expu Sa nonnulli naufragium fidei fecerunt.</Unicode>
                </TextEquiv>
            </TextLine>
            <TextLine id="r1l19" custom="readingOrder {index:8;}">
                <Coords points="1136,474 1930,474 1930,443 1894,430 1136,442"/>
                <Baseline points="1142,462 1181,462 1220,461 1259,461 1298,459 1337,459 1376,458 1416,458 1455,458 1494,457 1533,456 1572,456 1611,456 1650,456 1690,456 1729,458 1768,458 1807,459 1846,459 1885,461 1925,462"/>
                <TextEquiv>
                    <Unicode>ADSEPTIMAM quaestionem, Scripturae interpretatio ac dijudica¬</Unicode>
                </TextEquiv>
            </TextLine>
            <TextLine id="line_1613231584598_3071" custom="readingOrder {index:9;}">
                <Coords points="1096,506 1902,508 1921,477 1096,478"/>
                <Baseline points="1101,497 1116,497 1158,497 1200,496 1242,495 1284,495 1326,494 1368,494 1410,492 1452,492 1495,492 1537,492 1579,491 1621,491 1663,492 1705,492 1747,492 1789,494 1831,495 1873,497 1916,498"/>
                <TextEquiv>
                    <Unicode>tio interpretationum controversiarumque religionis unde sit petendai</Unicode>
                </TextEquiv>
            </TextLine>
            <TextLine id="r1l23" custom="readingOrder {index:10;}">
                <Coords points="1134,541 1878,546 1922,539 1922,504 1133,508"/>
                <Baseline points="1139,533 1177,531 1216,531 1255,530 1294,529 1333,528 1372,527 1411,527 1450,527 1489,525 1528,525 1566,525 1605,525 1644,525 1683,525 1722,527 1761,527 1800,528 1839,530 1878,530 1917,533"/>
                <TextEquiv>
                    <Unicode>RESPON. Scripturae interpretatio, sive sensum spoctes, si¬</Unicode>
                </TextEquiv>
            </TextLine>
            <TextLine id="r1l25" custom="readingOrder {index:11;}">
                <Coords points="1102,576 1921,572 1921,545 1833,534 1102,541"/>
                <Baseline points="1107,564 1147,564 1187,564 1228,564 1268,563 1309,563 1349,563 1390,563 1430,561 1471,561 1511,561 1551,561 1592,560 1632,560 1673,560 1713,560 1754,561 1794,561 1835,561 1875,563 1916,563"/>
                <TextEquiv>
                    <Unicode>ve usum, &amp; dijudicatio interpretationum dogmatumque re¬</Unicode>
                </TextEquiv>
            </TextLine>
            <TextLine id="r1l27" custom="readingOrder {index:12;}">
                <Coords points="1120,623 1918,610 1918,581 1855,570 1120,578"/>
                <Baseline points="1125,600 1164,600 1203,599 1243,599 1282,599 1322,599 1361,597 1400,597 1440,597 1479,597 1519,597 1558,596 1597,596 1637,596 1676,596 1716,596 1755,597 1794,597 1834,597 1873,597 1913,599"/>
                <TextEquiv>
                    <Unicode>igionis petenda est a Deo ex ipsa Scriptura: non autem ab Eccle¬</Unicode>
                </TextEquiv>
            </TextLine>
            <TextLine id="r1l29" custom="readingOrder {index:13;}">
                <Coords points="1114,641 1931,649 1931,610 1114,620"/>
                <Baseline points="1119,636 1159,635 1199,635 1240,635 1280,633 1320,633 1361,632 1401,632 1441,630 1482,630 1522,630 1562,630 1603,629 1643,629 1683,630 1724,630 1764,630 1804,631 1845,632 1885,633 1926,635"/>
                <TextEquiv>
                    <Unicode>na Catholica, non ex Patribus &amp; Doctoribus Ecclesiasticis, aut </Unicode>
                </TextEquiv>
            </TextLine>
            <TextLine id="r1l31" custom="readingOrder {index:14;}">
                <Coords points="1110,682 1925,682 1907,643 1110,646"/>
                <Baseline points="1115,669 1155,669 1195,669 1235,669 1276,668 1316,668 1356,668 1396,666 1437,666 1477,666 1517,665 1557,665 1598,665 1638,665 1678,665 1718,665 1759,665 1799,666 1839,666 1879,668 1920,669"/>
                <TextEquiv>
                    <Unicode>Conciliis, aut Romanis Pontificibus, aut consuetudine recepta &amp;</Unicode>
                </TextEquiv>
            </TextLine>
            <TextLine id="r1l34" custom="readingOrder {index:15;}">
                <Coords points="1111,714 1217,715 1217,683 1174,686 1111,684"/>
                <Baseline points="1116,705 1148,705 1180,705 1212,705"/>
                <TextEquiv>
                    <Unicode>currente.</Unicode>
                </TextEquiv>
            </TextLine>
            <TextLine id="r1l35" custom="readingOrder {index:16;}">
                <Coords points="1140,746 1892,754 1925,747 1925,714 1140,717"/>
                <Baseline points="1145,737 1183,738 1222,738 1261,737 1300,737 1338,737 1377,737 1416,735 1455,735 1493,734 1532,734 1571,732 1610,732 1648,732 1687,732 1726,732 1765,734 1803,734 1842,735 1881,737 1920,738"/>
                <TextEquiv>
                    <Unicode>A Deo ex ipsa Scriptura interpretationem Scripturae, ut &amp; diju¬</Unicode>
                </TextEquiv>
            </TextLine>
            <TextLine id="r1l37" custom="readingOrder {index:17;}">
                <Coords points="1111,780 1919,780 1919,753 1876,742 1111,742"/>
                <Baseline points="1116,774 1155,774 1195,773 1235,773 1275,773 1315,771 1355,771 1395,771 1435,771 1475,770 1515,770 1554,770 1594,770 1634,770 1674,770 1714,770 1754,770 1794,770 1834,770 1874,771 1914,771"/>
                <TextEquiv>
                    <Unicode>dicationem interpretationum dogmatumque esse paetendam haec</Unicode>
                </TextEquiv>
            </TextLine>
            <TextLine id="r1l39" custom="readingOrder {index:18;}">
                <Coords points="1120,823 1140,828 1188,814 1404,813 1404,782 1335,791 1304,779 1284,789 1143,784 1120,793"/>
                <Baseline points="1125,807 1152,807 1179,807 1206,807 1234,807 1261,807 1288,807 1316,807 1343,807 1370,807 1398,807"/>
                <TextEquiv>
                    <Unicode>irgumenta confirmant</Unicode>
                </TextEquiv>
            </TextLine>
            <TextLine id="r1l41" custom="readingOrder {index:19;}">
                <Coords points="1140,860 1902,851 1912,803 1140,818"/>
                <Baseline points="1145,842 1183,842 1221,842 1259,840 1297,840 1335,839 1373,839 1411,838 1449,837 1487,836 1526,836 1564,834 1602,834 1640,834 1678,833 1716,833 1754,834 1792,834 1830,836 1868,837 1907,839"/>
                <TextEquiv>
                    <Unicode>I. Quicquid omnium luculentissime &amp; manifestissime res di¬</Unicode>
                </TextEquiv>
            </TextLine>
            <TextLine id="r1l43" custom="readingOrder {index:20;}">
                <Coords points="1106,879 1913,883 1913,851 1852,845 1106,852"/>
                <Baseline points="1112,875 1151,876 1191,876 1231,876 1271,875 1311,875 1350,874 1390,873 1430,872 1470,872 1510,871 1549,870 1589,870 1629,869 1669,869 1709,869 1748,870 1788,870 1828,872 1868,872 1908,875"/>
                <TextEquiv>
                    <Unicode>quinas exponit, inde Scripturae interpretatio petenda: At Scriptura</Unicode>
                </TextEquiv>
            </TextLine>
            <TextLine id="r1l45" custom="readingOrder {index:21;}">
                <Coords points="1114,922 1857,924 1916,916 1916,885 1113,888"/>
                <Baseline points="1119,912 1158,912 1198,912 1237,911 1277,911 1317,909 1356,909 1396,908 1435,907 1475,906 1515,905 1554,905 1594,903 1633,903 1673,903 1713,903 1752,903 1792,905 1831,906 1871,906 1911,909"/>
                <TextEquiv>
                    <Unicode>ipsa omnium luculentissime &amp; manifestissime res divinas exponit</Unicode>
                </TextEquiv>
            </TextLine>
            <TextLine id="r1l47" custom="readingOrder {index:22;}">
                <Coords points="1107,954 1819,970 1915,960 1915,916 1107,928"/>
                <Baseline points="1112,947 1151,945 1191,945 1231,945 1271,944 1311,944 1351,942 1391,942 1431,942 1471,941 1511,941 1550,941 1590,939 1630,939 1670,939 1710,941 1750,941 1790,941 1830,942 1870,944 1910,945"/>
                <TextEquiv>
                    <Unicode>Scriptura Sacra interpretatur seipsam: Est enim vox Dei, qua nulla</Unicode>
                </TextEquiv>
            </TextLine>
            <TextLine id="r1l49" custom="readingOrder {index:23;}">
                <Coords points="1113,1002 1241,982 1611,992 1633,988 1633,959 1113,961"/>
                <Baseline points="1118,980 1143,980 1169,980 1194,980 1220,980 1245,980 1271,978 1296,978 1322,978 1347,978 1373,978 1398,978 1424,977 1449,977 1475,977 1500,977 1526,977 1551,977 1577,977 1602,977 1628,977"/>
                <TextEquiv>
                    <Unicode>potest esse clarior &amp; manifestior, Ergo, &amp;c.</Unicode>
                </TextEquiv>
            </TextLine>
            <TextLine id="r1l51" custom="readingOrder {index:24;}">
                <Coords points="1149,1027 1916,1026 1922,980 1149,990"/>
                <Baseline points="1154,1013 1192,1014 1230,1014 1268,1014 1306,1014 1344,1014 1382,1014 1421,1013 1459,1013 1497,1013 1535,1011 1573,1011 1611,1011 1649,1011 1688,1010 1726,1010 1764,1010 1802,1010 1840,1010 1878,1011 1917,1011"/>
                <TextEquiv>
                    <Unicode>II. Quia ipsa Scriptura potest sapientem reddere hominem ad</Unicode>
                </TextEquiv>
            </TextLine>
            <TextLine id="r1l54" custom="readingOrder {index:25;}">
                <Coords points="1114,1058 1174,1054 1215,1064 1225,1055 1253,1060 1288,1054 1312,1063 1343,1053 1343,1027 1283,1033 1262,1020 1219,1037 1190,1026 1114,1021"/>
                <Baseline points="1119,1049 1146,1047 1173,1047 1201,1047 1228,1049 1255,1049 1283,1050 1310,1050 1338,1049"/>
                <TextEquiv>
                    <Unicode>salutem, 2. Tim. 3. 1.</Unicode>
                </TextEquiv>
            </TextLine>
            <TextLine id="r1l55" custom="readingOrder {index:26;}">
                <Coords points="1134,1088 1883,1099 1925,1089 1925,1050 1134,1067"/>
                <Baseline points="1139,1082 1178,1083 1217,1083 1256,1083 1295,1083 1334,1082 1373,1082 1412,1082 1451,1081 1490,1080 1529,1080 1568,1079 1607,1079 1646,1079 1685,1079 1724,1079 1763,1079 1802,1079 1841,1079 1880,1079 1920,1080"/>
                <TextEquiv>
                    <Unicode>III. Quia Scripturae sensus est ipsa Scriptura: ut recte scripsit</Unicode>
                </TextEquiv>
            </TextLine>
            <TextLine id="r1l57" custom="readingOrder {index:27;}">
                <Coords points="1123,1127 1811,1132 1925,1124 1925,1093 1122,1093"/>
                <Baseline points="1128,1116 1167,1116 1207,1116 1246,1116 1286,1116 1326,1116 1365,1116 1405,1116 1444,1115 1484,1115 1524,1115 1563,1115 1603,1115 1642,1115 1682,1113 1722,1113 1761,1115 1801,1115 1840,1115 1880,1115 1920,1116"/>
                <TextEquiv>
                    <Unicode>Aieronymus super epistolas ad Galatas; Non in verbis Scripturarum</Unicode>
                </TextEquiv>
            </TextLine>
            <TextLine id="r1l60" custom="readingOrder {index:28;}">
                <Coords points="1113,1166 1890,1170 1919,1166 1919,1127 1113,1136"/>
                <Baseline points="1119,1152 1158,1152 1198,1151 1238,1151 1278,1151 1317,1151 1357,1151 1397,1151 1437,1151 1476,1151 1516,1151 1556,1151 1596,1151 1635,1151 1675,1151 1715,1151 1755,1151 1794,1151 1834,1151 1874,1151 1914,1151"/>
                <TextEquiv>
                    <Unicode>est Evangelium, sed in sensu: non in superficie, sed in medulla: non in ser¬</Unicode>
                </TextEquiv>
            </TextLine>
            <TextLine id="r1l61" custom="readingOrder {index:29;}">
                <Coords points="1113,1201 1234,1193 1274,1204 1349,1190 1427,1203 1507,1191 1507,1166 1484,1158 1337,1171 1320,1160 1275,1171 1245,1158 1208,1171 1113,1166"/>
                <Baseline points="1118,1187 1143,1185 1169,1185 1194,1185 1220,1184 1246,1184 1271,1184 1297,1184 1322,1184 1348,1185 1374,1185 1399,1185 1425,1185 1450,1185 1476,1185 1502,1184"/>
                <TextEquiv>
                    <Unicode>monum foliis, sed inradicerationis,</Unicode>
                </TextEquiv>
            </TextLine>
            <TextLine id="r1l63" custom="readingOrder {index:30;}">
                <Coords points="1140,1232 1913,1234 1921,1189 1140,1194"/>
                <Baseline points="1145,1220 1183,1220 1222,1220 1260,1220 1299,1220 1337,1220 1376,1220 1414,1220 1453,1220 1491,1220 1530,1218 1569,1218 1607,1218 1646,1218 1684,1218 1723,1218 1761,1218 1800,1218 1838,1220 1877,1220 1916,1220"/>
                <TextEquiv>
                    <Unicode>IV. Quia ipsa divino modo, cum sit θεοπνουσος, utilis est ad</Unicode>
                </TextEquiv>
            </TextLine>
            <TextLine id="r1l66" custom="readingOrder {index:31;}">
                <Coords points="1119,1264 1915,1266 1915,1237 1863,1225 1119,1230"/>
                <Baseline points="1124,1254 1163,1254 1202,1254 1241,1253 1281,1253 1320,1253 1359,1253 1399,1253 1438,1253 1477,1253 1517,1253 1556,1253 1595,1253 1634,1253 1674,1253 1713,1254 1752,1254 1792,1254 1831,1254 1870,1254 1910,1254"/>
                <TextEquiv>
                    <Unicode>doctrinam &amp; redargutionem: Ergo &amp; ad docendum verum suum</Unicode>
                </TextEquiv>
            </TextLine>
            <TextLine id="r1l67" custom="readingOrder {index:32;}">
                <Coords points="1111,1299 1622,1298 1622,1268 1576,1260 1524,1274 1484,1261 1349,1276 1284,1260 1111,1267"/>
                <Baseline points="1116,1290 1141,1290 1166,1290 1191,1289 1216,1289 1241,1289 1266,1289 1291,1289 1316,1289 1341,1287 1366,1287 1391,1287 1416,1287 1441,1287 1466,1287 1491,1287 1516,1286 1541,1286 1566,1287 1591,1287 1617,1287"/>
                <TextEquiv>
                    <Unicode>sensum usumque &amp; ad refellendum falsum.</Unicode>
                </TextEquiv>
            </TextLine>
            <TextLine id="r1l70" custom="readingOrder {index:33;}">
                <Coords points="1146,1330 1910,1334 1918,1299 1146,1301"/>
                <Baseline points="1151,1325 1189,1323 1227,1323 1265,1323 1303,1323 1341,1323 1379,1322 1417,1322 1455,1322 1493,1322 1532,1322 1570,1322 1608,1322 1646,1322 1684,1322 1722,1322 1760,1322 1798,1322 1836,1322 1874,1322 1913,1323"/>
                <TextEquiv>
                    <Unicode>V. Quia Scriptura docet modum interpretandi seipsam: do¬</Unicode>
                </TextEquiv>
            </TextLine>
            <TextLine id="r1l72" custom="readingOrder {index:34;}">
                <Coords points="1116,1366 1921,1369 1921,1332 1116,1334"/>
                <Baseline points="1121,1358 1160,1358 1200,1358 1240,1358 1280,1358 1319,1358 1359,1358 1399,1356 1439,1356 1478,1356 1518,1356 1558,1356 1598,1356 1637,1356 1677,1356 1717,1356 1757,1356 1796,1356 1836,1356 1876,1356 1916,1356"/>
                <TextEquiv>
                    <Unicode>cet autem eum exemplis; sicut sunt duo modi docendi, unus per¬</Unicode>
                </TextEquiv>
            </TextLine>
            <TextLine id="r1l74" custom="readingOrder {index:35;}">
                <Coords points="1114,1400 1916,1397 1916,1370 1814,1364 1114,1369"/>
                <Baseline points="1119,1391 1158,1391 1198,1392 1237,1392 1277,1392 1317,1392 1356,1392 1396,1392 1435,1391 1475,1391 1515,1391 1554,1391 1594,1391 1633,1391 1673,1391 1713,1391 1752,1391 1792,1391 1831,1391 1871,1391 1911,1392"/>
                <TextEquiv>
                    <Unicode>regulas seu praecepta, alter per exempla. Exempla autem interpre¬</Unicode>
                </TextEquiv>
            </TextLine>
            <TextLine id="r1l76" custom="readingOrder {index:36;}">
                <Coords points="1113,1438 1889,1442 1922,1433 1922,1400 1113,1410"/>
                <Baseline points="1118,1427 1157,1427 1197,1427 1237,1427 1277,1427 1317,1427 1357,1425 1397,1425 1437,1425 1477,1425 1517,1425 1556,1425 1596,1425 1636,1425 1676,1425 1716,1425 1756,1425 1796,1427 1836,1427 1876,1427 1916,1428"/>
                <TextEquiv>
                    <Unicode>tationis in ipsa Scriptura non pauca recitata sunt supra in expli¬</Unicode>
                </TextEquiv>
            </TextLine>
            <TextLine id="r1l78" custom="readingOrder {index:37;}">
                <Coords points="1123,1467 1929,1474 1929,1434 1123,1445"/>
                <Baseline points="1128,1461 1167,1461 1207,1460 1247,1460 1287,1460 1326,1460 1366,1460 1406,1460 1446,1460 1485,1460 1525,1460 1565,1460 1605,1460 1644,1460 1684,1460 1724,1460 1764,1460 1803,1460 1843,1460 1883,1460 1923,1460"/>
                <TextEquiv>
                    <Unicode>catione secundae quaestionis, quibus plurima addi possunt, veluti</Unicode>
                </TextEquiv>
            </TextLine>
            <TextLine id="r1l80" custom="readingOrder {index:38;}">
                <Coords points="1116,1504 1918,1507 1918,1477 1804,1468 1116,1470"/>
                <Baseline points="1121,1496 1160,1496 1200,1494 1239,1494 1279,1494 1319,1494 1358,1493 1398,1493 1437,1493 1477,1493 1517,1493 1556,1494 1596,1494 1635,1494 1675,1494 1715,1494 1754,1495 1794,1496 1833,1496 1873,1496 1913,1496"/>
                <TextEquiv>
                    <Unicode>Matthaei secundo, versiculo decimoseptimo, decimooctavo. Tunc</Unicode>
                </TextEquiv>
            </TextLine>
            <TextLine id="r1l82" custom="readingOrder {index:39;}">
                <Coords points="1123,1540 1916,1539 1916,1508 1829,1501 1123,1508"/>
                <Baseline points="1128,1529 1167,1530 1206,1530 1245,1530 1284,1530 1323,1530 1362,1529 1402,1529 1441,1529 1480,1529 1519,1529 1558,1529 1597,1529 1636,1529 1676,1529 1715,1529 1754,1529 1793,1530 1832,1530 1871,1532 1911,1532"/>
                <TextEquiv>
                    <Unicode>mpletum fuit quod ait Dominus per Jeremiam Praphetam, dicentem</Unicode>
                </TextEquiv>
            </TextLine>
            <TextLine id="r1l84" custom="readingOrder {index:40;}">
                <Coords points="1117,1573 1916,1573 1916,1545 1838,1537 1117,1542"/>
                <Baseline points="1122,1562 1161,1562 1200,1563 1240,1563 1279,1563 1319,1563 1358,1563 1397,1563 1437,1563 1476,1563 1516,1563 1555,1563 1594,1563 1634,1563 1673,1563 1713,1563 1752,1563 1791,1565 1831,1565 1870,1566 1910,1566"/>
                <TextEquiv>
                    <Unicode>Vox in Rhama audita est, lamentatio &amp; fletus, &amp;: julatus multus, Ra¬</Unicode>
                </TextEquiv>
            </TextLine>
            <TextLine id="r1l86" custom="readingOrder {index:41;}">
                <Coords points="1125,1604 1922,1610 1922,1578 1885,1574 1125,1571"/>
                <Baseline points="1130,1598 1169,1598 1208,1598 1248,1598 1287,1598 1326,1598 1366,1598 1405,1598 1444,1598 1484,1598 1523,1598 1562,1596 1602,1596 1641,1596 1680,1598 1720,1598 1759,1598 1798,1598 1838,1599 1877,1599 1917,1601"/>
                <TextEquiv>
                    <Unicode>chel plorans filios suos, &amp; noluit consolationem admittere: de eo quod non</Unicode>
                </TextEquiv>
            </TextLine>
            <TextLine id="r1l88" custom="readingOrder {index:42;}">
                <Coords points="1122,1642 1930,1644 1905,1608 1122,1606"/>
                <Baseline points="1127,1632 1166,1632 1206,1632 1246,1631 1286,1631 1326,1631 1366,1631 1406,1631 1446,1631 1486,1631 1526,1632 1565,1632 1605,1632 1645,1632 1685,1632 1725,1632 1765,1634 1805,1634 1845,1634 1885,1634 1925,1635"/>
                <TextEquiv>
                    <Unicode>sint. Et versiculo vigesimotertio. Et quum eo ven sset, habitavit in</Unicode>
                </TextEquiv>
            </TextLine>
            <TextLine id="r1l90" custom="readingOrder {index:43;}">
                <Coords points="1122,1675 1921,1674 1898,1643 1122,1645"/>
                <Baseline points="1127,1665 1166,1665 1205,1665 1245,1665 1284,1665 1324,1665 1363,1665 1403,1665 1442,1665 1482,1665 1521,1665 1560,1665 1600,1665 1639,1665 1679,1665 1718,1665 1758,1665 1797,1667 1837,1667 1876,1668 1916,1668"/>
                <TextEquiv>
                    <Unicode>urbe quae dicitur Nazaretha: ut impleretur quod dictum est per Prophi¬</Unicode>
                </TextEquiv>
            </TextLine>
            <TextLine id="r1l92" custom="readingOrder {index:44;}">
                <Coords points="1116,1707 1916,1717 1900,1677 1116,1676"/>
                <Baseline points="1121,1698 1160,1700 1199,1700 1239,1700 1278,1700 1318,1700 1357,1700 1397,1700 1436,1700 1476,1700 1515,1700 1554,1700 1594,1700 1633,1700 1673,1701 1712,1701 1752,1701 1791,1702 1831,1703 1870,1703 1910,1704"/>
                <TextEquiv>
                    <Unicode>tas, fore ut Nazarenus vocaretur. Et capite tertio, versiculo tertic</Unicode>
                </TextEquiv>
            </TextLine>
            <TextLine id="r1l94" custom="readingOrder {index:45;}">
                <Coords points="1129,1753 1931,1751 1931,1717 1777,1707 1129,1711"/>
                <Baseline points="1134,1734 1173,1734 1213,1733 1252,1733 1292,1733 1332,1733 1371,1733 1411,1733 1450,1733 1490,1733 1530,1734 1569,1734 1609,1734 1648,1734 1688,1734 1728,1734 1767,1735 1807,1736 1846,1736 1886,1736 1926,1737"/>
                <TextEquiv>
                    <Unicode>Nam hic est ille de quo dictum est perJsaium Prophitem, dicentem; Vox</Unicode>
                </TextEquiv>
            </TextLine>
            <TextLine id="r1l96" custom="readingOrder {index:46;}">
                <Coords points="1120,1775 1924,1783 1924,1753 1853,1745 1120,1752"/>
                <Baseline points="1125,1766 1164,1767 1204,1767 1244,1769 1283,1769 1323,1769 1363,1769 1402,1769 1442,1769 1482,1769 1522,1769 1561,1769 1601,1769 1641,1769 1680,1769 1720,1769 1760,1770 1799,1770 1839,1772 1879,1772 1919,1773"/>
                <TextEquiv>
                    <Unicode>vociferantis in deserto, Parate viam Domino, complanate calles eius.</Unicode>
                </TextEquiv>
            </TextLine>
            <TextLine id="r1l98" custom="readingOrder {index:47;}">
                <Coords points="1122,1814 1925,1815 1925,1787 1870,1777 1122,1775"/>
                <Baseline points="1127,1802 1166,1802 1206,1802 1245,1802 1285,1802 1325,1803 1364,1803 1404,1802 1444,1802 1483,1802 1523,1802 1563,1802 1602,1802 1642,1803 1682,1803 1721,1803 1761,1804 1801,1805 1840,1805 1880,1806 1920,1808"/>
                <TextEquiv>
                    <Unicode>Et capite quarto, versiculo decimotertio, decimoquarto, decimo¬</Unicode>
                </TextEquiv>
            </TextLine>
            <TextLine id="r1l100" custom="readingOrder {index:48;}">
                <Coords points="1120,1850 1649,1849 1677,1830 1907,1852 1918,1816 1120,1820"/>
                <Baseline points="1125,1835 1164,1835 1203,1836 1243,1836 1282,1836 1322,1838 1361,1838 1400,1838 1440,1838 1479,1838 1519,1838 1558,1838 1597,1838 1637,1838 1676,1838 1716,1838 1755,1838 1794,1839 1834,1839 1873,1841 1913,1842"/>
                <TextEquiv>
                    <Unicode>quinto, decimosexto. Et derelcta Nazareth venit &amp; habitavit in</Unicode>
                </TextEquiv>
            </TextLine>
            <TextLine id="r1l102" custom="readingOrder {index:49;}">
                <Coords points="1122,1882 1916,1885 1916,1859 1798,1845 1123,1851"/>
                <Baseline points="1128,1868 1167,1869 1206,1869 1245,1871 1284,1871 1323,1871 1362,1871 1402,1871 1441,1871 1480,1871 1519,1871 1558,1871 1597,1871 1636,1871 1676,1871 1715,1872 1754,1872 1793,1873 1832,1874 1871,1875 1911,1877"/>
                <TextEquiv>
                    <Unicode>Capernaumo urbe maritima, in finibus Babulon &amp; Nephialim: Ut im¬</Unicode>
                </TextEquiv>
            </TextLine>
            <TextLine id="r1l104" custom="readingOrder {index:50;}">
                <Coords points="1118,1910 1924,1919 1894,1883 1119,1880"/>
                <Baseline points="1124,1902 1163,1903 1203,1904 1243,1904 1283,1904 1322,1904 1362,1904 1402,1905 1442,1905 1481,1905 1521,1905 1561,1905 1601,1905 1640,1905 1680,1905 1720,1906 1760,1907 1799,1907 1839,1908 1879,1910 1919,1911"/>
                <TextEquiv>
                    <Unicode>pleretur quod dictum est per Jesaiam Prophetam dicentem, Terra Labu¬</Unicode>
                </TextEquiv>
            </TextLine>
            <TextLine id="r1l106" custom="readingOrder {index:51;}">
                <Coords points="1114,1947 1925,1954 1925,1923 1824,1914 1115,1916"/>
                <Baseline points="1119,1937 1159,1937 1199,1937 1239,1938 1279,1938 1319,1938 1359,1938 1399,1938 1439,1938 1479,1940 1519,1940 1559,1940 1599,1940 1639,1941 1679,1941 1719,1941 1759,1943 1799,1943 1839,1943 1879,1944 1920,1946"/>
                <TextEquiv>
                    <Unicode>lon &amp; terra Nephtalim: ad viam maris secuJrdanem, Galilaea Gen¬</Unicode>
                </TextEquiv>
            </TextLine>
            <TextLine id="r1l108" custom="readingOrder {index:52;}">
                <Coords points="1117,1980 1915,1993 1915,1961 1843,1949 1117,1948"/>
                <Baseline points="1122,1970 1161,1971 1200,1971 1240,1973 1279,1973 1319,1973 1358,1973 1397,1973 1437,1973 1476,1973 1516,1973 1555,1973 1594,1974 1634,1974 1673,1974 1713,1974 1752,1976 1791,1976 1831,1977 1870,1978 1910,1980"/>
                <TextEquiv>
                    <Unicode>tium: populus positus in tenebiis, vidit lucem magnam: &amp; positis inre¬</Unicode>
                </TextEquiv>
            </TextLine>
            <TextLine id="r1l110" custom="readingOrder {index:53;}">
                <Coords points="1123,2014 1921,2024 1921,1995 1854,1985 1123,1978"/>
                <Baseline points="1128,2003 1167,2004 1206,2004 1246,2006 1285,2006 1325,2007 1364,2007 1403,2007 1443,2007 1482,2007 1522,2007 1561,2007 1600,2007 1640,2009 1679,2009 1719,2009 1758,2010 1797,2010 1837,2012 1876,2013 1916,2015"/>
                <TextEquiv>
                    <Unicode>tione &amp; umbra mortis, lux exerta est. Et capite quinto explicatur </Unicode>
                </TextEquiv>
            </TextLine>
            <TextLine id="r1l112" custom="readingOrder {index:54;}">
                <Coords points="1110,2050 1913,2057 1913,2023 1866,2018 1110,2017"/>
                <Baseline points="1115,2039 1154,2039 1194,2039 1233,2039 1273,2040 1313,2040 1352,2040 1392,2040 1432,2042 1471,2042 1511,2042 1551,2042 1590,2042 1630,2043 1670,2043 1709,2045 1749,2045 1789,2045 1828,2046 1868,2048 1908,2048"/>
                <TextEquiv>
                    <Unicode>Decalogus. Et capite octavo, versiculo decimosexto, decimosepti</Unicode>
                </TextEquiv>
            </TextLine>
            <TextLine id="r1l114" custom="readingOrder {index:55;}">
                <Coords points="1111,2086 1910,2096 1910,2054 1111,2050"/>
                <Baseline points="1116,2070 1155,2072 1194,2073 1234,2074 1273,2075 1313,2075 1352,2075 1392,2076 1431,2076 1471,2076 1510,2076 1549,2076 1589,2076 1628,2076 1668,2076 1707,2078 1747,2078 1786,2079 1826,2081 1865,2082 1905,2084"/>
                <TextEquiv>
                    <Unicode>mo. Quum autem serum diet esset, obiulerunt ei demoniacos multos, &amp;</Unicode>
                </TextEquiv>
            </TextLine>
            <TextLine id="r1l116" custom="readingOrder {index:56;}">
                <Coords points="1112,2123 1870,2132 1915,2123 1916,2096 1113,2086"/>
                <Baseline points="1118,2106 1157,2106 1197,2106 1236,2108 1276,2108 1316,2108 1355,2109 1395,2109 1434,2110 1474,2111 1514,2111 1553,2112 1593,2112 1632,2112 1672,2112 1712,2114 1751,2114 1791,2114 1830,2114 1870,2115 1910,2115"/>
                <TextEquiv>
                    <Unicode>eject spiritus verbo, omnesque male habentes sanavit, Ut impleretur quod</Unicode>
                </TextEquiv>
            </TextLine>
            <TextLine id="r1l118" custom="readingOrder {index:57;}">
                <Coords points="1112,2148 1909,2164 1909,2124 1113,2126"/>
                <Baseline points="1118,2141 1157,2141 1196,2141 1235,2142 1275,2142 1314,2142 1353,2142 1393,2144 1432,2144 1471,2144 1511,2145 1550,2145 1589,2145 1628,2147 1668,2147 1707,2147 1746,2147 1786,2147 1825,2147 1864,2148 1904,2148"/>
                <TextEquiv>
                    <Unicode>dictum est per Jesaiam Prophetam d centem, Ipse in firmitates nestras as¬</Unicode>
                </TextEquiv>
            </TextLine>
            <TextLine id="r1l120" custom="readingOrder {index:58;}">
                <Coords points="1108,2191 1900,2194 1910,2163 1108,2152"/>
                <Baseline points="1113,2174 1152,2175 1192,2175 1231,2177 1271,2177 1310,2177 1350,2177 1389,2178 1429,2178 1468,2178 1508,2178 1548,2179 1587,2180 1627,2180 1666,2180 1706,2181 1745,2181 1785,2182 1824,2183 1864,2184 1904,2184"/>
                <TextEquiv>
                    <Unicode>sumsit &amp; morbos nostros portavit. Et alia quae passim in Novo Te¬</Unicode>
                </TextEquiv>
            </TextLine>
            <TextLine id="r1l122" custom="readingOrder {index:59;}">
                <Coords points="1111,2222 1915,2233 1915,2202 1802,2187 1111,2188"/>
                <Baseline points="1116,2210 1155,2210 1195,2210 1235,2210 1274,2211 1314,2211 1354,2211 1393,2211 1433,2211 1473,2213 1513,2213 1552,2213 1592,2213 1632,2214 1671,2214 1711,2214 1751,2215 1790,2216 1830,2216 1870,2216 1910,2217"/>
                <TextEquiv>
                    <Unicode>stamento exstant: imo totum Novum Testamentum est interpre¬</Unicode>
                </TextEquiv>
            </TextLine>
            <TextLine id="r1l124" custom="readingOrder {index:60;}">
                <Coords points="1110,2258 1919,2266 1902,2230 1776,2220 1110,2227"/>
                <Baseline points="1115,2244 1157,2244 1199,2244 1241,2246 1283,2246 1325,2246 1367,2246 1409,2246 1451,2246 1493,2247 1535,2247 1577,2247 1619,2247 1661,2247 1703,2247 1745,2249 1787,2249 1829,2250 1871,2252 1914,2253"/>
                <TextEquiv>
                    <Unicode>tatio Veteris Testamenti. Sic Paulus interpretatur a se dicta, Ro¬</Unicode>
                </TextEquiv>
            </TextLine>
            <TextLine id="r1l126" custom="readingOrder {index:61;}">
                <Coords points="1110,2290 1913,2298 1913,2268 1819,2258 1110,2260"/>
                <Baseline points="1115,2277 1154,2279 1194,2279 1233,2279 1273,2279 1313,2279 1352,2279 1392,2280 1432,2280 1471,2280 1511,2280 1551,2280 1590,2280 1630,2282 1670,2282 1709,2283 1749,2283 1789,2285 1828,2285 1868,2286 1908,2288"/>
                <TextEquiv>
                    <Unicode>manorum decimooctavo. Similiter interpretatur Scripturam</Unicode>
                </TextEquiv>
            </TextLine>
            <TextLine id="r1l128" custom="readingOrder {index:62;}">
                <Coords points="1123,2324 1677,2333 1721,2324 1722,2301 1123,2293"/>
                <Baseline points="1128,2312 1157,2312 1186,2312 1216,2313 1245,2313 1275,2313 1304,2313 1333,2313 1363,2315 1392,2315 1422,2315 1451,2315 1480,2315 1510,2315 1539,2316 1569,2316 1598,2316 1627,2316 1657,2316 1686,2316 1716,2316"/>
                <TextEquiv>
                    <Unicode>per Scripturam, Romanorum decimotertio, none</Unicode>
                </TextEquiv>
            </TextLine>
            <TextLine id="r1l130" custom="readingOrder {index:63;}">
                <Coords points="1140,2354 1912,2365 1896,2325 1140,2322"/>
                <Baseline points="1145,2345 1183,2346 1221,2346 1259,2348 1297,2348 1335,2348 1373,2348 1411,2349 1449,2349 1487,2349 1526,2349 1564,2349 1602,2349 1640,2349 1678,2349 1716,2349 1754,2349 1792,2351 1830,2351 1868,2352 1907,2354"/>
                <TextEquiv>
                    <Unicode>VI. Quia Scripturam esse interpretandam per Scripturam Pa¬</Unicode>
                </TextEquiv>
            </TextLine>
            <TextLine id="r1l132" custom="readingOrder {index:64;}">
                <Coords points="1103,2390 1873,2402 1915,2398 1916,2371 1104,2357"/>
                <Baseline points="1109,2379 1149,2379 1189,2381 1229,2381 1269,2381 1309,2382 1349,2382 1389,2382 1429,2383 1469,2384 1509,2384 1549,2384 1589,2384 1629,2384 1669,2385 1709,2385 1749,2385 1789,2387 1829,2387 1869,2387 1910,2388"/>
                <TextEquiv>
                    <Unicode>tres affirmant. Clemens I. epistolam quinta, citatur in jure Canonico</Unicode>
                </TextEquiv>
            </TextLine>
            <TextLine id="r1l134" custom="readingOrder {index:65;}">
                <Coords points="1111,2423 1871,2442 1916,2434 1917,2402 1111,2389"/>
                <Baseline points="1116,2414 1155,2414 1195,2415 1235,2415 1275,2415 1314,2415 1354,2417 1394,2417 1434,2417 1473,2417 1513,2418 1553,2418 1593,2418 1632,2418 1672,2420 1712,2420 1752,2420 1791,2421 1831,2421 1871,2421 1911,2423"/>
                <TextEquiv>
                    <Unicode>distinctione trigesima septima, cap. Relatum. Ireneaus Martyr li¬</Unicode>
                </TextEquiv>
            </TextLine>
            <TextLine id="r1l136" custom="readingOrder {index:66;}">
                <Coords points="1108,2457 1918,2465 1918,2437 1851,2431 1108,2423"/>
                <Baseline points="1113,2447 1153,2448 1193,2448 1233,2450 1273,2450 1313,2450 1353,2451 1393,2451 1433,2451 1473,2451 1513,2451 1553,2453 1593,2453 1633,2453 1673,2453 1713,2453 1753,2454 1793,2455 1833,2456 1873,2457 1913,2459"/>
                <TextEquiv>
                    <Unicode>bro quarto adversus haereticos, capite sexagesimotertio. Hilarius</Unicode>
                </TextEquiv>
            </TextLine>
            <TextLine id="r1l138" custom="readingOrder {index:67;}">
                <Coords points="1100,2498 1904,2506 1904,2469 1852,2463 1101,2453"/>
                <Baseline points="1106,2481 1145,2483 1185,2483 1224,2484 1264,2484 1304,2484 1343,2484 1383,2484 1423,2484 1462,2484 1502,2484 1542,2484 1581,2484 1621,2486 1661,2486 1700,2486 1740,2487 1780,2489 1819,2490 1859,2492 1899,2493"/>
                <TextEquiv>
                    <Unicode>liliro primo de Trinitate, pagina nonam editionis Frobenianae</Unicode>
                </TextEquiv>
            </TextLine>
            <TextLine id="r1l140" custom="readingOrder {index:68;}">
                <Coords points="1108,2523 1913,2541 1913,2510 1866,2499 1109,2493"/>
                <Baseline points="1113,2516 1152,2516 1192,2517 1232,2517 1272,2518 1311,2519 1351,2519 1391,2519 1431,2519 1470,2519 1510,2519 1550,2519 1590,2519 1629,2519 1669,2520 1709,2520 1749,2522 1788,2523 1828,2523 1868,2525 1908,2528"/>
                <TextEquiv>
                    <Unicode>Anni millesimi quingentesimi trigesimi quinti, &amp; in enarratione</Unicode>
                </TextEquiv>
            </TextLine>
            <TextLine id="r1l142" custom="readingOrder {index:69;}">
                <Coords points="1102,2558 1355,2576 1529,2547 1910,2577 1910,2545 1871,2536 1102,2527"/>
                <Baseline points="1107,2550 1146,2550 1186,2550 1226,2550 1266,2550 1306,2550 1346,2550 1386,2552 1426,2552 1466,2552 1506,2552 1545,2553 1585,2553 1625,2554 1665,2555 1705,2556 1745,2556 1785,2558 1825,2559 1865,2559 1905,2561"/>
                <TextEquiv>
                    <Unicode>Psalmi centesimi vigesimiquinti statim sub initium. Augustnus</Unicode>
                </TextEquiv>
            </TextLine>
            <TextLine id="r1l144" custom="readingOrder {index:70;}">
                <Coords points="1102,2595 1912,2608 1912,2577 1866,2567 1102,2559"/>
                <Baseline points="1107,2585 1147,2585 1187,2585 1227,2586 1267,2586 1307,2586 1347,2586 1387,2586 1427,2586 1467,2588 1507,2588 1547,2588 1587,2589 1627,2589 1667,2590 1707,2591 1747,2592 1787,2592 1827,2594 1867,2595 1907,2597"/>
                <TextEquiv>
                    <Unicode>septimo tomo, libro de unitate Ecclesiae, capite quinto. Chrysosto¬</Unicode>
                </TextEquiv>
            </TextLine>
            <TextLine id="r1l146" custom="readingOrder {index:71;}">
                <Coords points="1098,2628 1345,2627 1376,2629 1393,2641 1400,2600 1370,2593 1326,2601 1266,2593 1176,2601 1162,2594 1135,2604 1098,2598"/>
                <Baseline points="1103,2619 1129,2618 1156,2618 1182,2618 1209,2619 1235,2619 1262,2620 1288,2621 1315,2622 1341,2622 1368,2622 1395,2621"/>
                <TextEquiv>
                    <Unicode>mus in Genesin homil. 13</Unicode>
                </TextEquiv>
            </TextLine>
            <TextLine id="r1l148" custom="readingOrder {index:72;}">
                <Coords points="1144,2667 1903,2674 1903,2633 1145,2630"/>
                <Baseline points="1149,2651 1186,2652 1223,2652 1261,2654 1298,2654 1336,2654 1373,2654 1411,2654 1448,2654 1486,2655 1523,2655 1560,2655 1598,2655 1635,2657 1673,2657 1710,2657 1748,2658 1785,2660 1823,2661 1860,2663 1898,2664"/>
                <TextEquiv>
                    <Unicode>VII. Quia Scripturam interpretati sunt per Scripturam Pa¬</Unicode>
                </TextEquiv>
            </TextLine>
            <TextLine id="r1l150" custom="readingOrder {index:73;}">
                <Coords points="1095,2696 1790,2718 1918,2709 1919,2677 1096,2663"/>
                <Baseline points="1100,2685 1140,2687 1181,2687 1221,2688 1262,2688 1303,2688 1343,2690 1384,2690 1425,2690 1465,2690 1506,2690 1547,2691 1587,2691 1628,2691 1669,2693 1709,2693 1750,2694 1791,2696 1831,2697 1872,2699 1913,2702"/>
                <TextEquiv>
                    <Unicode>tres orthodoxi: ita ut quod praecepto docuerunt, exemplo etiam</Unicode>
                </TextEquiv>
            </TextLine>
            <TextLine id="r1l152" custom="readingOrder {index:74;}">
                <Coords points="1105,2739 1125,2738 1135,2729 1155,2731 1159,2727 1196,2732 1244,2730 1244,2699 1207,2695 1190,2701 1183,2695 1165,2701 1132,2696 1105,2701"/>
                <Baseline points="1110,2721 1135,2721 1161,2721 1187,2721 1213,2721 1239,2721"/>
                <TextEquiv>
                    <Unicode>ostenderint </Unicode>
                </TextEquiv>
            </TextLine>
            <TextLine id="line_1613231625943_3086" custom="readingOrder {index:75;}">
                <Coords points="1133,2766 1922,2771 1903,2741 1134,2730"/>
                <Baseline points="1139,2754 1182,2754 1226,2754 1269,2754 1313,2754 1356,2756 1400,2756 1443,2757 1487,2757 1530,2758 1574,2759 1618,2760 1661,2760 1705,2761 1748,2762 1792,2762 1835,2762 1879,2763 1917,2763"/>
                <TextEquiv>
                    <Unicode>AbEcclesia vero Catholica tanquam summo interprete &amp; ju¬</Unicode>
                </TextEquiv>
            </TextLine>
            <TextLine id="line_1613231625944_3088" custom="readingOrder {index:76;}">
                <Coords points="1098,2795 1905,2816 1923,2787 1099,2767"/>
                <Baseline points="1103,2790 1148,2789 1194,2789 1239,2789 1285,2789 1331,2789 1376,2789 1422,2790 1467,2792 1513,2793 1559,2793 1604,2795 1650,2796 1695,2796 1741,2798 1787,2798 1832,2798 1878,2798 1917,2797"/>
                <TextEquiv>
                    <Unicode>dice non est interpretatio Scripturae &amp; dijudicatio interpretatio¬ </Unicode>
                </TextEquiv>
            </TextLine>
            <TextLine id="line_1613231625944_3090" custom="readingOrder {index:77;}">
                <Coords points="1106,2834 1884,2859 1922,2845 1923,2814 1107,2803"/>
                <Baseline points="1112,2823 1156,2823 1200,2823 1245,2823 1289,2823 1334,2825 1378,2825 1422,2826 1467,2828 1511,2828 1556,2829 1600,2829 1644,2831 1689,2831 1733,2832 1778,2832 1822,2832 1866,2832 1911,2831 1917,2831"/>
                <TextEquiv>
                    <Unicode>num controversiarumque religionis petenda, ut ex sequentibargu¬</Unicode>
                </TextEquiv>
            </TextLine>
            <TextLine id="r1l160" custom="readingOrder {index:78;}">
                <Coords points="1101,2875 1130,2872 1139,2865 1164,2874 1173,2870 1214,2873 1224,2866 1246,2874 1259,2872 1259,2842 1204,2843 1174,2831 1132,2843 1109,2834 1101,2836"/>
                <Baseline points="1106,2856 1135,2858 1165,2857 1194,2855 1224,2855 1254,2858"/>
                <TextEquiv>
                    <Unicode>mentis patet:</Unicode>
                </TextEquiv>
            </TextLine>
            <TextLine id="line_1613231625945_3092" custom="readingOrder {index:79;}">
                <Coords points="1123,2895 1921,2914 1921,2878 1767,2861 1523,2885 1434,2861 1124,2874"/>
                <Baseline points="1128,2894 1171,2892 1215,2892 1259,2891 1303,2891 1347,2891 1390,2892 1434,2892 1478,2894 1522,2894 1566,2895 1609,2897 1653,2898 1697,2898 1741,2900 1785,2900 1828,2900 1872,2901 1916,2901"/>
                <TextEquiv>
                    <Unicode>I. Quia verbum Dei docet, verum Scripturae intellectum</Unicode>
                </TextEquiv>
            </TextLine>
            <TextLine id="line_1613231625945_3094" custom="readingOrder {index:80;}">
                <Coords points="1112,2938 1850,2956 1921,2951 1922,2914 1113,2904"/>
                <Baseline points="1118,2924 1164,2924 1210,2924 1256,2925 1303,2925 1349,2927 1395,2927 1441,2928 1488,2930 1534,2930 1580,2931 1626,2932 1673,2933 1719,2933 1765,2934 1811,2934 1858,2934 1904,2934 1916,2933"/>
                <TextEquiv>
                    <Unicode>quaerendum esse apud Deum, primum in coelo precibus religiosis</Unicode>
                </TextEquiv>
            </TextLine>
            <TextLine id="line_1613231625946_3096" custom="readingOrder {index:81;}">
                <Coords points="1098,2965 1920,2982 1920,2954 1881,2944 1098,2936"/>
                <Baseline points="1103,2958 1148,2958 1193,2958 1238,2958 1283,2959 1328,2960 1373,2961 1418,2961 1463,2963 1508,2963 1553,2964 1598,2966 1643,2966 1688,2967 1733,2968 1778,2969 1823,2969 1868,2969 1913,2969 1915,2968"/>
                <TextEquiv>
                    <Unicode>&amp; aidentibus, deinde in Scriptura ipsa loquentem &amp; sua verba in¬</Unicode>
                </TextEquiv>
            </TextLine>
            <TextLine id="r1l169" custom="readingOrder {index:82;}">
                <Coords points="1110,3002 1769,3013 1769,2985 1707,2974 1111,2973"/>
                <Baseline points="1115,2991 1147,2991 1179,2992 1212,2993 1244,2993 1277,2993 1309,2994 1342,2994 1374,2994 1407,2996 1439,2996 1471,2996 1504,2997 1536,2997 1569,2997 1601,2998 1634,2999 1666,2999 1699,3000 1731,3000 1764,3002"/>
                <TextEquiv>
                    <Unicode>perpretantem. Ecclesia autem Catholica non est Deus.</Unicode>
                </TextEquiv>
            </TextLine>
            <TextLine id="r1l172" custom="readingOrder {index:83;}">
                <Coords points="1128,3035 1897,3049 1897,3017 1836,3005 1128,3002"/>
                <Baseline points="1133,3027 1172,3026 1212,3026 1252,3026 1292,3027 1332,3027 1372,3027 1412,3029 1452,3029 1492,3030 1532,3031 1572,3032 1612,3033 1652,3033 1692,3035 1732,3036 1772,3036 1812,3038 1852,3038 1892,3039"/>
                <TextEquiv>
                    <Unicode>II. Quia quum Ecclesia Catholica proprie loquendo sit no¬</Unicode>
                </TextEquiv>
            </TextLine>
            <TextLine id="r1l174" custom="readingOrder {index:84;}">
                <Coords points="1104,3069 1901,3083 1910,3049 1104,3028"/>
                <Baseline points="1109,3059 1148,3059 1188,3060 1228,3060 1268,3062 1307,3062 1347,3062 1387,3063 1427,3063 1466,3065 1506,3065 1546,3066 1586,3066 1625,3067 1665,3068 1705,3069 1745,3069 1784,3069 1824,3071 1864,3072 1904,3072"/>
                <TextEquiv>
                    <Unicode>bis in hac vita invisibilis, est enim coetus omnium electorum ad</Unicode>
                </TextEquiv>
            </TextLine>
            <TextLine id="r1l176" custom="readingOrder {index:85;}">
                <Coords points="1104,3101 1869,3120 1897,3116 1898,3083 1104,3070"/>
                <Baseline points="1109,3093 1148,3093 1187,3094 1226,3095 1265,3095 1304,3095 1343,3096 1383,3096 1422,3096 1461,3098 1500,3098 1539,3099 1578,3099 1617,3101 1657,3101 1696,3102 1735,3104 1774,3104 1813,3106 1852,3108 1892,3108"/>
                <TextEquiv>
                    <Unicode>vitam aeternam, Angelorum &amp; hominum, qui ab initio mund</Unicode>
                </TextEquiv>
            </TextLine>
            <TextLine id="r1l178" custom="readingOrder {index:86;}">
                <Coords points="1092,3134 1892,3156 1903,3115 1092,3100"/>
                <Baseline points="1097,3126 1137,3126 1177,3127 1217,3128 1257,3128 1297,3129 1337,3129 1377,3131 1417,3131 1457,3131 1497,3132 1537,3132 1577,3134 1617,3134 1657,3135 1697,3136 1737,3137 1777,3138 1817,3140 1857,3140 1898,3141"/>
                <TextEquiv>
                    <Unicode>fuerunt, sint &amp; erunt: fieri non potest ut isti in hac vita omnes si¬</Unicode>
                </TextEquiv>
            </TextLine>
            <TextLine id="r1l180" custom="readingOrder {index:87;}">
                <Coords points="1094,3170 1903,3186 1903,3158 1798,3147 1095,3139"/>
                <Baseline points="1100,3161 1139,3161 1179,3161 1219,3162 1259,3162 1299,3164 1339,3164 1379,3164 1419,3165 1459,3166 1499,3167 1538,3167 1578,3168 1618,3170 1658,3170 1698,3171 1738,3171 1778,3173 1818,3173 1858,3174 1898,3174"/>
                <TextEquiv>
                    <Unicode>mul congregati inveniantur, ut ab iis veram Scripturae interpre¬</Unicode>
                </TextEquiv>
            </TextLine>
            <TextLine id="r1l182" custom="readingOrder {index:88;}">
                <Coords points="1089,3204 1862,3227 1906,3225 1907,3192 1089,3173"/>
                <Baseline points="1094,3194 1134,3194 1174,3195 1215,3195 1255,3196 1296,3197 1336,3198 1376,3198 1417,3198 1457,3200 1498,3200 1538,3201 1578,3202 1619,3203 1659,3204 1700,3205 1740,3206 1780,3208 1821,3209 1861,3210 1902,3212"/>
                <TextEquiv>
                    <Unicode>tationem petamus. Est ergo ἀδυνάτον, ut ab Ecclesia Catholicat,</Unicode>
                </TextEquiv>
            </TextLine>
            <TextLine id="r1l184" custom="readingOrder {index:89;}">
                <Coords points="1095,3244 1663,3246 1663,3215 1642,3213 1095,3203"/>
                <Baseline points="1100,3228 1127,3229 1155,3230 1183,3230 1211,3230 1239,3230 1267,3230 1295,3231 1323,3231 1351,3231 1379,3232 1406,3233 1434,3233 1462,3233 1490,3234 1518,3234 1546,3234 1574,3236 1602,3236 1630,3236 1658,3237"/>
                <TextEquiv>
                    <Unicode>veram Scripturae interpretationem habeamus.</Unicode>
                </TextEquiv>
            </TextLine>
            <TextLine id="r1l186" custom="readingOrder {index:90;}">
                <Coords points="1124,3273 1905,3299 1895,3249 1125,3238"/>
                <Baseline points="1130,3263 1168,3263 1207,3264 1245,3264 1284,3265 1322,3266 1361,3266 1399,3267 1438,3267 1476,3267 1515,3269 1554,3269 1592,3270 1631,3270 1669,3272 1708,3273 1746,3273 1785,3275 1823,3278 1862,3278 1901,3281"/>
                <TextEquiv>
                    <Unicode>Excipiunt Pontificii, &amp; ajunt se loqui de Ecclesia Cat. olicaevi:</Unicode>
                </TextEquiv>
            </TextLine>
            <TextLine id="r1l188" custom="readingOrder {index:91;}">
                <Coords points="1099,3314 1703,3333 1761,3323 1762,3285 1099,3267"/>
                <Baseline points="1104,3296 1136,3297 1169,3299 1201,3300 1234,3300 1267,3300 1299,3302 1332,3302 1365,3302 1397,3302 1430,3303 1463,3303 1495,3303 1528,3303 1561,3304 1593,3305 1626,3305 1659,3306 1691,3306 1724,3308 1757,3309"/>
                <TextEquiv>
                    <Unicode>sibili. At neque ab illa Scripturae interpretatio peti potest.</Unicode>
                </TextEquiv>
            </TextLine>
            <TextEquiv>
                <Unicode>II. Omissio repetitionis &amp; ruminationis lectorum vel auditorum
III. Ignavia vel invidia, cum quis non studet, vel non vult com¬
municare cum aliis veritatem a Deo perceptam, Matthaei vigese
moquinto, versic. vigesimonono: Qui vero non habet, etiam quod ha¬
bet, tolletur ab eo
IV. Inobedientia, quum quis ex Scripturae lectione &amp; auscul
catione non sit melior &amp; probior. 1. Timoth. 1. 19. bona conscientia
expu Sa nonnulli naufragium fidei fecerunt.
ADSEPTIMAM quaestionem, Scripturae interpretatio ac dijudica¬
tio interpretationum controversiarumque religionis unde sit petendai
RESPON. Scripturae interpretatio, sive sensum spoctes, si¬
ve usum, &amp; dijudicatio interpretationum dogmatumque re¬
igionis petenda est a Deo ex ipsa Scriptura: non autem ab Eccle¬
na Catholica, non ex Patribus &amp; Doctoribus Ecclesiasticis, aut 
Conciliis, aut Romanis Pontificibus, aut consuetudine recepta &amp;
currente.
A Deo ex ipsa Scriptura interpretationem Scripturae, ut &amp; diju¬
dicationem interpretationum dogmatumque esse paetendam haec
irgumenta confirmant
I. Quicquid omnium luculentissime &amp; manifestissime res di¬
quinas exponit, inde Scripturae interpretatio petenda: At Scriptura
ipsa omnium luculentissime &amp; manifestissime res divinas exponit
Scriptura Sacra interpretatur seipsam: Est enim vox Dei, qua nulla
potest esse clarior &amp; manifestior, Ergo, &amp;c.
II. Quia ipsa Scriptura potest sapientem reddere hominem ad
salutem, 2. Tim. 3. 1.
III. Quia Scripturae sensus est ipsa Scriptura: ut recte scripsit
Aieronymus super epistolas ad Galatas; Non in verbis Scripturarum
est Evangelium, sed in sensu: non in superficie, sed in medulla: non in ser¬
monum foliis, sed inradicerationis,
IV. Quia ipsa divino modo, cum sit θεοπνουσος, utilis est ad
doctrinam &amp; redargutionem: Ergo &amp; ad docendum verum suum
sensum usumque &amp; ad refellendum falsum.
V. Quia Scriptura docet modum interpretandi seipsam: do¬
cet autem eum exemplis; sicut sunt duo modi docendi, unus per¬
regulas seu praecepta, alter per exempla. Exempla autem interpre¬
tationis in ipsa Scriptura non pauca recitata sunt supra in expli¬
catione secundae quaestionis, quibus plurima addi possunt, veluti
Matthaei secundo, versiculo decimoseptimo, decimooctavo. Tunc
mpletum fuit quod ait Dominus per Jeremiam Praphetam, dicentem
Vox in Rhama audita est, lamentatio &amp; fletus, &amp;: julatus multus, Ra¬
chel plorans filios suos, &amp; noluit consolationem admittere: de eo quod non
sint. Et versiculo vigesimotertio. Et quum eo ven sset, habitavit in
urbe quae dicitur Nazaretha: ut impleretur quod dictum est per Prophi¬
tas, fore ut Nazarenus vocaretur. Et capite tertio, versiculo tertic
Nam hic est ille de quo dictum est perJsaium Prophitem, dicentem; Vox
vociferantis in deserto, Parate viam Domino, complanate calles eius.
Et capite quarto, versiculo decimotertio, decimoquarto, decimo¬
quinto, decimosexto. Et derelcta Nazareth venit &amp; habitavit in
Capernaumo urbe maritima, in finibus Babulon &amp; Nephialim: Ut im¬
pleretur quod dictum est per Jesaiam Prophetam dicentem, Terra Labu¬
lon &amp; terra Nephtalim: ad viam maris secuJrdanem, Galilaea Gen¬
tium: populus positus in tenebiis, vidit lucem magnam: &amp; positis inre¬
tione &amp; umbra mortis, lux exerta est. Et capite quinto explicatur 
Decalogus. Et capite octavo, versiculo decimosexto, decimosepti
mo. Quum autem serum diet esset, obiulerunt ei demoniacos multos, &amp;
eject spiritus verbo, omnesque male habentes sanavit, Ut impleretur quod
dictum est per Jesaiam Prophetam d centem, Ipse in firmitates nestras as¬
sumsit &amp; morbos nostros portavit. Et alia quae passim in Novo Te¬
stamento exstant: imo totum Novum Testamentum est interpre¬
tatio Veteris Testamenti. Sic Paulus interpretatur a se dicta, Ro¬
manorum decimooctavo. Similiter interpretatur Scripturam
per Scripturam, Romanorum decimotertio, none
VI. Quia Scripturam esse interpretandam per Scripturam Pa¬
tres affirmant. Clemens I. epistolam quinta, citatur in jure Canonico
distinctione trigesima septima, cap. Relatum. Ireneaus Martyr li¬
bro quarto adversus haereticos, capite sexagesimotertio. Hilarius
liliro primo de Trinitate, pagina nonam editionis Frobenianae
Anni millesimi quingentesimi trigesimi quinti, &amp; in enarratione
Psalmi centesimi vigesimiquinti statim sub initium. Augustnus
septimo tomo, libro de unitate Ecclesiae, capite quinto. Chrysosto¬
mus in Genesin homil. 13
VII. Quia Scripturam interpretati sunt per Scripturam Pa¬
tres orthodoxi: ita ut quod praecepto docuerunt, exemplo etiam
ostenderint 
AbEcclesia vero Catholica tanquam summo interprete &amp; ju¬
dice non est interpretatio Scripturae &amp; dijudicatio interpretatio¬ 
num controversiarumque religionis petenda, ut ex sequentibargu¬
mentis patet:
I. Quia verbum Dei docet, verum Scripturae intellectum
quaerendum esse apud Deum, primum in coelo precibus religiosis
&amp; aidentibus, deinde in Scriptura ipsa loquentem &amp; sua verba in¬
perpretantem. Ecclesia autem Catholica non est Deus.
II. Quia quum Ecclesia Catholica proprie loquendo sit no¬
bis in hac vita invisibilis, est enim coetus omnium electorum ad
vitam aeternam, Angelorum &amp; hominum, qui ab initio mund
fuerunt, sint &amp; erunt: fieri non potest ut isti in hac vita omnes si¬
mul congregati inveniantur, ut ab iis veram Scripturae interpre¬
tationem petamus. Est ergo ἀδυνάτον, ut ab Ecclesia Catholicat,
veram Scripturae interpretationem habeamus.
Excipiunt Pontificii, &amp; ajunt se loqui de Ecclesia Cat. olicaevi:
sibili. At neque ab illa Scripturae interpretatio peti potest.</Unicode>
            </TextEquiv>
        </TextRegion>
    </Page>
</PcGts>
