2063 3404
237 190 1025 249 esse fugiendos nullamque cum iis communionem haben¬
235 245 1032 290 dam donec resipiscant. Quid hoc ad Pontificis Romani¬
235 282 1007 341 primatum & supremum judicium de controversiis fidei
273 327 1016 376 TERTIUM est Matth. 23. v. 2, 3. Super cathedram Mosis
237 358 1015 410 sederunt Scribae & Pharisaei, quaecunque dixerint vobis serva
232 402 1019 448 te & facite. Collectio hinc talis facienda; (uicunque debe¬
235 444 1022 486 tur obsequium in omnibus quaecunque dixerit, is est supremus
235 484 1015 529 interpres Scripturae & judex controversiarum religionis: A¬
238 524 1001 586 Pontifici Romano debetur obsequium in omnibus quaecun
239 562 488 612 dixerit: Ergo, &c.
291 605 1019 655 RESP. Restringenda est propositio major. Cuicunque
241 633 1022 684 debetur obsequium nimirum absolute & absque omni ex¬
237 683 1016 728 ceptione, is est supremus interpres, &c. Deinde quod ad
237 721 1015 769 minorem attinet, Pontifici Romano deberi obsequium
244 756 1021 802 absolute & absque omni exceptione, negatur. Minore non
243 800 1012 847 probat locus Matth. 23. v. 2, 3. nam restringendum esse, pa¬
237 839 1015 879 tet ex Matth. 16. v. 6. ubi Christus jubet cavere a fermento
240 879 1024 919 Pharisaeorum & Act. cap. 4. v. 19, 20. & cap. 5. v. 29. ubi A¬
234 920 1024 961 postoli recusant obedire Pontificibus & summis sacerdoti¬
225 959 1024 1001 bus. Observavit & Augustinus restrictionem: nam in tra¬
234 997 1021 1043 ctatu quadragesimo sexto in Johannem locum hunc alle¬
233 1038 1013 1090 gans sic exponit: Sedendo enim super cathedram Moysi, Le¬
228 1081 1023 1126 gem Dei docent, ergo per illos Deus docet: sua vero illi si velint
229 1125 1024 1167 docere, nolite audire, nolite facere. Quin Christus ipsemet
234 1157 1012 1202 restringit, cum addit; secundum opera eorum nolite facere
241 1191 1020 1242 Quae enim sunt opera sacerdotum, nisi doctiina & vita eo¬
231 1236 1022 1278 rum? Sic accipiuntur opera Matth. 5. v.16. & operarij Mat.
234 1277 970 1323 7. v. 23. quod agnovit eAugustinus loco jam recitato
303 1312 1019 1369 QUA RTUM est Johan. 21. v. 16. Simon Petre, pasce ove¬
232 1352 1039 1393 meas. Hinc talis argumentatio exstruenda: Quia Christo
231 1396 1025 1440 jubetur pascere doctrina omnes Christianos, is est summus ju¬
226 1434 1018 1474 dex interpretationis Scripturarum, & controversiarum reli¬
237 1472 1027 1530 rionis: Petrus & successor ejus Papa Romanus a Christo ju¬
235 1503 920 1565 betur pascere doctrina omnes Christianos: Ergo, &c.
292 1543 1022 1605 RESP. Primo major propositio negatur utpote falsa¬
232 1593 1027 1639 nam qui a Christo jubetur pascere doctrina omnes Chri¬
228 1627 1022 1675 stianos, is ministerium tantum accepit, non supremam po¬
232 1669 1028 1713 testatem docendi, interpretandi, judicandi. Secundo assum¬
237 1711 1027 1751 tio distinguitur: de Petro enim vera est, quem Christus
226 1753 1040 1802 mandato pascendi doctrina quosvis quocunque in loco in¬
235 1787 1027 1828 struxit & functioni Apostolicae, quam per abnegationem
228 1829 1019 1874 Christi exciderat, restituit. Attamen potestas docendi ubi¬
232 1874 1028 1917 que locorum communis fuit Petro cum aliis Apostolis, ut
238 1911 1016 1949 videre est Matth. 28. v. 19. & Marc. 16. v. 15. Eadem assumtio
228 1949 1022 1991 de Papa Romano accepta, est falsa: post Apostolos enim
235 1985 1019 2031 nulli Episcopo, quamvis coelestibus donis instructissimo,
235 2028 1012 2073 potestas ubique docendi competit; multo minus autorita.
235 2066 1018 2107 constituendi ac decernedi quid ab omnibus sit credendum.
286 2104 1019 2153 QUINTUM est Luc. 22. v. 32. Rogavi pro te, ut non defi¬
237 2145 1013 2182 ciat fides tua. Inde argumentatur Bellarminus in hunc mo¬
236 2183 1013 2227 dum: Romanus Pontifex errare non potest ex cathedra do¬
231 2225 1022 2273 cens: Ergo ipse esse debet summus iudex, cuius judicio acquies¬
233 2259 393 2311 cendum est.
276 2301 1019 2360 RESPON. Negatur antecedens, illudque non probatur ex
240 2335 1010 2386 Lucae loco, qui non de Papa Romano maxime qualis ho¬
235 2388 1011 2435 die est, sed de Petro graviter tentando & lapsuro, si hypo¬
235 2422 1020 2475 thesin spectes, accipiendus; etsi quoad usum generalem ad
241 2463 1016 2509 omnes vere fideles acconmodari possit, pro quibus omni¬
230 2499 1013 2544 bus Christus Patrem rogavit, ne fides ipsorum in tentatio¬
231 2544 1021 2586 nibus deficeret: nec de immunitate ab omni errore doctri¬
232 2587 1014 2631 nae, sed de fidei salvificae, quae in corde est, perpetuitate in
240 2622 1034 2666 expugnabili intelligendus. Nam si de immunitate ab omni¬
237 2659 1031 2699 errore in doctrina esset intelligendus, tum Christus non
237 2702 1021 2750 impetravisset Petro quod a Patre petivit; nam paulo posi
247 2741 1031 2788 opinatus est Petrus, Christum ejusque regnum subsistere ar¬
240 2779 1016 2826 morum corporalium beneficio, & stringens gladium per¬
240 2817 1019 2860 cussit servum Potificis maximi & dextram ejus aute abstur
243 2859 1037 2918 lit, Luc. 22. v. 29, 50. Joh. 18, v. 10. Non credidit statim, Chri¬
246 2901 1016 2947 stum resurrexisse ex mortuis Marc. 16. v. 11, 13, 14. Luc. 2.4
240 2940 1048 2994 I1. Joh. 20. v. 9. Opinatus est Christi regnum mundanum fo¬
238 2985 1028 3032 re Act. 1. v. 6. Quum autem absurdum sit, Christi preces ir¬
235 3028 1024 3074 ritas fuisse: necesse est aliter intelligi locum ex Luca pro¬
240 3069 935 3113 ductum, quam de immunitate ab errore doctrinae.
298 3093 1027 3146 SEXTUM est Act. 15. vers. 7. & sequentibus, unde talis
244 3148 1027 3202 argumentatio constituenda: Petrus Apostolus feit summus
1072 198 1864 253 iudex in gravi questione de fide: Petrus Apostolus fuit Ponti¬
1078 245 1858 298 fex Romanus: Ergo Romanus Potifex est summus iudex, &c.
1114 285 1865 329 RESP. Negatur utraque praemissa: ac primo quidem ma¬
1080 323 1865 381 ior propositio; quia repugnat ei v. 2. in quo narratur Antio¬
1077 369 1867 410 chiae constitutum, ut Paulus & Barnabas & alii cum illis ad¬
1077 408 1862 450 scenderent Hieroselymam ad APOSTOLOS AC PRESBITE¬
1080 447 1868 484 RoS: repugnat & v. 6, 7. ubi refertur, congregatos fuisse A¬
1080 487 1859 528 postolos & Presbyteros ut dispicerent de hac res & multam dis¬
1071 537 1855 572 ceptationem fuisse antequam Petrus sententiam suam dice¬
1078 566 1862 605 ret: repugnat item v.19. & sequentes quibus sententia Ja¬
1077 609 1868 650 cobi recitatur, in quam totum Concilium pedibus ivit. Se¬
1077 644 1868 694 cundo negatur & assumtio: Petrus enim nec tum quum con¬
1089 684 1871 726 cilium illud celebraretur, nec postea unquam Romanus
1083 722 1263 771 Pontifex fuit.
1114 749 1870 814 INSTANTIA Bellarmini: At Petrus fuit praeses Conciliis
1087 797 1874 846 illius Ierosolymitani & primus omnium loquutus est: & pri¬
1072 842 1871 891 mus sententiam dixit: eius sententiam facobus confirmavit;
1074 882 1868 928 sententia concilii cui praeest Petrus, est sententia Spiritus San¬
1080 917 1867 958 cti; concilii ipsius decretum commendatum ubique sidelibus, ut
1077 961 1871 1002 illud servarent, id est, ut acquiescerent & non vellent ipsi de
1083 1000 1423 1049 sententia Concilii indicare:
1112 1025 1877 1090 RESP. Fallacia est ex pluribus interrogatis, de quibus
1080 1079 1874 1122 non est idem judicium: distinctione igitur utendum. Pri¬
1071 1116 1868 1157 mo, Petrum fuisse praesidem concilii illius Jerosolymitani
1077 1155 1858 1205 nusquam dicitur, & probabilius est Jacobum fuisse praesi¬
1078 1194 1872 1246 dem tum quia ultimus sententiam dixit, quod praesidi sa¬
1083 1236 1861 1288 pienti in conciliis bene constitutis convenit; tum quia E¬
1083 1276 1864 1323 piscopus Jerosolymorum fuit, ut Papistae volunt. Secundo
1086 1314 1873 1353 Petrum primum omnium loquutum & sententiam dixis¬
1079 1352 1871 1396 se, negat Lucas dicendo v. 7. Quum multa disceptatio fuisset,
1086 1393 1864 1448 surgens Petrus dixit eis. Quin sequitur ex adversariorium opi¬
1089 1429 1864 1475 nione; Si Petrus sententiam primus dixit, eum non fuisse
1080 1472 1871 1520 praesidem concilii, sed tantum principem sententiae. Ter¬
1086 1511 1873 1555 tio, si Jacobus sententiam Petri confirmavit, tum sequitur
1086 1554 1876 1596 non Petrum, sed Jacobum fuisse summum judicem con¬
1087 1590 1874 1629 troversiae. Nam Bellarminus sequente sectione inde pro¬
1077 1627 1867 1673 bat, Petrum fuisse summum judicem, quia Evangelium Pau¬
1077 1667 1873 1717 li confirmavit: & eodem lib. tertio de verbo Dei, capite sex¬
1078 1706 1874 1748 to, sectione septima inde probat Damasum fuisse summum
1089 1749 1877 1794 udicem controversiarum religionis, quia cofirmavit Syn¬
1080 1786 1876 1834 odi Constantinopolitanae sententiam, quam damnata est
1077 1828 1871 1868 haeresis Macedonij contra Spiritum Sanctum. Quae pro¬
1083 1864 1874 1904 batio nulla est, nisi vera sit universaliter haec propositio:
1084 1907 1868 1950 Quicunque doctrinam & sententiam aliorum confirmat, is est
1080 1947 1865 1996 summus tudex. Quod si vera est universaliter ista proposi¬
1078 1986 1865 2026 tio; & Jacobus sententiam Petri confirmat, ut idem Bele
1084 2020 1865 2068 larminus affirmavit: tum necessario sequitur, Jacobum sum¬
1077 2063 1874 2106 mum judicem in Concilio illo fuisse. Idque hinc etiam pro¬
1083 2106 1877 2146 batur, quod Jacobus terminaverit controversiam: nam ul¬
1081 2136 1871 2186 timus sententiam dixit, in qua alij omnes acquieverunt &
1087 2186 1874 2226 in quam decretum factum est. Quarto, sententiam Conci¬
1083 2221 1871 2271 lij Apostolici esse infallibiliter veram conceditur: at sen¬
1073 2257 1874 2304 tentiam cujuscunque Concilij Episcopalis veram esse ne¬
1074 2293 1867 2351 gatur, nisi quatenus convenit cum divino Canone. Quin¬
1080 2334 1862 2386 to, decretum Cocilij Jerosolymitani a Paulo Ecclesiis com¬
1080 2378 1866 2421 mendatum fuisse, conceditur. Sed num inde sequitur, Pe¬
1077 2420 1856 2463 trum fuisse summum judicem? Nequaquam, quia ne prae
1083 2455 1862 2499 ses quidem concilij illius fuit: Imo etiamsi praeses fuisset,
1078 2492 1871 2541 summus judex non fuisset. Nam praeses Concilij sive A¬
1086 2534 1874 2581 postolici sive Episcopalis, non judicat summa autoritate,
1077 2586 1877 2632 sed juxta Scripturam Sacram, ex qua vocem Supremi judi¬
1076 2611 1408 2665 cis, qui Deus est, indicat.
1117 2645 1871 2701 SEPTIMUM est Gal. 2. v. 2. Ascendi, inquit Paulus, Ieros
1082 2692 1883 2746 solymam cum Barnaba, & contuli cum illis Evangelium quod
1093 2733 1874 2776 praedico in Gentibus: seorsim autem iis qui videbantur aliquio
1082 2771 1880 2827 esse, ne forte in vanum currerem, aut cucurrissem. Hinc tale
1087 2810 1888 2859 arguinentum oportet formati: Petrus fuit summus iudex de
1084 2853 1880 2899 doctrina fidei: Petrus fuit Pontifex Romanus. Ergo, &c. Ma¬
1101 2897 1879 2938 jor sic probatur; Petrus confirmavit Evangelium Pauli: ut
1090 2940 1880 2983 Paulus ipse Gal. 2. v. 2. & Tertullianus, Hieronymus & Au¬
1089 2978 1880 3027 gustinus affirmant. Ergo Petrus fuit summus iudex de doctri¬
1095 3019 1885 3059 na fidei: Et proinde & suc cessor eius nunc est summus ludex:
1125 3060 1901 3102 RESP. Primo major propositio negatur, nec probatur
1096 3102 1901 3146 eo quod Petrus Evangelium Pauli confirmaverit Confir.
1096 3139 1902 3193 mant enim alij aliorum doctrinam, sententias & judicia.
