2063 3418
174 180 990 217 hominis allata est olim prophetia, sed acti a Spiritu Sancto loquuti sunt:
173 208 973 256 sanei. Dei homines. Ita Apostoli testantur libros Propheticos esse ve¬
184 244 977 289 re divinos. Et de Epistolis Pauli testatur Petrus 2. Petr. 3. 15. Dominio
188 273 986 317 nesiri nacientiam, salutem ducite, sicut & charus frater noster Paulus
179 316 631 362 pro sili DAT A sapientia scripsit vobis.
218 343 980 389 INSIANTIA I. Etiamsi Scriptura dicat, libros Prophetarum
183 373 977 420 & Apostelorum esse divinos; tamen non certo id credam, nisi prius credi¬
191 412 986 445 deto. Scriptaram, quae hoc dicit, esse divinam. Nam etiam in Alcorano
189 440 983 489 Maehumeti passim logimus, ipsum Alcoranum de coelo a Deo missum, &
193 479 452 520 tamen ei non credimus
230 495 990 549 RESP. Impia est haec instantia dupliciter. Primo quia Apostolis
195 545 985 585 testantibus, Propheticos & Apostolicos libros esse divinos, fidem im¬
192 577 988 621 prohe derogat. Ac mirandum profecto, Jesuitam qui autoritatem
190 613 982 650 sedis postolicae defendendam suscepit, Petri Apostoli autoritatem
196 643 994 682 enervate, a qua reliquorum Pontificum Romanorum autoritatem
198 675 986 722 pendere gloriantur. Et quae haec est improbitas, Papae Romano ho¬c
190 708 987 749 die aliquid pro divino proferenti, certo credere: Petro Apostolo au¬
199 749 985 786 tem non certo credere? Deinde impium est, Scripturae & nomina¬
201 772 983 817 tim Petri & Pauli Apostolorum asseverationem comparate asseve¬
203 804 996 847 rationi Alcorani: & utramque aequalem facere: nec magis Petro &
212 841 992 880 Paulo credere, quam Alcorano. Quid his hominibus facias ad ver¬
201 872 994 915 sus Principia disputantibus? Sacra Scriptura, oraculum per Aposto¬
200 912 998 952 los prolatum a Deo, est principium, hujus qui principium postulat,
213 939 991 983 jeημαχει. Exemplum Alcorani pro instantia objectum, dissimillis
210 978 997 1014 mum est. Res nobis cum Christianis est, non cum Mahumetanis:
208 1010 997 1051 aliis oculis, alia luce Christianus videt, quam Mahumetanus. Quid
207 1039 995 1082 tu mihi Mahumetanum agis, ut principium Christianae religionis:
217 1079 746 1114 non Christiane labefactes? Apage impietatem
238 1101 1005 1146 INSTANTIA II. Cur fides nitatur verbo Dei, nisi habeamus
213 1138 734 1177 verbum Dei non scripium, nulla nobis erit fides.
249 1163 997 1210 RESP. Negatur hoc connexum, quia repugnat Scripturae asse¬
213 1213 997 1248 veranti fidem ex Scriptura hauriri. Actor. 17. v. 11, 12. Berocenses rece¬
212 1239 1001 1286 perunt sermonem cum omni alacritate, quotidie scrutantes Scripturas
225 1275 1010 1310 an haec ita se haberent: Multi igitur crediderunt ex eis. Hinc Christus
231 1314 1007 1347 ubet serutari Scripturas, ex quibus quid sit credendum discimus, Jo¬
225 1337 1003 1379 han 5. 39. Scrutamini Scripturas, quia vos videmini vobis in ipsis vitam
220 1377 998 1415 aeternam habere: & illae sunt quae testantur de me. Imo qui Scriptura
216 1412 1000 1445 non credunt, nullam fidem habent: sicut ait Christus Joh. 5. 46, 47.
229 1437 1011 1479 Si crederetis Mosi, crediretis mihi: nam ille de me scripsit. Quod si scriptis
228 1471 1003 1507 illius non creditis, quomodo verbis meis credetis? Et Abrahamus Luc¬
225 1508 1010 1546 16. 31. Si Mosen & Prophetas non audiunt, ne si quidem quispiam ex
231 1541 1004 1576 mortuin resurgat, fidem ei habebunt. Subscribunt Patres: Nam Augu¬
222 1567 1008 1611 stinus libro decimonono de Civitate Dei, cap decimooctavo ait: Ci¬
234 1602 1014 1642 vitas Dei credit Scripturis Sanctis, quas Canonicas appellamus, unde fi¬
235 1634 1019 1673 des ipsa concepta est, ex qua justus vivet. Et libro primo de doctrina
235 1668 1010 1706 Christiana, cap. triges. septimo. Titubabit fides, si divinarum Scriptu¬
232 1702 1010 1740 rarum vacillet autoriias. Et tractatu secundo in epistolam Johannis
238 1734 1010 1770 Contra insidiosos errores Deus voluit ponere firmamentum in Scriptu¬
230 1766 1006 1806 ris, contra quas nemo audet loqui, qui quoquo modo se vult videri Chri¬
228 1800 1011 1838 stianum. Ex his liquere potest, an ullam fidem habeant, an Christiani
226 1833 1007 1872 sint Jesuitae, qui Scripturae aliquid affirmanti non credunt. Notanda
236 1872 1004 1906 enim sunt verba Bellarmini supra allegata: ETIAMSI SCRIPTU
225 1896 1007 1933 RADICAT, lipros Prophetarum & Apostolorum esse divinos: TA.
231 1926 1003 1966 MENNON CERTO ID CREDAM, nisi prius credidero, Scripturam
235 1968 999 2005 quae hoc dicit, esse divinam. Adeone parum fidei merentur Paulus &
232 1996 1010 2035 Petrus apud Jesuitas, asseverantes scripta Prophetica & Apostolicat
227 2029 1004 2069 esse divina, nisi ex traditionibus non scriptis persuadeantur boni ist?
230 2061 1001 2101 scilicet Catholici, Scripturam Pauli & Petri esse divinam: Quis non
222 2092 1001 2129 videt, Jesuitas plus autoritatis traditionibus non scriptis attribuere
231 2128 1010 2171 quam scriptis Pauli & Petri Apostolorum: ut quibus credere non pos¬
228 2162 997 2202 sint, nisi habeant verbum non scriptum, quo persuadeantur ut Apo¬
219 2193 727 2234 stolis credant Oegregie fideles Catholicos.
489 2235 734 2291 Prosyllogismus V.
252 2270 1001 2332 Si nullo modo potest haberi ex Scriptura, quae sit illa Scriptura divina
220 2321 769 2362 tum nan omnia continet. Sed illud est;. Ergo & hoc.
252 2355 1007 2392 RESP. Assumtio negatur. Nam Scripturam Propheticam ex
225 2390 998 2425 qua pasiim testimonia citantur in Novo Testamento, ait Paulus est
219 2423 997 2457 divinitus inspiratam, Illa autem est Scriptura Veteris Testamenti. E
228 2453 1013 2491 Scripturam: Novi Testamenti essedivinam inde patet, quia aeque est
219 2489 1001 2523 fun: amentum Ecclesiae, atque Scriptura Prophetica, Ephes. 2. 20.
229 2522 1001 2559 Superstructi suser fundamentum Apostolorum ac Prophetarum. Eccle¬
226 2550 995 2595 siam vero non nisi super divinum fundamentum superstrui necesse est.
250 2587 1001 2620 Assumtionis probatio duplex. Prima, Quomodo enim colligemus ex
218 2613 1010 2661 Scripturi, Evangelia Marci & Lucae esse vera, Evangelia Thomae &
227 2649 1000 2691 Bartholomai esse falsa? cum ratio potius dictet, magis crodendum libr
219 2679 742 2729 praeferenti titulum Apostoli, quam non Apostoli
255 2709 1007 2762 RESPON. Falsum est, ex Scriptura colligi non posse, Evangelia
228 2742 1010 2781 Marci & Lucae esse vera. Nam ipsa Evangelia Marci & Lucae suo te¬
216 2782 1032 2809 stimonio se comprobant: omnia in idis coelestem doctrinam redo¬
222 2812 1010 2853 len:: manifeste in illis divinae sapientiae dispensatio elucet: in admira¬
229 2846 1010 2885 tionem rapiunt, rerum magis d gnitate, quam verborum lenociniis:
228 2882 1010 2914 vivide afficiunt legentium animos admiranda harmonia cum alio¬
232 2914 1010 2947 rum Evangelistarum libris & scriptis aliis Propheticis & Apostolicis
226 2947 1004 2982 congruunt, & ut alia omittam, ostendunt vere & perfecte modum ad
238 2979 1011 3023 piscendi aeternam salutem, & ab Ecclesia semper fuerunt recepta. At
233 3012 1000 3049 Evangelia, quae sub Bartholomaei & Thomae nominibus falso cit
225 3051 1004 3092 cumferuntur, vera non sunt: quia in eis plurima sunt, quae Apostolica
226 3075 1014 3122 fidei regula & sana doctrina condemnat, ut loquitur de iis Augusti¬
231 3111 1033 3146 nus libro primo, de consensu Evangelist. capite primo. Mutuatus est
230 3144 1022 3187 autem hoc argumentum Bellarminus ab Eccio, qui tamen asystata
231 3173 1019 3227 scribit: Nam ait quod Marcus & Lucas nunquam viderint Chri¬
1016 162 1844 219 stum: & nihilominus affirmat illos e numero septuaginta discipuia
1030 210 1862 244 rum fuisse, quos Christus hinc inde praedicatum in oppida Judaeae ab¬
1045 245 1124 291 legarat
1311 276 1562 337 Probatio secundae
1072 332 1863 375 Et unde colligam, epistolam ad Romanos esse vere Pauli, epistolam ad
1041 368 1853 405 Laodicenses, quae nunc circumfertur, non esse Pauli? cum utraque praefcrat
1051 401 1854 439 itulum Pauli: & cum Paulus in epistola ad Colossenses, cap. ult. dicat, se
1041 435 1849 484 scripsisse ad Laodicenses, nusquam autem dicat, se scripsisse ad Romanos
1059 469 1851 514 RESP. Epistolam ad Romanos, esse vere Pauli, colligitur ex i¬
1050 499 1863 538 psa epistola ad Romanos, in qua prima ejus pars, Exordium videli¬
1044 540 1850 576 cet, autorem epistolae diserte ostendit: Paulus servus Iesu Christi, eo
1050 571 1856 613 Dei vocatione Apostolus, separatus ad praedicandum Evangelium Dei.
1053 605 1861 642 &c. Quod autem Jesuita asseverat, Apostolum nusquam dicere, se
1050 635 1847 675 scripsisse ad Romanos, in eo tum impudentiam, tum supinam negli
1057 670 1865 715 gentiam suam declarat. Nam an non dicit, se scripsisse epistolam, qui
1056 696 1859 739 se ejus autorem ὑπεγραφῳ sua profitetur, ut Paulus mox initio episto¬
1058 734 1868 787 ae ad Romanos facit? An non dicit Roman. 15. v. 15. Audaculescripsi
1050 770 1392 814 vobis, fratres, aliquatenus, &c.
1084 796 1855 838 Epistola deinceps ad Laodicenses quae vere Pauli sit, nulla extat
1052 836 1859 879 Nam quae nunc circumfertur, Apostolico nomine plane est indigna
1050 872 1849 905 sicut alt Hieronym, in catalogo in Paulo: Legunt quidam ad Laodicem
1046 907 1855 947 ses, sed ab omnibus exploditur. Et Patris Nicenae Synodi secundae Actor.
1064 939 1862 977 5. Inter epistolas (inquiunt) Apostoli quaedam fertur ad Laodicenses.
1063 967 1865 1003 quam Patres nostri, tanquam alienam reprobaverunt. Quod vero ait
1057 1006 1865 1045 Jesuita, Paulum in epistola ad Colossenses cap. ult. v. 16. dicere, se scri¬
1063 1034 1859 1073 psisse ad Laodicenses, falsum est. Non enim ait ibi, se ad Laodicenses.
1047 1073 1859 1112 scripsisse, sed jubet tantum Colossenses legere epistolam scriptam
1053 1104 1853 1139 Laodicea. Epistola igitur illa non est scripta ad Laodicenses: quia est
1051 1135 1859 1171 scripta ex Aωρδιϰειας. Nec Pauli est illa ex Aαοδικειας epistola: sed
1052 1166 1873 1210 Laodicensium ad Paulum, ut Chrysostomus & Oecumenius aperte
1053 1203 1160 1243 scribunt.
1305 1244 1601 1311 Prosyllogismus VI.
1102 1310 1872 1365 Si ex Scriptura haberi non potest in particulari, libros Canonicos qui¬
1071 1354 1857 1389 sunt in manibus, esse vere illos, qui a Prophetis & Apostolis scripti sunt
1068 1389 1867 1421 exempli gratia, Evangelium Marci, quod nunc legimus, esse illud verum
1078 1419 1862 1460 & incorruptum, quod scripsit Marcus; tum Scriptura non omnia conti¬
1068 1455 1462 1497 net. At primum;. Ergo & postremum.
1095 1484 1861 1529 RESPON. Assumtio negatur. Nam ex Scriptura in particular:
1075 1515 1865 1555 habetur, libros illos qui nunc sunt in manibus, vere esse illorum qui¬
1064 1554 1870 1589 bus adsciibuntur: ut Evangelium Marci quod nunc legimus, vere est
1074 1587 1861 1623 Marci: quia id testatur titulus libri divina inspiratione scriptus non
1065 1622 1873 1656 minus ac ipse liber. Quod si cui hoc non satisfacit, pari ratione o¬
1077 1655 1862 1694 mnes omnium antiquorum, Ecclesiasticorum, Philosophorum &
1071 1686 1867 1719 Historicorum libros in dubium vocet: an vere siat illorum, quibus
1066 1721 1869 1752 sunt adscripti: atque ita Pyrrhonicam de omnibus dubitationem in¬
1069 1750 1871 1789 troducat. Sed quae haec est perversitas, credere libros Platoni adscri¬
1071 1787 1875 1827 ptos, vere esse illos quos scripsit Plato, quia Platonis nomen prae se¬
1073 1816 1873 1858 ferunt: Marci vero Evangelium non credere esse verum illud Marci¬
1062 1848 1858 1889 Evangelium, licet nomen Marci tot jam ordine labentibus seculis
1068 1883 1862 1926 ab Apostolorum usque tempore habuerit praefixum, nullis vere fide¬
1059 1916 1858 1961 libus contra disputantibus, praeter istos improbos Jesuitas cum im¬
1059 1952 1737 1993 puris Manichaeis, Cerdonianis, Marcionitis & Ebionaeis:
1320 1993 1607 2060 Prosyllogismus VII.
1099 2046 1868 2090 Si intellectus Scripturae non potest haberi ex Scriptura: tum non e¬
1066 2086 1589 2125 mnia continet. At primum. Ergo & postremum.
1098 2116 1864 2155 RESPON. Assumtio negatur: Ut enim quisque est optimus in¬
1059 2155 1856 2190 terpres suorum verborum: ita etiam Spiritus Sanctus in Scriptura
1060 2187 1855 2222 loquens est oprimus interpres Scripturae. Hinc Beroenses non extra
1068 2221 1855 2258 Scripturam, sed in Scriptura scrutati sunt sensum scripturarum
1068 2253 1859 2290 Paulo allatatum, Actor. 17. 11. qui nihil dixit extra ea quae Propheta.
1068 2287 1868 2324 ac Moses futura praedixerunt. Actorum 26. 22. Hinc Paulus ait 2,
1070 2319 1866 2355 Tim. 3. 15. Sacras literas hominem sapientem reddere posse ad salu¬
1059 2354 1868 2394 tom: ergo etiam sensum Scripturae suppeditant, sine quo sapientia ista
1056 2391 1391 2430 ad salutem consistere nequit.
1092 2413 1625 2457 Sed probat Jesuita assumptionem hoc modo:
1095 2453 1864 2498 Saepissime Scriptura ambigua & perplexa est, vt nisi ab aliquo, qui er¬
1071 2482 1541 2530 zare non possit, explicetur, non possit intelligi
1065 2518 1301 2565 Epilogismus est talis
1095 2542 1859 2601 Ex Scriptura ambigua & perplexa non potest haberi ejusdem intel¬
1060 2573 1136 2618 lectus:
1092 2617 1591 2661 At Sacra Scriptura est ambigua & perplexa¬
1096 2652 1622 2685 Ergo ex ea non potest haberi ejusdem intellectus
1090 2677 1871 2719 RESPON. Primo Propositio non est universaliter vera. Est enim
1063 2719 1868 2754 vera tantum de illa Scriptura, quae in se & ab autore suo & prorsus to¬
1065 2753 1864 2787 ta est ambigua & perplexa, ita ut nihil in ea sit certi & perspicui. Al
1068 2784 1873 2819 Sacra Scriptura nec in se nec ab autore Spiritu Sancto est ambigua¬
1068 2820 1871 2866 & perplexa: sed tautum hominibus non assequentibus, aut etiam non
1065 2845 1493 2883 scrutantibus sensum Spiritus Sancti.
1105 2869 1862 2922 Secundo assumtio laborat elencho παρα το μῆ ἐλον ας δλον, que
1068 2913 1874 2960 elenchum ipsemet Jesuita prodit, cum fatetur, sapissime Scripturam
1074 2947 1874 2981 esse ambiguam & perplexam: Non igitur tota est ambiqua & per¬
1070 2974 1865 3024 plexa. Atque haec confessio satis est ad ipsum refutandum: Hinc enim
1075 3016 1877 3058 colligitur, declarari ambigua & perplexa nobis loca ex illis quae non
1066 3047 1361 3093 sunt ambigua & perplexa
1100 3070 1873 3114 INSTAT: Nisi Scriptura Sacra ab aliquo, qui errare non possit, ex¬
1074 3107 1868 3154 plicetur, non potest intilligi: Sela igitur non sufficit. Exempla sunt pluri¬
1069 3149 1868 3183 ma, nam aequalitas divinarum personarum, processio Spiritus Sancti a Pa¬
1066 3179 1861 3218 tre & Filio, ut ab uno principio, peccatum originis, descensus Christi ad in¬
