2063 3410
196 210 973 264 & legant:inon tamen intelligunt salutariter quicquam, si modo quie
207 257 976 297 quam intelligunt. Tertio Ireneus allegato loco de Scripturae Sacra¬
200 293 757 330 Thesauto loquitur, non de traditienibus ἀγρχφοισ
228 319 976 354 IV. Si nullae essent traditiones non scriptae, tum periret multorum
198 350 983 387 mysteriorum, quae silentium requirunt, dignitas: Atqui absardum esset
205 385 978 418 illam peririt Ergo traditiones non scriptas esse necessarium est. Probatur
196 420 977 461 sumti consequentia: Si enim ad videnda tremenda mysteria Missae non
198 446 986 484 licet admittera ullos non baptizatos, quomodo licebit eis eadem scripta
199 484 986 523 tradere? Hinc Dominus seersim discipulis interpretabatur parabolas,
204 516 973 556 quas populo loquutus erat, Luc. 8. & Apostolus ait 1. Cor. 2. Sapien
201 554 985 587 tiam loquimur inter perfectos. Et passim veteres, cum de Sacramento
204 581 980 617 Eucharistia loquuntur, dicere solent; Norunt fideles, norunt initiatis
214 613 976 650 Hanc rationem attingunt Dionysius cap. 1. Eccles. hicrarch. Origenes
211 644 976 682 homil. 5. in Numer. Basilius cap. 27. lib. de Spiritu Sancto, & Innocen¬
205 675 386 719 tius I. in epistol.
240 708 983 748 RESP. Primo falsum est multa mysteria, ad salutem nostram a
205 726 986 780 Deo revelata, silentium requirere. Quae Deus non revelavit, ea ne¬
219 781 979 820 quidem investigari a quoquam hominum possunt, ne dum profer¬
211 812 968 852 ti: quae autem Deus patefecit, ea vult omnibus filiis suis innotesci¬
203 849 989 882 re, non autem coram illis silentio tegi, sicut Matth. 10. vers. 26, 27.
210 873 983 913 Christus ait: Nihil est opertum, quod non sit retegendum, & nihil oc¬
206 910 986 945 cultum quod non sit cognoscendum. Quod dico vobis In tenebris, dicite
202 944 980 978 in luce: & quod in aurem auditis, praedicate in solariis. Secundo ne¬
216 971 995 1015 gamus sumti consequentiam; nec ad eam probandam quicquam
208 1005 983 1046 faciunt ea quae Bellarminus adfert. Nam mysteria Missae nulla
205 1035 982 1069 sunt quae purum putum inventum est hominum rebus carnalibus
207 1067 985 1102 affixorum: longissime enim a Coena Dominica distat. Recte tre
213 1100 992 1144 monda mysteria Misse vocat: nam merito omnibus piis terrorem &
217 1133 980 1170 tremorem incutere debet horrenda illa Coenae Dominicae profanae
213 1169 1005 1202 tio, imo abolitio, & sacrificii illius propitiatorii semel a Christo per¬
211 1200 986 1234 acti abnegatio quae in Missa sit. Luc. 8. versic. 10. Dominus scorsin¬
222 1230 982 1276 interpretabatur parabolas quas populo loquutus erat, non quo
219 1265 989 1298 metueret, dignitatem parabolis illis perituram, si palam populo ex¬
229 1297 979 1334 licarentur: sed propter eam causam quae diserte exprimitur a Deoi
220 1330 980 1372 mino ipso dicente, Vobis datum est nosse mysteria regni Dei; rele
216 1358 997 1402 quis autem per parabolas loquor, ut videntes non videant, & audien¬
214 1396 992 1425 tes non intelligant. Haec causa pluribus explicatur Matth. 13. v. 10.
229 1431 991 1466 & sequentibus 1. Corinth. 2. versic. 6. dicens Paulus, Supientiam lo¬
226 1460 992 1501 quimur inter perfectos, nequaquam hoc sibi vult, esse traditiones
229 1493 1011 1533 quasdam non scriptas, quas Apostoli non omnibus fidelibus, sed
213 1525 997 1566 perfectioribus duntaxat seorsim tradiderint, ac proinde in Scriptu¬
222 1565 992 1600 tam Sacram non retulorint; ut innuit hoc loco Bellarminus & plu¬
226 1592 992 1630 ribus inculcat eodem libro quarto de verbo Dei, capite undecimo
229 1629 989 1662 ectione quarta & sexta. Haeretici enim ita ut Bellarminus inter¬
232 1657 1001 1691 pretantur locum hunc Pauli, sicut Ireneaus Martyr de Valentinianis,
220 1692 992 1730 Marcionitis, Cerinthianis, Basilidianis libro tertio adversus haere¬
222 1721 988 1760 ses, capite secundo scribit; Cum ex Scripturis arguuntur, in accusae
222 1752 997 1788 tionem convertuntur ipsarum Scripturarum, quasi non recte ha¬
225 1782 995 1819 beant, neque sint ex autoritate, & quia varse sint dictae, & quia non
219 1819 1017 1858 possit ex his inveniri veritas ab his qui nesciant traditionem. Non
229 1851 995 1885 enim per literas traduam illam, sed per vivam vocem, ob quam cau¬
232 1882 995 1915 sam & Paalum dixisse, Sapientiam autem loquimur inter perfectos
229 1914 998 1952 sapientiam autem non mundi hijus. Sic doctrina hodiernorum Pa¬
235 1948 1001 1993 vistarum est doctrina Valentinianorum, Marcionitatum & aliorum
228 1978 857 2019 haereticorum a veteri orthodaxa Ecclesia damnatorum
255 2007 1001 2049 Quod de Sacramentis norunt fideles & initiati, id ex Scriptura
229 2045 998 2081 Sacra norunt, non ex traditionibus ἀγραφοις: nam orthodoxi Patres.
225 2078 1003 2114 docebant Catechumenos & alios fideles ex Scriptura Sacra quae de¬
220 2113 650 2148 religione & Sacramentis scienda sunt,
261 2134 1024 2178 Denique Dionysius, Origenes, Basilius, & alii orthodoxi Pa¬
230 2179 1000 2223 tres quum de traditionibus quibusdam loquuntur, non dogmata
232 2209 991 2246 intelligunt ad salutem aeternam necessaria; nam illa omnia ex di¬
226 2242 994 2277 vinis literis sumenda esse constanter docent, ut ostensum in Sym¬
220 2274 1001 2312 phonia Catholica primo capite, thesi secunda: sed ritualia intelligunt
222 2307 1006 2344 ad modum & ordinem externum seu Agendam Ecclesiasticam,
235 2340 1003 2377 ut vulgo nominant, pertinentia, & commoditati cujusque Eccle¬
222 2369 1003 2416 siae attemperata piorumque Pastorum judicio permissa, hac lege
223 2411 1004 2454 ut prudenter observent vetus illud dictum, ὕτε ωαντα, γτε πκθτετε, 8η
229 2435 390 2476 ραι α. ταν.
268 2465 1030 2514 Ex his manifestum est, Papanos nequaquam probare posse opi¬
228 2501 1012 2539 nionem suam. Nostra autem eaque orthodoxa sententia est; Tradi¬
238 2533 1015 2570 tiones non scriptas de rebus ad salutem aeiernam necessariis, ac proinde
234 2572 1013 2607 de fide & bonis operibus, praeter Scripturam diuinitus inspiratam, hoc
231 2601 1007 2642 tempore in Ecclesia Christi necessarias non esse. Quam fententiam ar¬
249 2634 658 2684 jumentis sequentibus confirmamus
267 2663 1003 2706 I. Quia traditiones ejusmodi esse probari non potest ullis ido¬
231 2700 1004 2738 neis argumentis aut testibus. Quod autem plane non est, quomo
239 2732 1009 2777 do tenendum & observandum necessario? Non eutis nulla est neces¬
234 2765 426 2806 saria observatio.
279 2798 1036 2839 II. Quia sine illis Scriptura Sacra potest hominem sapientem
237 2831 1022 2866 reddere ad salutem. 2. Timoth. 3. v. 15. Sine illis Scriptura Sacra do¬
238 2864 1025 2905 cet omnia quae continent fidem, moresque vivendi, ac proinde omnia
235 2894 481 2940 necessaria ad salutem
280 2917 1024 2967 III. Quia a traditionibus ἀγρχιφοις non vult Deus Ecclesiam
246 2963 1018 3003 postremorum temporum, ut nec olim quum adhuc mittebat ad Ec¬
243 2996 1015 3034 clesiam Prophetas & Apostolos immediate vocatos & a se instru
243 3030 1022 3061 ctos, sed a verbo praescripto pendere. Johan. 5. v. 39. Scrutamini Scri¬
256 3060 1028 3099 oturas, quia vos videmini vobis in ipsis vitam aeternam habere: & illae
256 3091 1028 3126 sunt quae testantur de me. 1. Tim. 4. v. 13. Interem dum verio, intentus
244 3130 1042 3167 esto lectioni, exhortationi, doctrinae. 2. Tim. 3. v. 15,16. Tota Scriptura
249 3158 1026 3195 divinitus est inspirata, &c. 1. Petr. 1. v. 25. Verbum Domini manet in
244 3192 1031 3233 aternum: hoc autem est verbum illud quod evangelizatum est vobis. 2.
1028 208 1837 253 Pets. 1. v. 19. Et habemus firmiorem illum sermonem propheticum: quem
1038 252 1829 286 benefacitis quod attenditis, velut lucernam splendentem in obscuro loco;
1045 289 1829 328 usquedum dies illuxerit, & lucifer exoriatur in cordibus vestris. Apo¬
1036 311 1832 354 stoli nihil docebant extra ea quae Moses & caeteri Prophetae futura¬
1047 349 1826 386 praedixerant: ad Scripturas Mosis & Prophetarum fideles revoca¬
1041 387 1526 428 bant, ad traditiones non scriptas nunquam
1065 410 1839 450 IV. Quia traditiones non scriptae aut idem dorent, quod Scri¬
1050 448 1835 485 ptura Sacra, aut aliud. Si idemi tum superfluae sunt: si aliud, tum fu¬
1047 485 1829 527 giendae; quia aliud Evangel um aliamque Legem quam Deus in
1038 522 1826 554 Scriptura tradidit, suscipere expresso verbo Dei prohibemur. Galati
1053 546 1819 583 . v. 8. & 9. Sed etiam si nos, aut Angelus e caelo evangelixet vobis praete
1045 577 1823 618 id quodvobis evangelizavimus, anathema esto. Vt ante diximus, etiam
1035 611 1819 650 nunc iterum dico, Si quis vobis evangelizaverit praeterid quod accepi
1035 643 1832 685 stis, anathema esto. Deut. 4. v. 2. Ne addite ad verbum illud quod ego
1046 678 1826 712 praecipio vobis, neque detrahite de eo, ut servetis praecepta Iehova Dei ve¬
1050 707 1838 752 stri, quae ego praecipio vobis. Prov. 30. v. 6. Ne adjicito ad verba eius, ut
1035 745 1441 785 non corripiat te, ut efficiaris mendax
1077 780 1829 819 V. Quia traditiones illae non scriptae, quae tam atrocibus dissi¬
1048 818 1826 858 diis hodie collidunt Christianos, pleraeque manifeste pugnant cum
1041 851 1826 888 Scriptura Sacra, quam veri Christiani omnes absque contradictio¬
1042 885 1838 926 ne fatentur esse verbum Dei & Canonem fidei bonorumque operum
1041 917 1358 959 aliae sunt ineptae & ridiculae,
1068 949 1832 997 VI. Quia traditiones illae non continent res ad salutem
1048 989 1819 1026 aeternam necessarias. Nam si essent necessariae, divino jussu perscri¬
1054 1023 1829 1062 ptae fuissent, ut conservari possent in tanta hominum oblivione,
1050 1063 1829 1099 vel malitia prona ad salutis doctrinam corrumpendam, in tot impe¬
1045 1087 1831 1122 riorum, regnorum & Ecclesiarum dissidiis & disputationibus. Imo
1044 1122 1835 1162 nec dogmata ista ἀγραφα conservata fuissent aut consorvari potuis¬
1054 1152 1831 1185 sent, nisi ab aliquibus in literas relata fuissent. Quod si illae tradi¬
1056 1185 1832 1221 tiones scribendae non erant, sed viva voce propagandae, cur ab anti¬
1054 1218 1832 1259 quis quibusdam scriptae sunt? sin vero erant scribendae, cur ab aliis
1062 1251 1840 1292 potius quam ab Apostolis autoribus divinitus inspiratis, scribendae
1048 1283 1145 1322 fuerunt?.
1071 1313 1841 1354 VII. Quia traditiones illae sunt prorsus incertae: nam unam ean¬
1051 1346 1832 1387 demque traditionem ex veteribus alius affirmat esse Apostolicam,
1044 1382 1831 1420 alius negat: ut traditionem quam Chiliastae praetendunt, alii dicebant
1057 1418 1490 1460 esse Apostolicam, alii postea negarunt
1087 1439 1835 1489 VIII. Quia traditiones non scriptae etiam antiquos Patres in
1057 1477 1835 1516 errores induxerunt noxios, ut accinit Papiae Episcopo Hieropolitae no
1047 1514 1835 1554 & Chiliastis, teste Eusebio libro tertio Histor. Ecclesiast. capite
1052 1544 1140 1584 ultimo.
1077 1565 1832 1617 IX. Quia traditiones illae quas Papistae urgent, sunt infinitae: in¬
1047 1599 1433 1651 finitorum autem nulla est scientia.
1084 1632 1840 1693 X. Quia multitudine sua serviliter onerant Christianos gravius
1056 1674 1832 1717 quam olim onerati fuerunt Judaei: ideo abolendae potius, quam
1051 1708 1841 1741 Christianis imponendae. Videatur Augustinus secundo tomo, ad Ja¬
1060 1746 1523 1785 nuarium epistolam centesima decimanona.
1083 1781 1835 1828 XI. Quia si hoc quoque tempore, quo nullos amplius Pro¬
1066 1811 1831 1850 hetas & Apostolos immediate illis verbum suum inspirans, ut o¬
1053 1851 1838 1890 lim, Deus excitat, traditiones non scriptae essent praeter Scripturam
1053 1881 1837 1915 Sacram necessariae, gravia inde absurda sequerentur: nam religio¬
1062 1913 1826 1946 nem ἀπιραντον & infinitam facerent, cum quae & quot sint traditio¬
1054 1949 1836 1984 nesnon scriptae nullis idoneis argumentis ostendi possit: ad huma¬
1054 1983 1833 2026 na commenta delaberemur: puo divinis oraculisemulta venditaren
1062 2012 1826 2048 tur, quae non sunt: Testamento DEI, quod est Sacra Scriptura
1062 2048 1829 2087 multa adderentur, quum ne humano quidem addere quicquam li¬
1065 2076 1835 2113 ceat: susciperemus alia, imo & aliena ab his quae in tatjuis federis,
1059 2110 1834 2151 quod Deus nobiscum pepigit, perscripta sunt: fingulis annis mutare
1062 2142 1835 2185 tur religio, prout jam hic, jam ille novas traditiones tanquam divi¬
1062 2180 1825 2222 nas & Apostolicas proferret: vagaremur extra metas intia quas A¬
1053 2208 1838 2249 postoli ipsi se continuerunt ad Scripturam Sacram tam aicte adhae¬
1053 2238 1841 2277 rescentes ut nihil dixerint extra ea quae Moses & alii Prophetae futu¬
1053 2274 1835 2314 ra praedixerunt; quanto magis nos, qui nec pari donorum Spiri¬
1065 2304 1828 2344 lus Sancti mensura donati, nec pari autoritate puaediti sumus, ei ad
1065 2338 1837 2374 naerere par est, postquam vetus ille Canon tam lucu enta Novi Te¬
1068 2369 1843 2403 stamenti accessione auctus est & collocupletatus? accusarentur Pro¬
1075 2401 1832 2438 hetae & Apostoli, qui ut tabellarii & actuarii Ec lesiae Dei, inaxi¬
1063 2440 1832 2478 mam pattem rerum ad salutem necessariarum praetermisissent
1072 2471 1835 2511 qui Testamentum DEI imperfectum reliquissent, qui tabulas fe¬
1063 2499 1838 2541 deris inter Deum & nos tam multis necessarii: omissis truncas &
1075 2541 1832 2577 mutilas nomine Dei Ecclesiae obtulissent: illis solis non adquie
1065 2565 1837 2601 scentes negarent aut saltem in dubium vocarent S: ripturam Sa¬
1066 2596 1832 2639 cram, verum ac germanum principium religionis Christianae, pe¬
1068 2633 1838 2682 quod DEUS omnes controversias, quotcunque in domo sua oriri pos¬
1071 2664 1844 2700 gent decidit, nec secus facerent quam haeredes illi qui alios cohaeredes
1074 2697 1843 2737 defraudare volentes testamentum quo testator adhibitis testibus omne
1074 2727 1858 2772 exceptione majoribus, voluntatem suam accuratissime exposuit, vel
1072 2764 1745 2797 occultant, vel imperfectum ac non sufficiens esse causantur
1113 2786 1856 2831 Omissis igitur traditionibus non scriptis, maneamus in iis quae
1071 2823 1858 2861 didicimus & quae nobis concredita sunt, scientes quod a DEOiI¬
1077 2863 1855 2903 pso per scripta Prophetica & Apostolica nobiscum lo uente ea di¬
1086 2896 1853 2930 dicerimus: sacrarum literarum, quas inde a puero nosse necessarium
1083 2927 1868 2963 & salutare nobis, cognitioni & meditationi incumbamus, illis in
1086 2955 1861 2994 tota Theologia ac religione insistamus, quae nos possunt sapien¬
1081 2993 1867 3028 tes reddere ad salutem per fidem quae est in Christo Jesu, cui cum
1077 3024 1870 3058 Patre & Spiritu Sancto sit laus, honor & gloria in saculorum myria¬
1078 3056 1310 3100 des infinitas, ANEN
1111 3090 1871 3138 Hectenus igitur edisseruimus principia Theologiae Christ: anae;
1081 3125 1862 3162 si prolixius forte, attamen fructuosius ut speramus, quem si obitere
1096 3159 1868 3191 nimis breviter ea perstrinxissemus, sine quibus caetera omnia, de qui
1096 3191 1868 3237 bus deinseps tractandum, explipari non potuissent commode & abs¬
