2063 3402
178 222 975 275 ἄνθρωπος, εκ ψυχις λογικῆσ κανθρωπινης σαρκος υφιτάμδος ισος το
184 269 972 305 πατρι νγ τον θεοτηζα, ελκτιον τεῶ πατρος κγ τυι ανθεωποτητα, ώς ει και
178 299 962 335 Θεως κι αν τρωπος ἔσιν, o δυο δμως, αλ εἰς ἐσι Xριστὸς εἴς δε, ευ τροπς τη
172 326 962 373 θεοτητ ος εἰς σκρκα, αλλα σωροσληγῳ τ αυτρωποτηιος εις Θεόν εἰς παντυς,
181 363 955 399 ρυ συγχυσει γ ουσίας, αλλ ενοτητ τ θτοσάσεως, κι γο ως ψυχι λογικη, &
178 395 973 440 σαρς εις ἐστίν αυθρωπος, κτα κα ὀ θεονθρωπος εις εσι Xρισος, Oς ἐπαθε δα
175 428 970 462 τάν σθθτηριαν ημών κατηηθεν εἰσ αδον, ανεση τς τριτι ημερα εκ τὸν νικρων.
174 459 956 496 ἄνηλθεν εἰς ουρανος, καθεται εκ δεχιον τοῶ Πατρος κιγεοω παυτοκρατρρος
168 493 969 530 δθεν τζεικριναι ζοανλασ κα νεκρονς, οο τῆ παρουσιχᾳ πάντες oι αυθρωποι αυα¬
174 525 968 562 σκσονταημετα ττ σωματαν αυτεν, χι ργτρδεισουσιν ἔκ ιδιον εργων τζν γπολo¬
174 555 974 594 γιαν, κι οι μετα τα αγαθα πραζαντες, πορδυσονται εις ζωlνν αἰώνεον, ει δι τα
181 594 960 639 φαγλα, εισ το σκρ το αἰώνιον. Αὕτη ἐσίν η καθολικῆ πισις, κ σαν μη τις πι¬
177 616 547 662 συς πισεθση, σοισασ α δήσεται.
300 661 848 705 SVMEOLUM SANCTI
444 707 695 753 ATHANASII.
207 749 968 795 Quicunque vult salvus esse, ante omnia opus est ut teneat Catholi¬
172 786 960 827 cam fidem: quam nisi quisque integram, inviolatamque servaverit, absque
180 814 961 850 dubio in aeternum peribit. Fides autem Catholica haec est, ut unum Deum
177 849 964 884 in Trinitate, & Trinitatem in unitate veneremur: neque confundentes
186 882 962 914 personas, neque substantiam separantes. Alia est enim persona Patris, alis
178 912 956 953 Flii, alia Spiritus Sancti. Sed Patris, & Filii, & Spiritus Sancti una es
183 944 964 978 divinitas, aequalis gloria, coaterna majestas: qualis Pater, talis Filius, ta¬
178 977 965 1013 lis Spiritus Sanctus: Increatus Pater, increatus Filius, increatus Spiritus
187 1010 971 1047 Sanctus: immensus Pater, immensus Filius, immensus Spiritus Sanctus:
187 1042 968 1079 aeternus Pater, aeternus filius, aeternus Spiritus Sanctus. Et tamen non tres
186 1075 971 1114 aeterni, sed unus aeternus: sicut non tres increati, nec tres immensi, sed unus
177 1105 965 1149 increatus, & unus immensus. Similiter omnipotens Pater, omnipotens
178 1139 962 1177 Filius, omnipotens Spiritus Sanctus: & tamen non tres omnipotentes.
183 1169 987 1209 sed unus omnipotens. Ita Deus Pater, Deus Filius, Deus Spiritus San
189 1203 971 1236 ctus: & tamen non tres dii, sed unus est Deus. Ita Dominus Pater, Domi¬
181 1236 970 1271 nus Filius, Dominus Spiritus Sanctus: & tamen non tres Domini, sed u¬
184 1269 971 1303 nus est Dominus. Quia sicut sigillatim unamquanque personam Deum ac¬
181 1301 972 1340 Dominum confiteri Christiana veritate compellimur: ita tres Deos aut
180 1333 970 1369 Dominos dicere Catholica religione prohibemur. Pater a nullo est factus,
184 1366 965 1401 nec creatus, nec genitus. Filius a Patre solo est, non factus, nec creatus, sed
186 1404 967 1441 genitus. Spiritus Sanctus a Patre & Filio, non factus, nec creatus, nec ge¬
187 1434 970 1466 nitus, sed procedens. Unus ergo Pater, non tres Patres: unus Filius, non tro¬
181 1463 974 1505 filii: unus Spiritus Sanctus, non tres Spiritus Sancti. Et in hac Trinitate
186 1494 967 1530 nihil prius aut posterius, nihil majus aut minus, sed totae tres personae coa¬
186 1532 980 1569 ternae sibi sunt & coaequales. Ita ut per omnia (sicut jam supra dictum
192 1561 965 1608 est) & unitas in Trinitate, & Trinitas in unitate veneranda sit. Qui
187 1597 684 1631 vult ergo salvus esse, ita de Trinitate sentiat.
214 1622 968 1668 Sed necessarium est ad aternam salutem ut incarnationom quoque Do¬
187 1662 974 1690 mini nostri Iesu Christi fideliter credat. Est ergo fides recta, ut credamus
184 1692 977 1730 & confiteamur: quod Dominus nosterlesus Christus Dei Filius, Deus &
192 1722 974 1756 homo est: Deus est ex substantia Patris ante secula genitus, & homo ex
183 1755 965 1797 substantia matris in saculo natus. Perfectus Deus, perfectus homo, ex ani¬
192 1789 976 1827 ma rationali & humana carne subsistens. Aequalis Patri secundum di¬
192 1820 977 1861 vinitatem, minor Patre secundum humanitatem. Qui licet Deus sit &
189 1852 980 1892 homo, non duo tamen, sed unus est Christus: unus autem non conversione
186 1893 976 1926 divinitatis in carnem, sed assumtione humanitatis in Deum: unus o¬
189 1916 976 1956 mnino non confusione substantiae, sed unitate personae. Nam sicut anima
180 1956 967 1990 rationalis & caro, unus est homo: ita Deus & homo, unus est Christus.
195 1984 970 2023 Qui passus est pro salute nostra, descendit ad inferos, tertia die resurrexit.
187 2023 979 2056 a mortuis. Adscendit ad coelos, sedet ad dexteram Dei Patris omnipoten¬
189 2052 974 2086 tis: unde venturus est judicare vivos & mortuos. Ad cujus advenium o¬
192 2077 986 2117 mnes homines resurgere habent cum corporibus suis, & reddituri sunt de
192 2116 973 2155 factis propriis rationem. Et qui bona egerunt ibunt in vitam aeternam.
192 2143 979 2193 qui vero mala, in ignem aternum. Haec est fides Catholica, quam nisi
201 2186 883 2226 quisque fideliter firmiterque crediderit, salvus esse non poterit.
228 2222 941 2267 EPHESINAESYNODI DETERMI¬
270 2269 899 2306 NATIONES, ISTISANATHEMATISMI,
406 2296 788 2344 a Cyrillo Alexandrino conceptae.
232 2335 970 2378 I. Si quis non confitetur Deum esse veraciter Emmanuelem, & pro¬
188 2366 988 2418 pterea Dei genitricem, sanctam virginem, (peperit enim secundum car¬
189 2401 986 2442 nem, carnem factum Dei Verbum, secundum quod scriptum est. Verbum
195 2437 535 2480 caro factum est) anathema sit.
240 2454 1002 2510 II. Si quis non confitetur, carni secundum substantiam unitum Dei
201 2496 985 2539 Patris Verbum, unumque esse Christum cum propria carne, eundem sci¬
201 2532 701 2578 licet Deum simul & hominem, anathema sit.
232 2557 985 2606 III. Si quis in uno Christo dividi substantias post unitatem, sola eor
199 2591 986 2641 connexione conjungens, eamque quae secundum carnis dignitatem fit,
207 2636 983 2676 vel etiam autoritatem & potestatem, ac non potius conventu qui per u¬
202 2661 682 2706 nitatem factus est naturalem, anathema sit.
240 2683 986 2734 IV. Si quis in personis duabus vel subsistentiis eas voces quae in A¬
212 2722 973 2765 postolicis scriptis continentur & Evangelicis, dividit, vel quae de Christ¬
210 2755 980 2798 dicntur a sanctis, vel ab ipso, aliquas quidem ex his, velut homini, qui
201 2798 976 2838 praeter Dei verbum specialiter intelligatur, aptaverit: illas autem tan¬
201 2823 929 2871 quam dignas Deo, soli Dei Patris Verbo deputaverit, anathema sit.
241 2852 988 2894 V. Si quis audeat dicere, hominem Christum θεοφόσον, id est, deife¬
213 2895 982 2929 rum, ac non potius Deum esse veraciter, dixerit, tanquam Filium pe¬
205 2927 992 2962 naturam, secundum quod Verbum caro factum est, & communicavit.
204 2956 727 3002 similiter ut nos, carni & sanguini, anathema sit.
237 2986 992 3026 VI. Si quis dicit, Deum esse vel Dominum Christi Dei Patris Ver¬
214 3019 994 3058 bum, & non magis eundem ipsum confitetur Deum simul & homi¬
213 3057 995 3105 nem, propterea quod Verbum caro factum est, secundum Scripturas, ana¬
206 3089 319 3130 thema sit.
244 3116 994 3159 VII. Si quis velut hominem, Jesum operante Deo Verbo dicit adju¬
211 3152 1001 3192 tum, & unigeniti gloriam, tanquam alteri praeter ipsum exsistenti, tri¬
220 3185 422 3234 buit, anathema sit.
1051 230 1808 277 IIX. Siquis audet dicere assumtum, hominem coadorandum Dei.
1020 269 1811 316 Verbo, & conglorificandum & connuncupandum Deum, tanquam ali¬
1033 309 1823 348 erum cum altero, (nam con syllaba super adjecta haec cogit intelligi) ac
1018 337 1813 372 non potius una supplicatione veneratur. Emmanuclem, unamque ei glo¬
1033 370 1822 411 ificationem dependit, juxta quod Verbum caro factum est, anathema.
1018 400 1065 443 sit.
1053 429 1811 474 IX. Si quis unum Dominum Jesum Christum glorificatum dicit a
1027 466 1807 506 Spiritu Sancto, tanquam qui aliena virtute per eum usus fuerit, & ab e¬
1026 500 1819 538 acceperit efficaciam contra imenundos spiritus, posse & coram hominibus.
1026 531 1823 574 divina signa perficere, ac non potius proprium fatetur ejus Spiritum per
1027 565 1482 606 quem divina signa explevit, anathema sit.
1053 596 1819 631 X. Pontificem & Apostolum confessionis nostrae factum esse Chri¬
1023 621 1823 669 stum, divina Scriptura commemorat. Obiulit enim semetipsum pro nobis.
1019 665 1807 707 in odorem suavitatis Deo & Patri. Si quis ergo Pontificem & Apostolum
1029 695 1804 733 nostrum dicit factum non ipsum Dei Verbum, quando caro factum est, &
1021 723 1808 759 hemo juxta nos homines, sed velut alterum praeter ipsum specialiter ho¬
1029 758 1819 793 minem ex muliere: aut qui dicit, quod pro se obtulisset semetipsum obla¬
1027 791 1807 835 tionem, & non potius pro nobis solis (non enim eguit oblatione, qui per
1027 822 1460 869 catum omnino nescivit) anathema sit.
1056 861 1811 903 XI. Si quis non confitetur, carnem Domini vivificatricem esse &
1032 893 1819 930 propriam ipsius Verbi Dei Patris, sed velut alterius praeter ipsum, con¬
1026 925 1820 969 iuncti eidem per dignitatem, aut quusi divinam habentis habitationem,
1030 962 1823 1000 ac non potius vivificatricem esse, quia facta est propria Verbi cuncta vi¬
1029 991 1361 1034 vificare valentis, anathema sit.
1053 1024 1805 1067 XII. Si quis non confitetur Dei Verbum passum carne, & crucifi.
1017 1060 1807 1097 xum carne, & mortem carne gustasse, factumque primogenitum ex mor¬
1017 1092 1751 1137 tuis, secundum quod vita est, & vivificator ut Deus, anathema sit
1111 1133 1745 1179 HERTEOEIXA HAPA THEEN
1290 1181 1546 1234 Raλχηδενε σνδδα σισις,
1053 1237 1811 1285 E πουδυοσ τονν τεῆς αγιεισ παάτργσιν, ἵνα κι τεν αυτὸν ὀ μόλογξμδμσον,
1023 1275 1811 1312 τον κυριον ἡμῶν Ιnσοαν Xριστον, χι συμφώνας απαιτεσ εκδιδασκουδτολdo
1039 1309 1823 1345 ον αυτὸν ἐν θεοτοτι, μι τιλειον τον ἀυτὸν ἐν αυθρωπτοτητ Θεον ἀληθεῆς, κι αυ¬
1024 1341 1817 1378 θρωπον ἀληθς τον αυτὸν εκ ψυχῆς λογικῆσ κι σαματος ομοσσιον τῳ Πα¬
1035 1375 1810 1408 rρι κι τυν θεοτηζα, κι ρμργσεον ημιν κι τυν αυθρωποτηζα και πάντα σμοιo,
1030 1403 1814 1442 ημτν, χωρις αμαρτιας, τωρο αιώναν υδυ εκ το Πατρος ηθηθεντα κγ τν θεό¬
1038 1435 1811 1475 τήτα, επ εχάτεν δε τὸ ημερν τον ἀυτὸν δι ημας κιδα τυκ ημστεραν συη,
1042 1469 1813 1504 γιαν εκ Μααίας της πορθεεκ κι θεοτόκον, κγτυθι αυθρωποτητα ενακς τοη
1041 1503 1820 1552 ευτόν Ιπσομν Xρισον, κον το Θες, Xυριον μόνογλθη, εν δυο φυσεσιν, ἀσυχχυ¬
1032 1537 1813 1570 τος, ἀποεπτος, αδεαιρετιως, αχωρσσ, γνωριζεμδμον, θδυμα της τον φυσεα,
1029 1567 1819 1599 δαορα αυηρημδηης δα τθενωσιν, σζομδαης δι μαλλον τ ἰδιοτητος
1038 1600 1819 1642 ἐἀτορασ φυσεως, χι εισ εν ωωροσυπον και μιαν θτόσασιν σωτξεχρυσης, Eχ ως
1029 1632 1813 1666 εις δυο πωροσπα μοριζιμδμον, ἡ δναιρουμδμον, αλλ τινα κι τον αυτὸν υον μόνo
1033 1665 1816 1703 γοιή, Θιον λόγον κι Rυριον Ιήστοωη Xριστον κατάπεο ανωόον oι ωροφιται ωο
1029 1696 1822 1738 ἀνθτο και ημας αυτος ο Xριστκς ἔζεποιδουσε, κα τό τν ωατιον ημιν ωαραδεδυ¬
1030 1725 1178 1772 κε συμσολον.
1123 1773 1745 1818 CONEESSIOEIDEIIN
1153 1813 1697 1864 CHALCEDONENSISYN¬
1350 1855 1478 1898 odo edita.
1068 1906 1825 1947 Sanctos itaque Patres sequentes unum & eundem confitemur Fi¬
1032 1941 1820 1980 lium, Dominum nestrum Jesum Christum, & concorditer docemus o¬
1037 1982 1819 2015 mnes: perfectum in diuvinitate, & eundem perfectum in humanitate: ve¬
1038 2007 1820 2045 rum Deum & verum hominem, eundem ex rationali anima & corpores
1038 2041 1825 2082 coessentialem Patri secundum diuvinitatem, & coessentialem nobis se¬
1041 2073 1814 2106 cundum humanitatem, per omnia nobis similem, demto peccato: ante.
1041 2105 1819 2140 secula quidem genitum ex Patre secundum diuvinitatem, postremis vero
1035 2138 1825 2171 diebus propter nos & propter nostram salutem, ex Maria virgine & dei¬
1047 2171 1816 2211 para, secundum humanitatem: unum & eundem Jesum Christum, Fi¬
1029 2206 1819 2243 lium Dei Dominum & unigenitum, in duabus naturis, incenfuse, in¬
1035 2234 1826 2266 convertibiliter, indivulse & inseparabiliter manifestatum: haud qua¬
1036 2268 1811 2308 quam differerentia naturarum propter unitate sublata, sed magis utrius
1038 2305 1813 2343 que naturae (in unam personam & unam hypostasin concurrentis) pro¬
1039 2330 1816 2368 prietate servata: non ut in duas personas bipartiatur aut dividatur, sed
1038 2368 1810 2398 ut sit unus & idem Filius unigenitus, Deus Verbum, & Dominus no¬
1039 2394 1826 2442 ster Jesus Christus: sicut de illo olim Prophetae vaticinati sunt, & ipse nos
1038 2425 1664 2466 Christus instruxit, ac Patrum symbolum nobis tradidit
1065 2469 1813 2508 Haec sunt praecipua symbola Ecclesiae quibus articuli fidei conti¬
1042 2501 1820 2546 nentur & exponuntur. Ut autem omnis ambiguitas tollatur, expli¬
1047 2539 1537 2574 candum quotupliciter articuli fidei dicantur.
1066 2564 1754 2606 ARTICULIPIDEI dicuntur dupliciter: proprie & improprie
1072 2597 1826 2640 Proprie articuli fidei dicuntur tantum dogmata Evangelii, quae
1044 2633 1828 2675 passim in Veteri & Novo Testamento credenda praescribuntur & in¬
1045 2664 1639 2706 Symbolo Apostolico summatim comprehenduntur.
1077 2686 1829 2739 Atque sic distinguuntur a praeceptis Legis divinae quibus docetur.
1040 2732 1490 2783 quae bona opera Deus a nobis requirat.
1078 2768 1819 2811 Distinguuntur etiam a principiis Theologiae & Christianae do¬
1045 2806 1831 2850 ctrinae, e quibus articuli fidei tanquam conclusiones sunt deductae:
1054 2840 1825 2874 tujusmodi principia fidei sunt, Biblia sancta esse Scripturam vere di¬
1054 2870 1835 2909 vinam; continere doctrinam coelestem & immutabiliter veram de
1047 2903 1838 2943 Deo, ejus voluntate & operibus: esse a Deo sanctis Prophetis Apo¬
1053 2941 1826 2980 stolis & Evangelistis inspirata: esse canonica & firmiter credenda at¬
1065 2974 1831 3011 ne tenenda tanquam unicam regulam doctrinae fidei & bonorum.
1056 3003 1834 3047 operum, propter gloriam Dei & propter nostram salutem: esse in se
1053 3033 1840 3082 & per se clara ac perspicua: seipsa interpretari; continere perfecte o¬
1057 3068 1847 3115 mnia dogmata ad salutem aeternam nobis necessaria: de quibus
1053 3101 1457 3152 principiis superiore libro actum est,
1077 3140 1846 3180 Improprie articuli fidei dicuntur lata & generali acceptione omnia
1059 3173 1847 3225 dogmata non solum Evangelii, sed etiam Legis seu praecepta Deca¬
