2063 3344
201 165 1013 216 logi & omnes conciones ac promissiones legales, omnes item histo¬
211 208 911 254 riae sac, ae denique quicquid in Sacris literis scriptum continetur?
254 238 989 281 Hoc sensu etiam principia Theologiae & Christianae doctrinae so¬
219 269 995 317 lent a nonnullis & possunt articuli fidei nuncupari: eo quod partim in
228 309 988 345 Scripturis Sacris diserte continentur, partim evidenter inde deducun¬
220 340 998 379 tur. Quicquid enim partim Scripturis Sacris expresse traditur, partim
229 368 991 412 bona consequentia inde exstruitur: id fide Theologica credendum
228 400 984 443 est & proinde fidei articulus generaliter dici potest: quippe fides in ge¬
218 444 751 475 nere est assentiri omni verbo Dei nobis tradito
265 464 997 506 Etsi autem principia fidei improprie articuli fidei dicantur: tamen
232 499 997 539 reduci possunt ad articulos fidei. Nam si credendum est in Deum,
222 532 997 574 tum credendum etiam est, quod is se patefecerit operibus & verbo
228 560 1000 606 suo, quod deinde per Prophetas & Apostolos suos scriptum tradi Ec¬
225 602 856 640 clesiae voluerit, ut esset norma fidei & bonorum operum.
262 621 986 663 Hinc intelligitur, quae sint proprio & univoce de fide, quae non. Pro
236 653 994 695 prie & univoce de fide sunt ea, quae ad rationem & essentiam fidei per¬
226 694 995 733 tinent primo & per se. Improprie & aequivoce de fide sunt ea, quae ad ra¬
232 720 1000 765 tionem illam perpetuam essentiamque fidei accedunt, sive ut adiuncta
229 760 1004 800 necessaria, sive ut contingentia quocunque modo, propter aliud ad fi¬
238 786 991 828 dem aut instrumenta Fidei pertinent etiam materialiter. Sive(ut ali
243 822 1007 862 modo eadem res exprimatur) fides aut primam veritatem respicit, aut
237 856 991 896 res ad primam veritatem ordinatas. Quae autem res ad primam vers
240 885 998 927 tatem ordinatae sunt, aut per se ordinatae sunt, aut propter aliud. Qua
240 923 1004 964 per se ad primam veritate ordinatae sunt, eae de fide sunt: quae propter
250 952 1003 992 aliud, non sunt de fide, sed dicuntur esse ααταχρήστιϰώς. Cur aute? quia
241 982 1009 1021 fides, ut intelligentia, scientia, non est singularium; sed ratione conmunt
247 1013 1016 1052 Deum & res divinas contemplatur ac percipit. Ergo Paulum Aposto¬
247 1045 869 1089 lum habuisse penulam, non est proprie & univoce de fide:
294 1082 965 1122 QUAERITUR: An omnia quae sunt de jure diuvino, sint de fide
280 1110 1015 1148 RESP. Esse de jure divino & esse de fide differunt, ut totum & pars:
252 1144 1010 1187 quum de jure divino sint Lex & Evangelium, resipiscentia & fides. Ex¬
244 1177 1004 1212 eo conficitur necessario, quicquid de fide est, id de jure divino esse: A¬
243 1212 1016 1246 non ex contrario, quicquid de jure divino est, idem esse de fide. Cum
259 1241 1009 1278 taque perfecta ratio fidei sit Scripturis Sacris comprehensa, non est de
252 1273 1017 1311 fide quicquid Scripturis non comprehenditur; nec de jure divino est,
247 1305 1009 1342 quia jus divinum habetur in Scripturis: Exempli causa, Papani affir¬
253 1345 1016 1380 mant, Pontificem Romanum jute divino succedere Petro in prefectu¬
246 1370 1010 1411 tam totius Ecclesiae: idque esse de fide. Nos vero utrumque negamus &
258 1405 1013 1436 nostram sententiam probamus enumeratione partium essentialium.
261 1433 1014 1475 Nam cum juris divini duae sint essentiales partes, Lex & Evangelium,
250 1473 1010 1503 quarum relatio est ad resipiscentiam & fidem: Ista autem successio nec
262 1502 1016 1536 Legis instituto sit, nec Evangelii: Omnino sequitur, eam nec de jure
259 1527 1013 1563 divino esse, (quod totius rationem habet,) nec de fide, in qua saluta¬
262 1560 559 1602 tis pars versatur divini juris
279 1589 1012 1628 Ut autem in articulis fidei Christianae primum de Deo professio in
258 1621 1021 1662 stituitur: Ita etiam nos in doctrina fidei primum de Deo, per gratiam
259 1658 745 1699 salvificam Sancti Spiritus, religiose agemus
510 1715 766 1770 CAPUT III
337 1764 944 1816 In quo descriptio Dei traditur & declavatur.
324 1818 1019 1861 EUS, est Spiritus increatus, exsistens a seipso, unus essentia, ac
255 1826 1016 1893 Dtrinus personis, PATER, FiLIUS & SPIRITUSSANCTUS. Joh.
340 1887 1013 1919 v. 24. Deus est Spiritus: & qui adorant eum, oportet ut Spiritu
256 1916 1009 1957 ac veritate adorent. Exod. 3. v. 14. Dixit itaque Iehova Mosi, Eheie, qui
265 1947 1010 1987 sum: itaque dices filiis Israelis, Eheie misit mead vos, Deuteron. 6. v. 4.
259 1983 1016 2014 Audi Israel, lehova Deus noster Iehova unus est. 1. Johan. 5. ver. 7. Tres
249 2012 1013 2049 sunt qui testificantur in coelo, Pater, Sermo, & Spiritus Sanctus: & hi
254 2047 1009 2083 tres unum sunt. Breviter: Deus, est Jehova Elohim, id est, una essentia
259 2080 1019 2123 aeterna Trium Petsonarum Exod. 3. ver. 15. & cap. 20. 5. Egosum le¬
252 2104 629 2148 hova Elohaecha, id est, Elohimtuus.
286 2138 1003 2178 Haec est duntaxat descriptio quaedam Dei, quatenus nobis est pa¬
249 2171 1010 2210 tefactus: nam Deus non potest definiri, & ad perfecte definiendum
250 2203 1004 2244 Deum, Dei ipsius Logica opus fuerit. Nunc singulas particulas de
259 2235 1006 2281 Chptionis videamus. Primo, videbimus originem nominis Dei: dein¬
249 2268 776 2310 de a, ceptionem: tertio ipsam Dei descriptionem
276 2301 1001 2336 Nomen Dei habet originem ex Gaeco θεος, cujus quintuplicem
260 2330 1017 2379 idducunt etymolosiam. Alii enim deducunt δο φ θεοον, a currendo:
268 2365 1007 2400 uod per omnia currat, quod omnia permeet, omnia ambiat, omni¬
249 2395 1003 2434 bus accurrat. Auit deducunt δτό το θεαας τα παντα, quod omnia intuea
255 2434 1004 2467 tur & cernat; sicut dicitur 2. Chronic.16. 9. Iehovae oculi discurrunt pe¬
243 2465 1005 2507 totam terrani, ut firmum se exhibeat erga eos, quorum animus intege¬
252 2497 1008 2536 est erga ipsum, Alii ὑτι το αιρειν, δ ἐσί καιειν, hoc est, ardere, adurere, ac¬
248 2528 1007 2564 cendere: quod Deus sit lux, & quicquid est in rebus lucis, caloris & vi¬
248 2556 1011 2597 taes Deus hoc aut immediate, aut mediate per causas secundas accen¬
252 2586 1014 2634 dat. Aut deducunt a nomine δνος, quod significat timorem: propri¬
259 2620 1006 2662 um enim Dei est, ut ab omnibus timeatur, non tam servili timore
249 2654 1014 2696 propter ejus potentiam, quam filiali, propter paternam benevolen¬
253 2689 1018 2729 tiam & bonitatem. Ex aliorum sententia Deus dicitur ab AEolico
262 2714 1027 2762 iu: hoc autem ab Hebraeo nomine VI, Dai quod est sufficiens;
265 2755 798 2787 quae postiema Etymologia videtur nimis coacta¬
279 2787 1016 2827 Porro ut jam de acceptione nominis hujus agamus, non est dicen¬
261 2805 1012 2853 dum Dei nomen, alias generaliter, alias specialiter ulurpari: quia Deus
265 2845 1021 2883 nec genus est nec species, sed individuum tantum, seu numero unus;
267 2873 1013 2925 sed potius dicendum nomen hoc ἐμαγυμως usurpari: nempe, vel pro¬
255 2908 1012 2953 prae, quum de vero Deo sermo est: vel improprie seu per tropum ali¬
262 2940 643 2982 gem quum de creaturis usurpatur
287 2972 1014 3026 Ac rursus cum de vero Deo disseritur, usurpatur nomen Dei ve¬
261 2996 514 3039 ζσεωοεῖς, vel θτοςατικdε
300 3032 1035 3082 εσιοδός enim usurpatur quum de essentia divina intelligitur, ac
262 3061 1013 3122 proinde ere personas conjunctini fignifigat, Patrem, Filium & Spi¬
260 3092 439 3137 citum Sanctum
1081 157 1838 210 ὑσοσατικώς vero usurpatur, quum de una Deitatis persona per
1051 202 1840 245 synecdochen intelligitur: ac tum plerunque adhibetur aliqua deter¬
1053 241 1672 276 minatio ad personarum relationem inter se pertinens.
1076 257 1841 306 Tτοσατικώς autem usurpatur non sotum de Deo Patre sed etiam
1060 299 1340 343 le Filio & Spiritu Sancto
1090 332 1837 371 De Patre nullum prorsus est dubium: veluti Joh. 3. v. 16. Sic Deus
1050 360 1840 396 dilexit mundum, ut Filium suum unigenitum dederit. 1. Joh. 4. 9, 10.
1062 397 1831 434 per hoc patefacta est charitas Dei in nos, quod Filium illum suum uni¬
1057 428 1831 468 genitum misit Deus in mundum, ut vivamus per eum. In hoc est chari¬
1059 460 1834 506 las, non quod nos dilexerimus Deum, sed quod ipse dilexerit nos, & mi¬
1046 492 1666 538 serit Filium suum, ut esset propitiatio pro peccatis nostris
1081 518 1843 562 De Filio intelligitur in his testimoniis. Ps. 82. v. 1. Deus astat in coe¬
1056 558 1837 594 tu Dei fortis, inter magistratus iudicat. Act 20. 28. Deus suo sanguine
1056 589 1835 627 Ecclesiam sibi acquisivit. 1. Tim. 3. ver.16. Deus conspicuus factus est in
1059 629 1129 664 carne
1086 654 1838 697 De Spiritu Sancto intelligitur in his locis. Act. 5. 4. Non es menti¬
1047 686 1787 730 tus hominibus sed Deo. 2. Cor. 6. 16. Vos templum estis Dei viventia
1089 718 1846 754 Improprie vero seu per tropum usurpatur vox Dei itidem dupliciter:
1063 758 1843 799 vel per concessionem & μιμήσιν, cum Scriptura loquitur de falsis & fi¬
1068 785 1840 823 ctitiis diis: vel per analogiam, cum agitur de iis, qui non natura, sed
1053 819 1850 858 donorum divinorum & officii ratione dii nuncupantur: ut Psalm 82.
1059 850 1838 904 vers. 1. & 6. magistratus vocantur dit, quia sunt vicarii Dei in admini¬
1057 883 1208 927 strando jure.
1107 917 1854 956 Caeterum, quum Deus dicitur Spiritus, tum nomen Spiritus non
1068 948 1854 985 obtinet locum generis praedicabilis, quod commune sit Deo cum
1059 985 1840 1026 Angelis & animabus hominum. Proprie enim Dei nullum genus
1058 1016 1178 1059 dari potest.
1090 1037 1835 1084 I. Quia Deo nihil est superius, ne cogitatione quidem, cui subiis
1068 1076 1841 1113 ciatur ut pars, quum Deus nullius essentiam participet: Species autem
1075 1110 1408 1157 participat essentiam sui generis
1092 1133 1856 1176 II. Quia Deus non est genere, nec specie, Philosophica acceptio¬
1062 1175 1856 1210 ne, sed numero seu individuo unus. Alioquin Deitatis in tribus per¬
1075 1208 1844 1243 onis unum esse ειδος, id est, speciem seu formam dixit Athanasius
1068 1240 1840 1278 primo tomo, oratione quarta contra Arianos, pagina ducentesima
1074 1271 1844 1308 sexagesimasecunda, editionis Commelinianae. Et Tertullianus libro
1073 1306 1831 1345 de Trinitate adversus Praxean, capite secundo ait, tres esse personas spe¬
1071 1343 1837 1377 cie. Item. Unum esse Deum, ex quo tres formae & speciet in nomine Pa¬
1065 1369 1847 1403 tris, Filii & Spiritus Sancti deputantur. Dura & impropria loquutio:
1072 1403 1850 1443 speciem enim pro singulari & individua ratione, ac proinde pro indi¬
1074 1435 1465 1473 viduo seu persona Tertullianus dixit.
1093 1466 1847 1511 III. Quia Dei nulla potest dari causa quam genus denotat,
1078 1500 1841 1544 quemadmodum Aristoteles dicit, τὸο κο θελς esse praestabile, quia cau¬
1068 1530 1204 1572 sam declara¬
1104 1555 1843 1598 IV. Quia Deus non est compositus: Nam quaecunque habent
1074 1596 1838 1639 genus, sunt composita ex genere & differentia specifica. Ergo Spiri¬
1065 1634 1841 1673 tus non dicitur de Deo, & Angelis ac animis hominum συυωνυμως,
1077 1658 1427 1707 univoce; sed αμαγυμως, aequivoce
1104 1708 1835 1748 Cuius igitur argumenti notione Deus dicitur Spiritus? Respondeo
1074 1737 1840 1773 Formae notione. Deus enim proprie loquendo formam & quidem
1078 1774 1837 1806 essentialem seu substantialem formam, hoc est, essentiam divinam
1065 1800 1835 1837 notat, non officium, non finem, non adjunctum. Est Deus forma
1063 1831 1835 1875 sed non in materia: verum simplicissima ac purissima forma, ab omr¬
1070 1873 1850 1915 materia segregata. Hinc dicitur Filius Dei esse eν μogφi θεό, in formae
1075 1895 1277 1947 Dei. Philipp. 2. v. 6.
1369 1946 1537 1995 VSVS
1104 2009 1843 2057 Si Deus est Spiritus: nihil ergo de eo terrenum aut carnale cogi¬
1071 2047 1846 2087 tandum. Deinde ex analogia spititualium essentiarum simplicium¬
1066 2084 1842 2121 que de natura ejus judicium aliquo modo fieri potest. Deus est Spi¬
1069 2116 1838 2161 ritus: Ergo purissimus actus. Quo quid spiritualius est, eo magis acti¬
1074 2149 1731 2187 vum est. Ergo totus est actio: Ergo nulla est in ipso materia
1086 2171 1856 2211 Deinde Deum increatum dicimus; Hac appellatione (ut docet Iu¬
1060 2206 1856 2246 stinus Martyr quaest. Graec. confutatione) eum a creatura secernentes.
1069 2240 1857 2282 Et nisi creaturae essent, neque Deus ab eis increati vocabulo secerne
1068 2275 1841 2312 retur. Itaque per hanc ipsam, quae increati nomine fit, distinctionem,
1059 2313 1851 2346 ostenditur Deus esse supra corporea & incorporea. Nam si nomen
1072 2342 1841 2377 creati summatim corporea & incorporea complectitur, certum est,
1073 2380 1836 2412 qui hoc ipso increati nomine a creatis secernitur, necessario eum et¬
1072 2404 1832 2439 iam a corporeis & incorporeis secerni. Et quod aliis adest incorpo¬
1068 2439 1846 2477 reis, ut a corporeis non comprehendantur, id quoque Deo adesta
1062 2469 1837 2503 non quidem ut incorporeo, sed ut ei qui longe sit ulira incorporea
1074 2498 1843 2533 Et quia non habere opificem & dominum praestantius est, quam opi¬
1068 2533 1846 2572 ficem habere & dominum: ideo Deum vocamus increatum. Nam
1068 2565 1840 2610 quod increatum est, neque opificem habere potest, neque dominum.
1099 2597 1838 2638 Tertio dicitur de Deo, quod a seipso exsistat, id est, quod habea
1069 2629 1849 2672 essentiam a seipsa exsistentem. Nam αυτυσια, id est, essentia a seipsa
1065 2663 1849 2697 exsistens est propria Dei Ut Deus sit, id Deo ex sese insitum est. Deus
1072 2694 1834 2729 esse non potest, cujus Sσια non sit a seipsa. Deus exsistit per essentiam
1087 2727 1844 2773 uae est a seipsa & non ab alia essentia. Unde verus Deus est ἀυτοών,
1066 2759 1793 2795 ἄθτθθεος, hoc est, habens essentiam divinam a seipsa exsistentem:
1101 2787 1846 2826 Differunt, habere essentiam divinam a seipso; & habere essentiam
1071 2814 1846 2852 divinam a seipsa exsistentem: quia potest persona aliqua habere essen¬
1077 2849 1834 2889 tiam divinam ab alio, ut Filius a Patre, Spiritus Sanctus a Patre & Fi¬
1074 2883 1844 2930 lio, sic tamen ut habeat essentiam divinam a seipsa exsistentem, hoc est,
1078 2917 1778 2952 ut sit Deus illa essentia, quae est a seipsa, non autem ab alia essentia
1101 2948 1841 2984 Hoc itidem Deus disceinitur a creaturis. Res conditae enim ha¬
1074 2972 1847 3034 bent principium suae essentiae: Deus autem principium essentiae nul¬
1075 3016 1426 3050 lo modo habet aut habere potes.
1096 3038 1837 3081 Denique additur, quod Deus sit trinus personis, Pater, &c. Essen¬
1072 3074 1834 3114 tia enim divina non est sine suis relationibus, quibus distinctae consti¬
1073 3112 1841 3162 tuuntur personae, eoque nes Deus est ullus extra personas divinas;
