2063 3406
166 230 985 287 Essentia namque d. vina non subsistit nisi in individuis seu personis
177 276 964 313 divinis. Haec pars: sescriptionis Dei est proprie soli Ecclesiae Dei co¬
181 310 965 354 gnita, in qua se Deus gratiose sic patefecit, quod sit Pater, Filius &
178 341 398 385 Spiritus Sanctus.
441 411 733 466 CAPUT IV.
423 476 731 533 In quo demonstratur,
480 533 706 587 DEUM ESSE.
261 586 966 642 UONIAM fuerunt olim & sunt hodie ἀθεον, qui negant
195 598 972 674 TPDeum; ideo paucis docebimus Deum esse: licet hoc sit princi¬
243 662 970 705 mpium, hoc est, axioma αυτυπισον & αυαποδεικοον, ac proinde
189 684 947 737 simpliciter & absque demonstratione ab omnibus credendum erat
222 728 971 761 Theodoretus Cyrenaeus ac Evemerus Tegeates Deum non esse
188 756 958 804 opinati sunt, ut testis est Plutarchus, & post eum Theodoretus C
188 792 970 825 rensis Episcopus sermone secundo de curatione Graecarum affectionum.
189 825 971 870 Quin quam multi sunt nominetenus Christiani, reipsa ἔθεον, & qui
183 857 925 891 Deum negant? Psalm. 14. Dixit stultus in corde suo, non est Deus.
226 890 970 928 Esse Deum, demonstrari potest demonstratione γοn, licet Petrus
196 917 973 957 de Alliaco in I. Rabbini Mosis Judaei deliria sequutus, id negarit. Est.
187 954 977 994 vero haec demonstratio causa notitiae Dei quam acquisitam dicimus,
186 982 643 1027 quae ab insita & ab infusa discerni debete
219 1012 971 1058 DEUM igitur esse, omnes homines etiam ignorantes Verbum
192 1050 977 1099 Dei, Natura & ratio docet sufficienter ad hoc ut sint inexcusabiles,
192 1082 788 1122 Rom. 1. 19, 20. ut sequentia documenta monstrant:
226 1115 968 1150 I. Consideratio mundi; cujus moles, fabrica, forma, continua sus
189 1149 983 1188 tentatio, tam sapiens gubernatio, innumera varietas, ordo corporum,
183 1183 961 1221 diversus motus, vires admirandae docent esse naturam aliquam in
192 1213 964 1250 telligentem, a qua sint haec omnia. Psalm. 8. & 19. Roman. 1. v. 19, 26.
190 1248 974 1287 Quoniam τὸ γνωσὸν γ θεκ, quod de Deo cognosci potest, manifestum est
189 1276 970 1316 in ipsis: Deus enim eis manifestum fecit. Ipsius enim invisibilia, iam in¬
186 1311 973 1349 de a condito mundo ex iis quae fecit mente perpensa pervidentur, aterne
195 1343 976 1378 videlicet eius tum potentia tum diuvinitas: ad hoc ut sint inexcusabiles.
183 1376 971 1410 Actor. 14. v. 17. Quamquam non passus est se esse expertem testimoniis,
186 1408 967 1442 bona tribuendo, dans nobi, coelitus pluvias ac praestituta tempora fructi¬
183 1438 976 1477 bus perferendis, implens cibo & delectatione corda nostra. Unde axiome
196 1473 967 1512 illud Gentilibus Philosophis decantatum: Nihil est suiipsius causos
187 1508 985 1546 nisi idem seipso prius & posterius; Idem secundum idem esse simul
183 1539 986 1577 potestate & actu, non minus stulte quam falso quis affirmaverit.
196 1568 973 1611 Causa utique opus fuit, quae mundum & omnes ejus partes produce¬
185 1604 985 1643 ret. Diagoras palam & diserte Deum esse negavit: & Herculis statuam
192 1644 980 1680 ne ligna rapis coquedis deessent, dissecavit, ut refert Athenagoras in Le¬
199 1676 974 1711 gatione pro Christianis. Ibidem commemorat, quod trium flagitiorum
201 1701 985 1740 infamis rumor de Christianis sparsus fuerit, impietas quae Deos tollat,
190 1741 981 1772 epulae Thyystea, concubitus incesti. Sed haec flagitia Christianis per calu¬
190 1765 980 1804 mniam imningi probat Athenagoras. Christianos vocatos fuisse atheos:
189 1805 980 1842 testis est Justinus Martyr, apologia IIad Antoninum Pium Imperato.
190 1833 986 1870 rem. At nequaquam Christiani negant esse Deum, Ethnicorum id deli¬
199 1864 989 1898 rium est, ideo probandum suscepimus argumentis naturabibus esse Deum.
195 1896 985 1937 Hermes Trismegistus in Poemandro dixit, Deum humanam ratione
198 1932 865 1973 penetrari quidem non posse attamen manibus contrectari
231 1957 971 1996 II. Principia nobis innata, quae sunt doctrinarum exordia, qui
196 1992 983 2035 necesse est a natura intelligente mentibus hominum impressa esse.
196 2028 320 2073 Rom. 1. 19.
234 2045 923 2103 III. Specialis notitia naturaliter nobis insita quod sit Deus.
231 2092 971 2126 IV. Proprium nostrae conscientiae testimonium, ad tonitrua &
198 2117 977 2160 alias insolitas tempestates, terraemotus, expavescentis & ob commiss¬
189 2158 973 2197 scelera Deum judicem metuentis, imo cum trepidatione quadam ex
197 2191 979 2228 horrescentis: ut videre est in C. Caligula, teste Suetonio in Caligula c. 51.
237 2220 989 2259 V. Poenae scelerum, etiam in hac vita improbis inflictae, de quibus
208 2252 986 2290 Thucydides ait: μεγα λον αδικηματαν μεγαλαι τιμωριασ εισί πααα Θεκ.
241 2284 781 2321 VI. Ordinis politici constitutio & conservatio¬
241 2319 983 2359 VII. Virtutes & motus singulares in animis heroicis. Hinc he¬
201 2351 587 2389 roes vocantur ab Homero αυτθεον.
237 2381 989 2422 IIX. Significationes futurorum. Cic. de divinatione: Si est divi¬
199 2416 368 2459 natio, sunt dii.
236 2443 985 2488 IX. Finis rerum omnium naturalium. Nam cum in omnibus
201 2479 1010 2522 sit certissimus, paucissimae vero eum, ad quem constanter vergunt per¬
202 2511 989 2562 guntque, prospiciant aut percipiant; omnino oportet mentem esse.
210 2552 994 2596 quandam, omnia intelligentem, singula gubernantem & ad fines.
201 2581 389 2626 suos dirigentem.
242 2612 997 2651 X. Series causarum non progrediens in infinitum, quasi manu¬
211 2641 1000 2687 ducens ad primum aliquem motorem, a quo motus, actionesque &
207 2678 493 2723 effecta omnia pendeant.
250 2701 991 2754 XI. Cultus ipse sive religiosus, sive superstitiosus timore Numi¬
210 2743 397 2786 nis introductus.
249 2765 1002 2819 XII. Communis omnium gentium etiam efferatissimarum.
208 2805 995 2850 confessio & consensus. Nulla enim est gens tam barbara, quae non fatea¬
206 2841 998 2876 tur: sse aliquem Deum: adeo quidem ut homines falsum Deum habere
211 2871 988 2916 malint, quam nullum omnino: Tam alte nimirum sensus diuvinitatis in
222 2908 1007 2954 sedit in cordibus nostris. Cic. 1. Tusc. Sen 21. ep. 118. Divinus ille Iam¬
219 2941 511 2985 blichus de mysteriis cap. 1.
246 2963 1000 3013 XIII. Sensus bonitatis Dei, id est, immensorum beneficiorum Dei
231 3002 1012 3045 biritualium & corporalium. Nam quod vivimus, quod movemur, quod
226 3034 1010 3076 sumus, ejus beneficium est. Act 14. 15. & tanta ejus beneficia nos circu¬
214 3073 988 3114 stant, ut a nobis pene palpetur, Act. 17. v. 27. Seneca 4. de benefic. 4.
259 3105 1000 3141 XIV. Mentis nostrae praestantia. Nam quod ratiocinamur, men
228 3135 1027 3173 te disputamus, varias artes excogitamus & exercemus, Dei beneficio
220 3167 1015 3211 sit. Anima per se immobilis est, & interim omnibus motibus corpo¬
214 3199 1018 3246 tis nutu imperat, effectibus admirandis se prodit, nec tamen oculis
1024 245 1807 284 cernitur, nec mentis acie comprehendi potest. Hoc nos fateri cogit
1033 286 1808 323 esse Mentem aliquam quae haec omnia agat, moveat, ducat: esse Spiri¬
1033 313 1813 353 um in quo vivimus, movemur, sumus. Homo vel in seipso videt &
1026 347 1726 388 palpat esse Deum, sive corpus spectet, sive animam consideret.
1055 381 1808 416 XV. Animae nostrae immortalitas. Nam ad Deum anima pro¬
1020 401 1808 451 ficiscitur, ubi ex isto corpore excesserit, & velut e carcere evolaverit,
1024 446 1796 484 & animam nostram divinae particulam autae esse Gentiles dixerunt .
1063 478 1818 519 XVI. Admirabiles & insignes insperatique eventus, qui non ni¬
1030 502 1816 550 si a potentissima natura fieri possunt, quibus plenum est vitae huma¬
1021 536 1195 586 nae Theatrum
1065 575 1805 612 Ex his tam multis argumentis cuivis etiam Scripturarum Sacra¬
1023 606 1814 649 rum ignaro liquere potest, Deum esse. Imo Deum esse ex ractu divi¬
1017 644 1819 678 nitatis, ante omnem rationis usum, omnes omnino homines sciunt.
1033 674 1812 728 Itaque, Deum esse per se notum, frustra negant Thomas Aquinas &
1018 704 1190 743 alii Scholastici.
1051 731 1825 781 Scriptura vero Sacra & Fides Christiana Deum esse & quicquid
1025 764 1827 818 de eo tenendum est, docet sufficienter ad salutem, quemadmodum
1024 802 1217 846 deinceps patebit.
1289 862 1553 913 CAPUT V.
1065 916 1771 968 In quo docetur quid sit essentia Dei, quodque uni¬
1191 963 1642 1026 ca, & quot modis consideretur.
1044 1013 1828 1067 TIDEI de Deo duae sunt partes: prima de essentia Dei, secunda de
1072 1057 1828 1100 operibus ipsius. Psalmo 136 in quo hortatur Psaltes fideles o
1077 1089 1828 1137 mnes ad praedicandas Dei laudes propter naturam ejus bonam?
1025 1115 1127 1160 & opera.
1063 1148 1828 1190 ESSENTIA DEI, est ipsa Deitas, quam Deus a se & per se ab¬
1024 1181 1828 1220 solute est & exsistit. Gal. 4. 8. Imo tur, quidem ignorantes Deum, ser¬
1029 1218 1828 1254 viebatis iis, qui natura non sunt dii. Coloss. 2. 9. In eo (Christo) inha¬
1029 1247 1817 1286 bitat omnis plenitudo Deitatis corporaliter. Psaimo 90. 2. Quum non¬
1042 1278 1815 1323 lum montes editi essent, aut formasses terram orbemque habit abilem; de¬
1026 1314 1814 1348 nique inde a seculo & usque in saculum tu Deus fortis es. Apoc. 1. 8. Ego sum
1039 1346 1810 1388 A & ζ, id est, principium & finis, dicit Dominus, id est. Qui est, & Qui
1038 1381 1820 1423 erat, & Qui venturus est, ille, inquam, omnipotens. Exod 3. 14. Dixit
1035 1408 1811 1458 itaque Iehova Moschi, Eheie, qui sum, dixitque, ita dices filiis Israelis, E¬
1042 1440 1258 1482 heie misit me ad vos.
1072 1474 1823 1510 Nomen hoc Hebraice in Scriptura PPUyIp dicitur: & exstat Jes¬
1035 1511 1823 1551 28. v. 28. Etiam hoc a lehova exercituum prode, qui mirifitus est consi¬
1045 1540 1813 1577 sio, magnificus essentia. Nam quum in re qualibet modus eperationum
1038 1571 1825 1609 sequatur modum τοῦ ειναν sive essendi illius, quis neget hunc Iesaiae locum
1042 1604 1814 1642 si bene attenderit, ad essentiam Dei pertinere? THIT derivatur a ra¬
1029 1644 1811 1674 dice PH? fuit, pro quo etiam usurpatur anomalum Nν. A Graecis Pa¬
1038 1671 1820 1705 tribus appellatur ἐσια id est, essentia, & quidem propriissime; quia Deus
1045 1700 1814 1733 solus propriissime est. Una & sola Dei natura vere est. Id enim quod sub¬
1038 1735 1823 1772 sistit, non habet aliunde, sed suum est. Caetera quae creata sunt, etiamsi vi¬
1035 1772 1826 1809 dentur esse, non sunt, quia aliquando non fuerunt: & potest rursum non
1036 1799 1818 1845 esse, quod non fuit. Deus solus qui aeternus est, hoc est, qui exordium non
1036 1833 1826 1869 habet, essentiae nomen vere tenet, ait Hieronymus secundo tomo epi¬
1038 1862 1822 1901 stota ad Damasum Dicitur etiam φυσις, natura, Gal. 4. v. 8. Imo tum
1036 1899 1819 1938 quidem ignorantes Deum serviebatis iis, qui τῆ φυσnid est, natura non
1039 1936 1822 1973 munt dii. Quanquam per naturam divinam intelliguntur quandoque dona
1038 1961 1811 2001 & effecta Dei in nobis, ut 2. Pet. 1. v. 4. dicuntur fideles consortes effiei di¬
1032 1995 1808 2027 vinae naturae, hoc est, donorum Dei quibus similes fimus Deo; ut est regent
1038 2024 1823 2062 ratio & naturae nostrae renovatio per Spiritum Sanctum. Vocatur etiam μocon
1039 2053 1819 2092 Ses, forma Dei. Philip. 2. v. 6. Quanquam autem ἔσια, φυσις & μοζφη de¬
1032 2092 1825 2124 Philosophorum sententia differunt: ἀσια enim proprie significat nuda essen¬
1029 2127 1817 2166 tiam, quae, cum de rebus creatis sermo est exprimi solet per definitionem ex
1041 2155 1825 2198 genere & differentia conflata, verbi gratia, ὕσια hominis est, esse animal
1044 2193 1816 2229 ratione praeditum: φυσιsς vero seu natura ipsi essentiae addit proprietate.
1044 2225 1822 2262 essentiales & naturales; uti sunt in homine, esse capace disciplinae & sci¬
1045 2253 1820 2291 entiarum, esse aptum ad ridendum, ad loquendum, esse immortalem anima:
1042 2283 1817 2317 μocoi, id est, forma: denique addit essentiae & proprietatibus essentialibus
1044 2315 1825 2357 & naturalibus alia etiam accidentia quae naturam sequuntur, & quibs
1044 2349 1820 2388 quasi lineamentis & coloribus ἔτια & φυσις conformatur atque depingun¬
1041 2380 1820 2421 tur, uti in homine est, esse facie ad coelumerecta, esse tali forma corporis &
1041 2411 1825 2451 figura membrorum praeditum: ac proinde φυσis complectitur etiam ἔσιαν,
1050 2447 1826 2482 vocon vero complectitur in se & ἀσιαν & φυσν: tamen secundum sanctos
1041 2479 1819 2522 Patres in doctrina de Deo, haec tria idem sunt, ut docet Damascenus in
1074 2510 1756 2555 χgoge c. 1. ὑσία και φυσις κι μοξφη κος τος αγιας πατερασεταυτὸν ἔσι
1078 2542 1827 2586 Essentia & δῶν, qui est, in creaturis differunt: at Deus est id solus
1052 2577 1558 2619 quod est & qui est, id est, Scia alteri non innitens
1077 2599 1838 2643 Essentia item & exsistentia, quamvis in creaturis differant, tamen
1054 2640 1160 2675 non in Dei,
1090 2667 1829 2713 Essentia & substantia similiter differunt in creaturis, quia in sub¬
1059 2700 1828 2744 tantia essentia continetur & praeter essentiam ipsam quaecunque natura¬
1048 2741 1669 2778 liter inhaerent essentiae: at in diuvinis pro eodem usurpantur
1076 2766 1837 2818 Θεδτης verο κιΘειιτης, hoc est, Deitas, & divinitas differunt ut causa
1083 2801 1751 2842 effectum, Θειοτης enim est ffectum, donum & gratia Θεοτητυς
1083 2834 1835 2873 Eadem essentia Dei a Tertulliano, libro adversus Praxean c. 2. vo.
1066 2865 1844 2907 atur status, cum mait, tres sunt, non statu sed gradu; non substantia sed
1053 3128 1234 3175 dis consideretur.
1060 2900 1840 2935 forma, &c. Ab eodem & aliis Latinis Patribus substantia: a Graeci¬t
1053 2932 1838 2970 Patribus, ut paulo ante dictum est, Eσia appellatur, velut a Justino Man
1069 2965 1850 3009 yre Respons. 239. ad Orthodoxeos, item in expositione fidet: ab Athena¬
1074 2999 1843 3043 tora de resurrectione mortuorum pagina prima, ab Athanasio fre¬
1068 3038 1852 3075 quentissime. Licet Ionatius epistolam ad Magnesianos Scias nomen pro¬
1069 3069 1850 3107 ὑτοσάσει, sicut & Hilarius, substantia pro persona dicat, sed improprie
1101 3099 1850 3138 Deinceps de essentia Dei quaeritur, unane sit an plures? & quot me
1098 3162 1852 3203 Quum quaetitur, unane sit essentia Dei, an plures? respondemus
1074 3198 1870 3249 quod tantummodo una aut potius unica & singularis sit, ag proinde
