2063 3367
195 156 932 208 19. Etiam rebelles habitando captivos facis, Iah Deus
232 187 971 236 TERTIUM nomen essentiam Dei designans est Eheje, PTPIN
198 231 971 269 quod exstat Exod. 3. 13, 14. Dixit Moses Deo, ecce, me veniente ad filios
201 258 973 305 Israelis; quum dixero eis, Deus patrum vestrorum misit me ad vos: si di¬
196 298 986 337 cerent mihi, quod est nomen ejus? quid dicerem illis? Dixit itaque Iehova
213 331 986 364 Moschi, Cheie, qui sum: dixitque ita dices filiis Israelis, Eheie misit me advos:
237 363 973 398 Hoc etiam nomen a radice P PTI quae significat fuit, est dedus
204 389 980 430 ctum: & denotat Dei essentiam ac simul essentiae propria, nimirum
204 424 978 465 aeternitatem & immutabilitatem, hoc est, indicat Deum qui ab aeter¬
213 454 980 495 no in aeternum, & immutabilem tum in essentia tum in promissis. Er¬
210 493 992 538 go hoc nomen idem significat cum superioribus duobus. Ad hoc
214 527 986 563 nomen allusit Christus Joh 8. v. 58. Prius quam Abrahamus exsiste¬
210 554 993 593 ret, ego sum. Hoc testimonium ergo est Deitatis aeternae Christi: quia
228 589 985 636 qui Abrahamo apparuit & loquutus est; Angelus Jehovae seu aeter¬
220 620 422 662 nus Dei Filius fut
253 652 980 704 Omnis creatura & temporaria est & mutabilis: nulli igitur crea¬
220 687 530 730 turae hoc nomen competit.
255 711 1001 762 Nomina divina in Veteri Testamento occurrentia, quae designant
225 749 998 804 propria Dei essentiae, sunt; El, Elohim, Schaddai, Adonai, Helion, &c.
260 781 997 821 QUA RTUM igitur nomen estE2, yN quod significat, δυνάτον, i¬
219 819 1001 865 χυχον, potentem, fortem, cujus se potentia tam longe exserit, ut di o¬
231 848 994 893 mnia suam quamcunque. habent virtutem & potentiam acceptam ferre
231 886 1007 924 debeant. Proinde Deus PN a fortitudine appellatur: tum quod ipse
237 916 1003 958 essentia sua sit fortissimus, atq; adeo ipsa fortitudo: tum quod forti¬
225 951 1004 985 tudinem aliis tribuat: Unde ab Immanuele Tremellio & Francisco Iu¬
226 981 1003 1021 nio reddi solet, Deus fortis: quemadmodum etiam verti debet Jes. 9. v.
240 1013 1000 1052 6. Quoniam puer natus est nobis: filius datus est nobis: & est principatus
240 1044 994 1092 ipse super humerum eius: & vocabit, Inimuum Iehova) nomen eius ad
235 1081 997 1117 mirabilem, consiliarium, Da PyN Deum forte, robustissimum, pa¬
232 1117 1010 1155 trem aeternitatis, principe pacis. Verba illa TOPyNLutherus vertit,
241 1146 1007 1185 trasstipelo) & contendit ita esse vertendum. ac manifeste rejicit altera
234 1173 1004 1221 interpretationem, veriore. Sed versioni Lutheri repugnat primo si¬
238 1212 1001 1254 gnificatio nominis 7N, quod absolute potentem significat, & adje¬
246 1243 1009 1279 ctivuum est: non ergo est substantivum trasst. Deinde Lutherus, con¬
246 1277 986 1314 mate distinguit trasst a sequenti heso) at in textu Hebraeo nome,
249 1309 1013 1349 nullum habet accentum e Syntacticis, qui soli orationem distinguunt:
236 1338 1018 1378 sed habet duntaxat Etymologicum accentum Munach, qui vocem
249 1373 305 1410 acuit.
270 1380 1010 1441 QUiNTUM nomen est ELOHIM CPPPyN a singulari PHyN
246 1438 1010 1481 quod nomen est potentiae & fortitudinis magnarumque virium, sicut yN
243 1475 1012 1512 Mercerus tamen & Cevallerius docent, hoc nomen proprie judicem
256 1500 1015 1539 sonare. Tribuiturque proprie vero Deo: Angelisvero & hominibus.
243 1533 1018 1572 admitatione dignis, praesertim qui aliis praesunt, tribuitur per Me¬
252 1573 1009 1607 taphoram propter communicatam a Deo potentiam atque officium
246 1600 1000 1640 aliis opem ferendi, eosque defendendi, sustentandi, fovendi, mundum
253 1634 1022 1671 regna, urbesque regendi, diis denique fictis, per κατριχρισιν, quod illis sui
258 1665 1012 1700 cultoresvim divinam tribuant. Singulare autem hoc. nomen raro u¬
261 1694 1013 1731 surpatur, & de vero Deo dicitur Chabal. 3. v. 3. PPyN Deus ab Au¬
262 1725 1016 1760 stro veniet. & Job. 12. v. 4. Clamans ad Deum. Et huic singulari etiam
256 1759 1016 1801 plurale nomen jungitur, ut Job. 35. v. 10. UOUPPyN TPN, ubi est
256 1797 1026 1832 Deus factores met? hoc pertinet ad denotandum mysterium Sancte
256 1823 1022 1858 Triados. Frequentius autem in plurali numero reperitur, idque ad de¬
252 1857 1022 1892 monstrandam pluralitatem personarum in essentia Dei: Nam de¬
252 1887 1009 1925 quo nomen plucale Elohim proprie ac non per tropum aliquem set
246 1926 1016 1958 figurate dicitur, in eo plures sint personae, quam una, necesse est. Inter
245 1954 1012 1992 dum autem tres personas Deitatis significat, ut, Gen. 1v. 1. Deuter, 6.
255 1993 1013 2030 vers. 4. Interdum duas, ut Genes1 vers. 2. [PPPyN PHPHEtSpiritus
252 2016 1016 2058 Elohim, id est, Patris & Filii. Interdum per Synecdochen etiam u¬
252 2050 1006 2090 nam, sed quae non sit sola & ab aliis personis separata, ut Genes. 1. 1
259 2086 1012 2127 26. de Patre intelligitur. Et dixit Deus, Faciamus hominem, &c. Di¬
244 2115 1010 2148 xit Deus, nempe Pater Filio & Spiritui Sancto, tanquam autor & fon¬
246 2150 1010 2185 creationis, & omnium operum divinorum. Hosc. 12. vers. 4. dicitur
253 2183 1018 2226 quod Jacobus Patriarcha robore suo principe se gesserit DPPyN TIN
246 2219 1010 2253 cum Deo, id est, cum aeterno Dei Filio, qui mox etiam TNyOmaleaci,
249 2244 1018 2283 id est, Angelus dicitur. De Mose quidem nomen Elohim etiam plu¬
243 2279 1021 2319 raliter dicitur Exod. 4. v. 16. Tu vero sis ei (Aharoni) vice Elohim, &
255 2311 1010 2347 cap. 7. vers. 4. Dixit Iehova Mosi, vide constitui te vice Elohim Pha¬
256 2344 1009 2380 aoni. Sed improprie & tropice de Mose hoc nomen dicitur plura¬
257 2376 1013 2419 iter: & subest hic etiam mysterium Sanctae Triados, quia Moses, ut
249 2405 1041 2454 legatus personam veri Dei Trinuni apud Aharonem & Pharao¬
243 2443 1015 2480 nem gessit, exponens illis voluntatem illius Trinuni Dei. Proin¬
243 2477 1011 2522 de hoc nomen etiam verbo vel nomini plurali interdum jungitur, ut
253 2506 1017 2552 ἐμφατκωτορωε, pluralitas personarum in divinis exprimatur. Genes.
252 2541 1022 2577 20. v. 3. DPPPNPTN JXTTH errare vel vagari me fecerunt dii, id
243 2572 1019 2611 est, Deus me fecit errate, verha sunt Abrahami. Sic Genes. 35. 7.
244 2602 1016 2643 OPPPPNIHPyIa apparuerunt Dii, id est, apparuit Deus. Sic 2. Sa¬
253 2638 1022 2671 muel. 7. v. 23. [PPPyN PPyTHiverunt Di, id est, ivit Deus ad redi¬
256 2670 1007 2709 nen sum sibi Gentem in populum. Sic Josu. 24. v. 19. 3?T DUθεi
243 2692 1017 2750 DPPPyNP Quoniam di sancti ille. ser. 10 v. 10. Dupt DPrPyR
252 2738 1012 2773 NITITIUN DHPPN PTITPI Iehova vero Dii veritatis, dii vi
259 2770 1024 2805 ventes. Licet interdum etiam singularibus verbis, nominibus & pro¬
259 2807 1014 2849 hominibus jungatur, ut Genes. 1. vers. 1. Deut. 6. v. 4. Jos. 24. vers. 15.
291 2839 1018 2885 SEXTUM nomen est ScHAODAITQ, id est, omnipotens. Hoc
249 2870 1023 2916 nomine se Deus solitus est appellare, cum Patriarchas alloquebatur,
250 2909 1027 2947 ut Gen. 17. v. 1. inquit ad Abrahamum PIU γN PN, Ani El¬
259 2935 1020 2984 Schaddai. Ego sum Deus fortis omnipotens, Graecis est παυτόκργτuρ.
249 2968 1022 3014 Significat autem omnipotentiam Dei, tum ad benefaciendum, ad
256 3005 1016 3043 protegendum, ad beatos efficiendum, ad praestandum promissa; unde
256 3037 1010 3073 plene persuasus fuit Abraham, eum posse facere quod promisera
258 3070 1012 3108 tum ad puniendum, perdendum & exequendum minas. Graecis eti¬
255 3102 1021 3138 est, αυζιρκης, qui sufficit, qui sufficiens est sibi, & aliis sufficientiam tri¬
255 3127 1028 3179 buit. Ideo hoc nomen ne quidem humanae Christi naturae competit,
1035 154 1831 199 quia nec sibi ipsa sufficiens est, & omnem suam sufficientiam a divine
1045 188 1841 230 natura habet. Nomen hoc nunquam apud Hebraeos, nisi de solo
1047 221 1219 265 Deo usurpatur
1071 244 1844 295 SEPTIMUM nomen est ADONAIPIN Dominus, quod proprie
1048 285 1835 325 etiam soli Deo competit: Analogice vero creaturis. Et de vero Deo
1040 316 1841 355 dicitur etiam plurali numero, ad mysterium S. Triados denotandum,
1086 348 1850 388 Malach. 1. vers. 6. AN DPPPIN DN) & si Domini ego: ubi
1053 383 1841 431 POPIN est plurale nomen? δN vero pronomen singulare. Dani. 9.
1041 418 1835 457 17. dicitur de Christo seu Rege Messia: Fac ut luceat facies tua supe¬
1050 452 1847 493 sanctuarium tuum, quod desolatum est. PPIN PPD) propter Domi¬
1050 480 1844 520 num. Nomen hoc? PIN quoties de Deo usurpatur, habet semper
1040 513 1834 558 subNun vocalem Zamete. Porro nomen hoc Judaei vocant? TT hoc
1048 554 1835 594 est confessum & certum: & 134. in locis reperiri Massoretae tradunt
1087 580 1847 618 OCTAVUM nomen Dei est HELJON PPPTI id est, Excelsus seu¬
1045 621 1835 652 Altissimus. ExstatPsal. 3. 9. Psallam nomini tuo Excelse. Et Ps. 9 1. 9. Ex
1053 645 1838 688 celsum statueris habitaculum tuum. Et Psal. 92. 9. Te autem o Excelse;
1053 680 1847 715 in seculum esse Iehovam, Dan. 4. v. 17. Vt agnoscant viventes, dominae¬
1053 713 1835 751 ri Excelsum in regno hominum, Et v. 24, 25. Haec interpretatio est Regis
1056 745 1838 786 & decretum Excelsi est quod superventurum est Domino meo Regi. Ni¬
1057 781 1841 815 te depellent homines a se, & cum bestiis agri futura est habitatio tua,
1053 810 1834 852 herbamque ut bobus tibi gustandam dabunt, & rore caeli te intingent, se
1060 838 1843 882 ptemque tempora praeteribunt te:usque dum noscas dominari Excelsam in
1054 875 1847 916 regno hominum, & cui vult dare illud. Et v. 34. Excelso benedixi. Idque
1059 907 1849 947 Deo tribuitur, quod prae omnibus creaturis, etiam Angelis, ut in al¬
1053 940 1835 978 tissimo & supremo gradu, essentia & gloria omnem humanum sensur.
1069 975 1841 1014 xcedat, Huic nomini Hebraeo respondet Graecum ψψισος, id est,
1068 1006 1846 1044 Altissimus, quod usurpat Angelus Gahriei, cum Luc. 1. v. 32. ad Ma¬
1065 1042 1840 1082 tiam ait de Christo, & deς υψιστα κληθεσετιι, & Filius altissimi vo¬
1063 1075 1148 1114 cabitur.
1107 1100 1805 1146 Hactenus pleraque nomina divina in Veteri Testamen¬
1372 1147 1550 1191 ro occurrentia.
1103 1181 1772 1221 In Novo Testamento frequentissima sunt Θeos & Rυριος
1096 1212 1863 1262 Nomen Θeis, DEus, quum simpliciter & absolute ponitur, signi¬
1063 1248 1863 1295 ficat ipsam aeternam essentiam divinam, & nulli creaturae hoc signi¬
1075 1283 1863 1322 ficato convenire potest. Institutum est enim nomen hoc ad aliquid si¬
1071 1315 1844 1360 gnificandum super omnia exsistens & omnia complectens sua po¬
1072 1348 1849 1388 tentia: hoc intendunt significare nominantes Deum. Proinde recte
1065 1380 1858 1419 dixit Ambrosius, nomen Dei esse natura, hoc est, naturam seu essenti¬
1071 1414 1754 1451 am divinam significare; non autem officii proprie loquendo
1102 1444 1853 1486 Porro interdum nomine Dei intelligitur tota Sacrosancta Trini¬
1074 1481 1843 1516 tas, ut Matth. 4. v. 7. Non tentabis Deminum Deum tuum. Et v. 10.
1071 1512 1846 1550 Dominum Deum tuum adorabis, & illum solum coles. Interdum una¬
1070 1544 1850 1588 persona S. Trinitatis, ut Pater. 1. Tim. 2. v. 5. Unus enim est Deus, unus
1071 1582 1855 1614 etiam mediator Dei & hominum homo Christus Iesus. Vel Filius 1. Tim.
1080 1609 1850 1654 3.16. Deus conspicuus est in carne, justificatus est in Spiritu, &c. Vel Sp.
1077 1648 1750 1682 ritus Sanctus Actor. 5. 4. non es mentitus hominibus sed Deo,
1108 1667 1870 1714 Rυριος cum Deo absolute tribuitur, rospondet Hebraeo nomini:
1080 1707 1870 1750 sehova, Deus autem ita est Dominus, ut sit αυτεκυριος, hoc est, a sci¬
1080 1740 1225 1786 pso Dominus.
1120 1765 1856 1806 Oecutrunt etiam ista: ὕψισος, Altissimus seu Excelsissimus. Act. 7.
1080 1805 1859 1843 48. Excelsissimus ille in manufactis templis non habitat. Πaτης τῶν φω¬
1071 1844 1856 1881 τον, Pater luminum. Jac. 1. 17. Omnis donatio bona, & omne integrum
1074 1871 1858 1910 donum est superne, descendens a Patre luminum, apud quem non inest
1077 1905 1861 1938 transmutatio, aut conversionis obumbratio. Sic autem vocatur, non
1074 1937 1847 1969 tantum quia ipse essentia sua lux est 1. Joh. 1. vers. 5. & in luce habitat
1077 1969 1858 2002 Dan. 2. v. 22. 1. Joh. 1. v. 7. eaque inaccessa, 1. Tim. 6.16. sed etiam quia
1074 2001 1859 2035 autor est lucis, seu luminis omnis, tum naturalis, sive in communi¬
1081 2033 1859 2071 natura, sive in Angelis & hominibus, quos luce rationis illustravit:
1071 2067 1849 2102 tum luci gratiae, quae ad lucem naturae singulari beneficio accessit, in
1071 2100 1859 2137 Angelis inde ab initio creationis ipsorum constanter, in hominibus.
1071 2131 1855 2169 autem partim initio creationis ante lapsum, partim post lapsum per¬
1065 2169 1843 2203 regenerationem, accensa in regeneratis luce fidei, 2. Cor. 4. luce bo¬
1074 2197 1853 2232 norum operum, quae opponuntur peccatis tanquam operibus tene¬
1065 2230 1860 2272 brarum, Rom. 13. v. 12. luce consolationis. Psalm. 27. v. 1. praelucente
1065 2262 1855 2302 luce verbi Dei, Psal. 119. v. 105. luce Evangelii, I. Joh. 5. v. 35. 2. Cor. 4.
1068 2293 1846 2331 v. 6. de luce illa mundi, nempe Christo, Matth. v. 16. Lucae 2. vers 32.
1084 2325 1850 2361 Johan. 1. vers. 4, 5, 9 & cap. 3. v. 19. & cap. 6. v. 12. cujus itidem prae¬
1074 2360 1853 2402 cones, imo etiam omnes fideles credentes in Christum sunt lux,¬
1071 2389 1337 2434 Matth. 5. 14. Ephes 5. 8.
1102 2420 1735 2463 Reperiuntur in Novo Testamento haec etiam nomina¬
1095 2454 1849 2492 Eli. Matt. 27. 46. Eli, Eli, lama-sabachthani, hoc est, Deus mi, Deus
1065 2488 1850 2523 mi, cur deseruisti me? Item Eloi. Marc. 15. v. 34. Eloi, Eloi lamma-sa¬
1074 2521 1861 2557 bachtani, id est, Deus mise quibus illud Hebraicum, hoc vero Syria¬
1105 2555 1166 2592 n est.
1102 2574 1855 2632 Abba, quod nomen est Syriacum, & idem est quod Pater, Rom.
1072 2619 1121 2665 8. 15.
1102 2645 1856 2686 Rήριος σαρκωῳ, Dominus Sabaoth, hoc est, exercituum, Ro. 9. v.
1074 2686 1852 2722 29. Nisi Dominus Sabaoth reliquisset nobis semen, facti fuissemus ut So¬
1075 2719 1853 2759 doma, & Gomorrhae similes facti fuissemus. Jac. 5. 4 Vociferationes eori
1087 2749 1862 2786 qui messuerunt, in aures Domini Sabaoth introierunt. Hoc nomine
1083 2781 1855 2818 summa potentia Deo tribuitur: exercitui enim nomine intelligun¬
1086 2820 1855 2850 tur quaecunque supra caelum, in caelo, & inde a terrae centro ad conve¬
1075 2847 1849 2883 xam usque caeli apsidem ordinata exstant, quibus omnibus in caelo &
1080 2881 1850 2919 terra cohonestatur Deus, sicuti Imperator numerosis suis exercitibus
1071 2913 1849 2950 Nomine igitur Sabaoth, id est, exercituum comprehenduntur innu¬
1080 2948 1855 2985 merae legiones Angelorum, Gen. 32. v. 1. 2. Iacob vero abiit itinere suo,
1078 2978 1859 3011 veneruntque ei obviam Angeli Dei. Dixitque Iacob cum videret eos, acies
1074 3011 1846 3051 Dei haec est: quapropter vocavit nomen loci illius Machanajima. 2. Reg.
1078 3042 1856 3074 0. 17. Et orans Elisaus dixit, o Iehova aperi quaeso oculos eius ut videat:
1071 3078 1849 3115 &aperiente Iehova oculos pueri illius vidit quod ecce mons ille plenu¬
1081 3108 1856 3141 erat equis & curribus igneis circa Elisaeum. Dan. 7. v. 10. Acuius con¬
1065 3135 1861 3179 spectus flumus ignis manabat prodiens, cui milliis mille ministrabant, &
