2063 3376
249 163 1027 217 per exsistens. Proinde etiam Deus ad nullam creaturam refertur:
250 203 1019 244 omnes vero creaturae ad Deum referuntur, & ad eum, ut ad suam gau¬
246 238 638 277 sam. suum etiam habent ordinem:
465 277 862 331 AXIOMATAde perfectione Dei,
287 323 1025 369 I. Deus est in se absolute & undequaque perfectus ab aeterno in ae¬
253 364 1025 409 ternum, omnis defectus aut profectus expers. Rom. 11. 35. Quis prio
256 398 512 442 dedit ei, & reddetur eis
283 422 1028 473 II. Deus nulla perfectione potest carere, noc privative nec ne¬
261 457 1030 510 gative: seu, Nulla perfectionis privatio, nulla negatio in Deum po¬
258 500 380 540 test cadere.
289 521 1039 570 III. Perfectiones omnes Deo competunt secundum unam &
259 555 722 607 simplicem formam, quae est ejus essentia
298 587 1025 638 IV. Deus est omnium in aliis rebus perfectionum causa, Rom.
268 628 854 673 II. 36. Nam ex eo, & per eum & in ipsum sunt omnia.
307 653 1037 697 V. Omnes perfectiones, quae in rebus a Deo conditis reperiun¬
267 685 1046 730 tur, in Deo prius fuerunt perfectissimae, modoque perfectissimo. Imo
271 721 1031 764 Deus ea ratione quam prima causa est, omnem perfectionem possibs
267 752 1034 793 lem in se continet. Omnes perfectiones simpliciter simplices sunt i
283 788 1049 829 Deo, quia in suo formali conceptu nullam imperfectionem, sed pura¬
274 820 1046 868 perfectionem habent, neque inter se repugnantiam involvunt. Deus
282 861 1042 895 ratione suae perfectionis emin, ater continet perfectiones creatura.
286 890 1033 926 rum. Eminenter : ontinere perfectionem alicujus, est habere talem per
282 923 1051 963 Fctionem superioris rationis, quae virtute contineat quicquid est in
280 950 1043 993 inferiori perfectione: unde quia etiam continet eminenter, potest il¬
277 983 1042 1026 lam efficere. Omnes enim effectus sunt in causis efficientibus
283 1023 1048 1066 virtute, quam sit ut causae tales esse dicantur, quales ipsarum effectus;
277 1059 812 1092 & vicissim, effectus tales, quales ipsorum causae¬
321 1079 1052 1119 Sufficientia DEI & efficacitas differunt, ita ut illa absque hac esse
285 1121 1030 1161 possit. Nam sufficientia Dei est aeterna, & est naturae aternae actus perpo¬
288 1148 1039 1188 tuus in possessione, ut vocant, positus; denique est ipsa essentia Dei: Effica.
279 1180 1040 1223 citas vero est in tempore; & est uoluntatis utentis sufficientia sua, non
289 1209 1052 1257 autem naturae; & est operatio non essentia ejus. Falsum igitur est, nihile
289 1246 1048 1285 magis requiri ad sufficientiae veritate quam efficacitatem. In Deo quip¬
291 1278 1048 1321 pe estveritas sufficientiae ab aterno, cujus efficacitatem prodit in tempo¬
298 1312 1045 1353 re. Itaque sufficietia sine efficacitate & usu illius inveniri potest, efficacita.
295 1346 1054 1379 vero sine sufficientia minime. Non cadit in rerum naturam, ut idem sint
285 1373 1045 1408 δα Xεργον. Exemplo sitvir bonus, in quo potentia praecedit habitur
288 1408 1049 1449 hubitus efficacitati & operationi. Potentia autem & habitus ad sufficie
286 1444 1058 1478 tiam pertinent suo in genere: & ipsae quidem sine efficacitate constare
285 1471 1058 1518 poffant, sed efficacitas sine illis minime. Nam (ut ajebant illi Iudic. 8.
295 1512 1061 1551 qualis est vir, tale est robur ejus: & quantitas virtutis ex quantitate
292 1542 1055 1586 quidem operationis cognoscitur, sed ante est virtus tamen quam opera¬
292 1571 392 1611 tio ipsius
328 1598 1061 1643 Quaeritur I. An ratiocinatio sit in Deo? Et videtur quod sit, quum
309 1634 1069 1675 atiocinatio in creaturis rationalib. videatur esse quaedam perfectio¬.
309 1671 1054 1711 n. RESP. In Deo non est ratiocinatio seu discursus Syllogisticus pro¬
309 1697 1055 1739 prie loquendo, ut nec consultatio. 1. quia ratiocinatio & discurius Syl
307 1729 1058 1773 logistieus, ut & consultatio sunt de rebus dubiis & obscuris. At Deo ni¬
303 1762 1061 1797 hil est dubium, nihil obscurum; sed certa, perspicua & clara omnia. 2.
301 1797 1054 1840 quia ratiocinatio & discursus Syllogisticus & consultatio imperfectio¬
301 1832 1061 1870 nem manifestam semper includunt: sunt enim tantum via ad perfe¬
292 1862 1064 1896 ctionem seu perfectam cognitionem competens solis creaturis, quae
297 1896 1063 1935 non possunt omnia una simplici intellectione seu apprehensione co¬
291 1925 1051 1969 gnoscere 3. quia in Deo nulla est compositio & divisio: ac proinde no¬
295 1961 1058 1998 discursus, sed simplex intuitus, quo simpliciter videntur quae compo¬
291 1989 1058 2026 sita sunt & invariabiliter quae variabilia sunt, & simul quae necessaria.
298 2023 1052 2059 4. quia Deo non sunt alia aliis notiora, sed una simplici intellectione
345 2054 494 2099 ia cognoscit.
357 2083 1079 2137 uaeritur II. An in Deo sit potentia intellectiva? quum illa videa¬
331 2117 590 2163 esse quaedam perfectio¬
328 2148 1063 2188 RESP. Potentia intellectiva, si proprie loquamur, in Deo non est.
294 2186 1049 2220 1. quia potentia intellectiva formaliter dicit vim seu facultatem elici
295 2219 1058 2258 endi & recipiendi intellectionem: in Deo autem non est intellectio
303 2251 1058 2287 plicita aut recepta, sed ex se necessaria ac per se subsistens. 2. quia po¬
291 2281 1054 2322 tentia intellectiva non dicit perfectionem simpliciter, sed imperfe¬
285 2317 1055 2366 ctionem includit: quare non est in Deo formaliter sed eminenter
296 2345 383 2389 tantum
306 2380 1051 2422 Quaeritur III. An in Deo sit fides qua aliquid credat? Causa quae¬
298 2403 962 2452 stionis est, quia fides in nobis videtur esse quaedam perfectio¬
331 2445 1052 2485 s. 15P. Non est in Deo. 1. quia omnis obscuritas repugnat infinit
298 2470 1058 2519 claritati Dei. At fides qua aliquid creditur, obscura est cognitio. 2.
292 2513 1061 2557 quia nulla est autoritas, cui Deus credere possit: nam sibi non credit,
301 2547 1054 2581 cum loquutio, qua secum loqui potest, sit perfectissima sui & rerum
288 2578 1052 2624 omnium comprehensio: inferior vero autoritas, quae ex se fallibili
297 2611 1066 2647 est, non potest Deum ad assensum movere, sed ipse evidenter videt
294 2645 1061 2689 quid ponderis habeat uniuscujusque testimonium, ut humanum vel
291 2676 919 2719 angelicum intellectum possit ad assentiendum movere.
522 2719 824 2770 VSVS perfectionis Dei.
318 2765 1058 2810 Discimus hine primo, Deum nostrum, quem colimus, esse verum
297 2789 1057 2841 Deum: quia est perfectissimus. Nam qui perfectissimus non est, ve¬
298 2827 578 2872 tus Deus esse non potest.
319 2860 1067 2899 Sicundo, in divinis esse generationem & processionem unius per¬
297 2887 1058 2938 sonae ab alia. Nam perfectio Dei non in eo tantum consistit, quocd
301 2931 1055 2976 nulla re opus habeat, sed in hoc quoque, quod potest seipsum com¬
303 2962 1067 3003 municare. Tum quicquid est boni & perfectionis in nobis, illud
300 2988 1049 3041 multo magis est in Deo Atqui generatio Filii sibi per omnia aequa
293 3014 1054 3070 lis, est res maximae perr ctionis in nobis: nihil enim generat, nisi qua
304 3055 794 3094 tenus est actu Idem de spiratione dicendum.
329 3085 1070 3138 Tertio, Deum esse simplicissimum: quia quo quid est perfectius.
295 3105 458 3161 ed simplicius.
1119 157 1880 209 Quario, Deum dare dona perfecta. Jacob. 1. 17. Omne perfectum¬
1075 196 1613 233 donum est superne descendens a Patre luminum.
1107 222 1884 266 Refellitur hinc error eorum, qui statuunt in Deo compositionem:
1077 261 1864 298 aliquam: compositio enim imperfectionem significat. Unde essen¬
1081 291 1862 334 tia divina non componitur ex personis, sed tantum distinguitur per¬
1086 327 1868 364 sonis: nec persona divina ulla est composita ex essentia & modo
1086 358 1873 397 subsistendi proprio, quia modus subsistendi non componit, sed tan¬
1089 393 1871 433 tum distinguit. Similiter relatio in divinis hoc perfectionis habet,
1101 429 1874 467 quod distinguit unum correlativuum ab altero, non autem com¬
1079 460 1160 508 ponit.
1126 489 1887 530 Perfectionis Dei consideratio nostram imperfectionem nobis
1083 533 1888 569 ob oculos ponit: Nam ex quo in Adamo lapsi sumus, perfectio¬
1095 555 1880 594 nem, in qua creati eramus, amisimus. Eadem superbiam nostram
1089 596 1877 630 contundit: nam (quae ingenita est omnibus nobis superbia) perfecti
1093 627 1880 663 nobis semper videmur, nisi manifestis documentis imperfectionis
1090 662 1871 698 nostrae convincamur. Non autem convincimur, si in nos dunta;
1090 695 1868 730 xat ipsos respicimus, & non in Deum quoque, qui unica est omnis per¬
1089 721 1873 767 fectionis regula. Exemplum est Matth. 19. v. 20. in illo qui ad Chri¬
1104 755 1880 796 cstum dicebat; omnia haec observavi a juventute mea: quo adhuc defi¬
1096 790 1880 831 cior? Ideo Christus ei respondit: Si vis perfectus esse, abi, vende quae ti¬
1100 817 1880 858 ibi suppetunt & da pauperibus, & habebis thesaurum in caelo: & vini, se¬
1114 849 1874 891 quere me. Ad haec hypocrisin detegit: Quia enim ad hypocrisin natu¬
1105 892 1883 929 ra propensi sumus omnes, ideo inanis quaedam perfectionis ipecies
1102 920 1880 961 pro perfectione ipsa nobis abunde satisfacit. At si cogitationem ad
1114 951 1886 991 Deum erexerimus & expenderimus. qualis sit & quam exacta ejus
1104 987 1886 1029 perfectio, ad cujus amussim nos conformati oportet; quod antea in
1107 1051 1889 1102 arguetur: adeo divinae integritati male respondet, quod videtur in
1096 1085 1388 1122 nobis vel absolutissimum.
1135 1112 1889 1163 Praeterea accusat insaniam & ingratitudinem hominum, qui per¬
1111 1149 1880 1189 ectionem alibi quaerunt, quam apud solum Deum: veluti qui eam
1120 1186 1886 1223 quaerunt apud creaturas, item in usu Sacramentorum externo, ex o¬
1106 1215 1879 1253 pere, ut vocant, operato, quod non potest sine maxima Dei inju¬
1102 1248 1194 1290 ria ficri¬
1132 1278 1897 1320 Perfectionis Dei meditatio excitat nos ad siduciam in solo Deo.
1104 1318 1880 1361 collocanda, ad eum solum invocandum, ab eo solo omnia exspectanda,
1141 1347 1880 1383 Deinde excitat nos, ut Deum pro exemplari totius vitae nostrae ad
1110 1379 1899 1415 imitandum nobis proponamus, sicut Christus ait Matth. 5. vers 48.
1105 1412 1899 1449 Estote igitur vos perfecti, sicut Pater vester, qui in caelis est, perfectus
1102 1447 1899 1486 est. Quibus verbis Patris caelestis benevolentiam & beneficentiam
1114 1484 1900 1522 erga quosvis, & perfecti perfectionem nobis imitandam poponit.
1123 1508 1877 1547 Quum enim in eo omnes sint perfectiones numeris omnibus abso¬
1108 1544 1889 1583 lutissimae; aequum est, ut is nobis sit forma vivendi. Sicuti qui Ora¬
1110 1579 1885 1620 tores fieri volunt, Demosthenem & Ciceronem, tatquam omnium.
1131 1607 1889 1646 perfectissimos oratores sibi imitandos suscipiunt: ac insmma, in o¬
1122 1642 1886 1680 mnibus artibus perfectissimi quique a nobis deliguntur, qui s imi¬
1123 1673 1892 1712 temur: Multo magis Deus, qui archetypum & perfectissimum est
1113 1705 1888 1743 exemplar perfectionis nobis imitandus. Eadem perfectio Dei exci¬
1120 1742 1896 1786 tat nos, ut pareamus Deo conditori nostro: nam perfectio summa in
1113 1777 1535 1816 creatura rationali est parere Creator.
1146 1797 1907 1843 Denique perfectio Dei nobis est solatio contra nostram imperfe¬
1125 1829 1908 1881 ctionem. Nam etsi in hac vita multis imperfectionibus subjecti si¬
1126 1872 1891 1905 nus; perfectio tamen in altera illa vita nos manet, quam non isresti
1117 1905 1891 1939 tuet is, ex quo, per quem, & in quo sunt omnia, Rem. 11 36. & qui
1114 1936 1895 1970 erit omnia in omnibus. 1. Cor. 15. v. 28. Tunc implebitur quod Pau¬
1116 1967 1898 2002 lus ait 1. Cor. 13. 10. Postquam advenerit quod perfectum est, tunc
1123 1996 1418 2048 quod ex parte est abolebitur.
1371 2069 1624 2115 CAPUT X.
1314 2117 1665 2169 In quo de infinitate Dei.
1137 2181 1901 2221 NPINITAS DEI, est essentialis proprietas Dei, per quam nec
1141 2227 1905 2258 tempore, nec loco, nec ulla alia re finiri & mensurari: sed sua es¬
1140 2253 1903 2290 sentia & natura, actu, simpliciter, & per se infinitus, immensus &
1114 2282 1521 2322 incomprehensibilis esse significatur
1153 2315 1819 2355 Insinitum bifariam dicitur: privative nimirum & negative
1153 2349 1901 2388 Privative infinitum dicitur quod finem quidem non habet, sed sua¬
1117 2374 1916 2429 pte natura potuit tamen, aut etiamnum potest habere: Quo sensu o¬
1102 2414 1898 2457 mnem quantitatem, tum continuam tum discretam dicunt Philosophi¬
1108 2447 1897 2488 esse infinitam: quia reipsa finem non habet, semper enim aliquid
1113 2482 1802 2525 addi a nobis potest: sua tamen natura finem habere potest.
1143 2513 1891 2545 Hoc modo Deus non dicitur infinitus; primo, quia in Deum non
1113 2545 1903 2580 cadit quantitas proprie accepta: omne autem infinitum privative in
1107 2578 1897 2611 sola est quantitate vel continua vel discreta: Secundo, quia omnis pri¬
1116 2610 1904 2651 vatio imperfectionem significat: omnis autem imperfectio aliena est:
1114 2643 1190 2684 a Deo
1140 2664 1919 2718 Negative infinitum dicitur quod naturaliter nec habet, nec habere
1126 2709 1919 2741 potest initium & finem ullum: cui naturaliter nullus est finis. Talis 1
1119 2741 1883 2776 infinitas nullis creaturis competit: omnia enim sicut initium habuc¬
1122 2777 1903 2816 runt, sic sua natura certum habent vel habere possunt finem; quia
1129 2804 1712 2840 Deus omnia creavit in numero, pondere & mensur;.
1149 2829 1900 2873 Infinitas Dei, est essentialis proprtetas Dei nempe primi ordinis:
1128 2873 1897 2910 quia sui creatam similitudinem non admittit, in nullam prorsus crea¬
1118 2911 1897 2949 turam cadit nec quicquam ejus ἀνειλορον in ulla re creata reperitur.
1146 2938 1904 2983 Deinde dicitur in descriptione, quod per eam signifiretur, Deum
1114 2972 1796 3004 nec tempore finiri & mensurari: hinc intelligitur esse aeternus.
1138 2997 1891 3042 Tertio dicitur, quod per eam significetur, Deum nec loco finiri: un¬
1113 3029 1490 3072 de cognoscitur esse omniprae sens.
1146 3068 1904 3109 Quarto dicitur, quod per eam significetur, Deum nec ulla alia res
1129 3093 1900 3138 iniri, nimirum potentia scientia, ec. unde omnipotens & omniscius
1120 3129 1270 3170 esse innuitur.
