2063 3384
189 193 1002 233 cujusmodi sunt Genes. 6. v. 6. Poenituit Iehovam quod fecisset homi¬
198 219 980 265 nem in terra. 1. Sam. 15. v. 11. Poenitet me constituisse Saulem regem
207 249 984 298 Psalm. 16. 45. Recordantem proeis federis sui; poenituit ipsum, scile
207 282 998 339 quod (sraelitis mala inflixisset. Jer. 18. poenitebit me ejus mali, quod
203 323 988 364 cogitaveram facere ei. Et v. 10. Vicissimpoenitebit me illius boni, que
207 355 794 398 dixero me benefacturum ei, & cap. 26. ter. v. 3, 13, 19.
247 373 989 429 RESP. Negatur consequentia propter homonymiam medi¬
205 413 987 463 termini: nam in majore propositione probationis, poenitentia accipi¬
203 453 992 497 tur proprie pro affectu humano, imperfectionem aliquam, passio¬
209 481 985 530 nem & mutationem significante: At in minore & in testimoniis ale
216 514 984 562 legatis accipitur figurate pro mutatione operum divinorum ab ae¬
207 555 988 596 terno decreta & certo tempore effecta. Haec mutatio non est in Deo.
211 581 998 628 sed in operibus Dei externis, veluti hominibus eorumque statu. Pro¬
207 614 991 663 inde non Deus, sed homo ejusque status est mutabilis pro benepla¬
207 658 313 706 cito Dei.
240 669 998 729 INSTANTIA I. Qui promittit & minatur quae non facit, est
218 724 341 763 mutabilis.
299 742 815 793 Deus promittit & minatur quae non facit:
304 786 517 834 Ergo est mutabilis.
255 805 1008 859 Minor probatur: Deus promisit hominibus dominium in ani¬
228 853 1003 891 malia Genes. 1. vers. 28. Dominamini in pisces maris & in volucres
228 878 1001 927 coeli & in omnes bestias reptantes super terram, cum tamen hoc do¬
219 914 998 958 minium magna ex parte amiserit homo. Deus promisit se Jerosoly¬
228 951 994 990 mis perpetuo habitaturum Psalm. 132. 14. Haec est requies mea uss
224 984 1009 1026 in sempiternum: hic habitaturus sum, quia hoc expetiveram: atqui
231 1013 1000 1058 urbem illam non solum reliquit, sed etiam subverti & aeterna vasti¬
231 1046 1012 1089 tate dosolari passus est. Promisit Matth. 19. vers. 28. Apostolos ses¬
225 1082 1006 1130 suros super solia duodecim & judicaturos duodecim tribus Israelis.
231 1111 1000 1155 cum tame Judas, unus ex his duodecim perierit. Similis est rati¬
234 1142 1025 1191 comminationum Exod. 32. 10. dixit Mosi: Sine me, ut accensa ira
232 1180 1013 1220 consumam eos, efficiam vero te in gentem magnam: quorum tamen
233 1212 1010 1258 neutrum fecit, Judic. 19. vers. 13. dixit ad Israelitas: Non pergam ser¬
246 1244 1007 1289 vare vos: cum tamen & illo tempore, & postea saepe ipsos a tyrannidi.
239 1285 1003 1324 hostium liberaverit. 2. Reg. 20. 1. denunciavit Regi Ezechiae mor
238 1310 1016 1354 tem, dicens, Tu morieris ac non vives: & tamen mox additi sunt,
231 1348 1016 1389 quindecim anni vitae. Jon. 3. vers. 5. comminatus est Ninevitis, post.
246 1386 1018 1425 quadraginta dies Nineven subversum iri: nec tamen id factum. Er¬
237 1414 754 1466 go Deus promittit & minatur, quae non faci¬
264 1443 1013 1487 RESPON. Major propositio est limitanda: Qui promittit & mi¬
231 1477 1021 1516 natur scil. absolute & citra conditionem, & ea non facit, is est muta¬
232 1512 1018 1546 bilis. Deum autem absolute & citra conditionem ullam promittere
234 1546 1012 1589 & comminati quae non facit, negatur. Quod vero promissiones &
240 1585 1018 1618 comminationes illas attinet quae ad minoris probationem adducun¬
235 1614 1010 1651 tur, illarum nulla est absoluta, sed omnos sunt conditionales. Pro¬
241 1642 1019 1679 missiones enim illae intelligendae sunt cum conditione perseverantiae
231 1675 1016 1718 in vera fide & pietate & exceptione crucis castigationisque paterna.
238 1709 1013 1752 aut etiam poenae ob peccata deficientium a vera nde & pietate. Pro¬
231 1745 1010 1781 mittit enim Deus suam praesentiam gratiosam & alia bona nobi
235 1773 1022 1811 hominibus, sed si perseveremus in vera fide & pietate, & nisi nobis
240 1815 1025 1851 ipsi defectione a fide & pietate poenas attrahamus. Comminationes.
237 1848 1010 1876 vero illae intelligendae sunt cum conditione resipiscentiae & conver¬
232 1870 1014 1914 sionis ad Deum. Comminatur enim Deus poenas, nisi resipiscamus
235 1905 888 1947 & ad ipsum convertamur: Minor igitur probata non est.
267 1935 1022 1994 INSTANTIA II. Qui pendet ex conditione mutabili, est mu¬
230 1972 314 2018 tabilis.
337 1995 765 2046 Deus pendet ex conditione mutabili:
336 2037 607 2082 Ergo Deus est mutabilis
267 2069 1022 2112 RESPON. Minos propositio negatur. Deus enim non pendet ex
231 2106 1022 2147 conditione mutabili: nam etsi condit: o annexa promissionibus &
228 2140 1012 2181 comminationibus divinis quam maxime sit mutabilis respectu na¬
241 2171 1012 2206 turae, voluntatis, judicii sensusque hominum; tamen eadem immuta
226 2206 1014 2244 bilis, certissima atque immota est respectu consilii & decreti divini¬
235 2242 1010 2279 quo ut omnia futura certo sunt determinata, ita etiam conditio illa
232 2272 1023 2314 De mutabili hominum voluntate immutabile est decretum Dei,
234 2302 1022 2346 qui propterea etiam accendit atque conservat veram fidem & pieta¬
224 2336 1018 2371 tem in illis, quibus promissiones praestare vult & resipiscentiam et¬
225 2371 1019 2409 iam illis concedita quibus mala denunciata avertere vult, caeteris
238 2411 1021 2445 quos nec fidei pietatisque nec resipiscentiae benedictione donare
230 2436 1009 2475 vult, justo judicio desertis, ut quibus nec promissa bona dare, nec de
238 2467 626 2512 nunciata mala auferre decreverit.
261 2498 1037 2545 INSTANTIA III. Qui mutat praecepta atque opera sua, est;
238 2533 359 2578 mutabilis.
346 2568 771 2619 Deus mutat praecepta atque opera sua:
355 2600 641 2644 Ergo Deus est mutabilis.
280 2630 1020 2678 Minor probatur: quia Deus diversis temporibus diversa aut
231 2666 1028 2706 jubet fieri aut ipse facit. Nam leges Mofaicas a se promulgatas
232 2701 1018 2740 abrogavit: quos paulo ante placidis successibus fovebat, nunc du¬
235 2736 1032 2786 riter affligit: quos ante duriter affligebat, nunc vicissim benigne
232 2769 350 2809 tractat.
261 2798 1031 2836 RESPON. Majorem limito: Qui mutat praecepta atque opera
244 2829 1028 2870 sua, scilicet si voluntatem & consilium mutet, suscepto ex temporo
238 2875 1022 2913 alio consilio, is est mutabilis. Deum autem mutare praecepta atque
241 2902 1029 2945 opera sua sic ut voluntatem & consilium mutet, suscepto ex tempore
252 2930 1018 2968 alio consilio, negatur. Probatio vero minorem negatam non con¬
243 2959 1031 3003 firmat; Nam quod Deus diversis temporibus diversa jussit aut ipse
240 2994 1025 3039 facit, quod leges Mofaicas quasdam abrogavit, quod statum homi¬
250 3029 1019 3077 num commutat, id proficiscitur a consilio, non suscepto ex temporo
246 3061 1024 3105 sed ab aeterno definito: sic ut non tantum praecepta & opera illa, ve¬
240 3096 1022 3143 rum etiam mutatio illorum fuerit ab aeterno decreta: Quapropte
245 3124 1031 3170 illorum mutatio non est confilii divini mutatio, sed exsecutio. Si au¬
243 3162 1022 3202 tem perpetuo manerent; quae Deus temporatia esse voluit, tum Dei
243 3187 454 3234 us esset mutabilis.
1084 167 1857 212 INSTANTIA IV. Qui factus est, quod non erat, is est muta¬
1051 209 1109 257 bilis:
1161 235 1547 285 Deus factus est, quod non erat:
1168 275 1382 319 Ergo est mutabilis
1088 308 1849 345 Minor probatur: quia Deus factus est in tempore Creator, Do¬
1047 340 1850 383 minus Creaturarum, Servator, Redemtor & similia, qualis ab aeter
1047 375 1246 419 no Deo non fuit.
1079 409 1847 445 RESP. Primo. Major propositio non est universe vera, sed est res
1059 439 1861 481 stringenda: Qui factus est, quod non erat, nimirum per accessionem:
1047 474 1850 512 novae alicujus rei quae ipsi demum adhaerere coeperit, is est mutabilis,
1051 505 1851 547 Deinde quod ad minorem propositionem attinet, Deum factum est
1051 542 1856 578 se quod non erat, nempe per accessionem novae alicujus rei quae ipsi¬
1057 576 1858 610 demum inhaerere coeperit, negatur. Tertio, quod ad probationem
1057 609 1864 649 minoris attinet, ea minime confirmat minorem sic restrictam: quia
1066 643 1859 678 ut supra in attributo perfectionis Dei dictum & hoc loco repeten¬
1059 676 1856 714 dum, nomina quae relationem inter Deum & res creatas indicant
1066 708 1860 746 uti est nomen creatoris, Domini, Servatoris, Redemtoris & similia¬
1062 743 1855 778 ita in tempore, non autem ab aeterno praedicantur de Deo, ut interim
1067 776 1858 820 tamen nihil ei accidat novi, aut nulla in eo fiat mutatio, sed in ipsi.
1053 808 1856 845 duntaxat creaturis. Ratio est, quia Deus non est in ordine creatur
1065 842 1856 882 rarum, sed extra totum naturae creatae ordinem, proinde ipse ad nul
1063 874 1868 915 lam refertur creaturam. Omnes vero creaturae ad Deum referun¬
1068 916 1868 947 tur, & ad eum, ut ad suam causam, suum etiam habent ordinem. Hinc
1072 940 1871 980 efficitur creaturas realem habere ad Deum relationem: Deum au¬
1068 980 1874 1014 tem nullam ad creaturas realem, sed rationis duntaxat relationem:
1071 1008 1861 1044 nabere. Quomodo rationis tantum? quatenus videlicet ipse Deus
1066 1043 1874 1078 semper idem manens & extra ordinem semper creaturarum exsi¬
1065 1075 1861 1114 stens; non aliter ad illas refertur, nisi quatenus ipsae creaturae refe¬
1080 1114 1864 1146 untur ad ipsum. In eo qui ad aliud relationem tantum rationis ha¬
1078 1144 1568 1178 pet, per illam relationem nulla sit mutatio
1108 1168 1877 1211 Exemplo hoc est illustrandum. Si faciem convertam ad Orien¬
1068 1208 1874 1242 tem, Australis plaga coeli sit mihi dextra, Aquilonaris vero sinistra:
1074 1244 1868 1278 Ergo inter coeli plagam & me est relatio quaedam. Ubinam vero
1070 1275 1867 1308 est haec relatio? In coelo certe nulla est relatio realis: caret enim coe¬
1065 1310 1870 1354 lum per se dextra & sinistra; sed mihi sii plaga coeli aliqua dextra, si
1074 1341 1871 1378 dextram ad eam converto, futura sinistra, si ei meam obvertam si¬
1081 1375 1880 1410 nistram: proinde in me erga illam est relatio realis. Certum etiam
1081 1408 1867 1443 est nullam mutationem propter hanc relationem sieri in coelo, sed
1078 1442 1871 1476 tantum in me. Quare tametsi eadem plaga coeli modo dextra mihi
1071 1473 1870 1513 fiat, modo sinistra, ac proinde dextrum & sinistrum de ea praedice¬
1087 1508 1868 1547 ur diverso tempore: nullam tamen unquam fieri in ea mutationem
1081 1546 1869 1581 manifestum est. Ita etiam statuendum est de Deo, relationem inter
1089 1575 1876 1611 ipsum & creaturas nullam prorsus in ipso mutationem importare.
1084 1609 1879 1649 Quaestionem hanc explicat perspicue Augustinus tertio tomo, libro
1095 1642 1876 1680 quinto de Trinitate, capite decimoquinto & decimosexto, cujus haec
1080 1677 1873 1714 munt verba: Aliter enim intelligitur, cum dicitur donum, aliter cum
1075 1709 1868 1748 dicitur donatum. Nam donum potest esse & antequam detur, dona
1086 1739 1885 1777 cum autem nisi datum fuerit, nullo modo dici potest. Nec moveat
1077 1774 1883 1815 quod Spiritus S. cum sit coaternus Patri & Filio, dicitur tamen ali¬
1078 1805 1885 1843 quid ex tepore, veluti hoc ipsum quod donatum diximus. Nam sem¬
1078 1842 1880 1884 piterne Spiritus donum, temporaliter autem donatum. Nam etsi
1090 1872 1877 1914 Dominus non dicitur, nisi cum jam habere incipit servum, etiam
1080 1901 1883 1946 ista appellatio relativa ex tempore est Deo. Non enim sempiterna cre¬
1080 1943 1871 1982 atura est, cujus est ille Dominus. Quomodo ergo obtinebimus, nec ipso
1072 1972 1868 2014 relativa esse accidentia, quoniam nihil accidit Deo temporaliter
1083 2005 1867 2039 quia non est mutabilis, sicut in exordio hujus disputationis tra¬
1072 2036 1868 2077 ctavimus. Ecce Dominum esse non sempiternum habet, ne co¬
1071 2070 1876 2107 gamur etiam sempiternam creaturam dicere, quia ille sem¬
1084 2104 1870 2142 piterne non dominaretur, nisi etiam ista sempiterne famulare
1071 2137 1873 2172 tur. Sicut autem non potest esse servus qui non habet Dominum.
1071 2168 1885 2213 sic nec Dominus, qui non habet servum. Et quisquis exstiterit qui
1071 2203 1886 2246 aeternum quidem Deum solum dicat, tempora autem non esse aeterna.
1081 2236 1889 2273 propter varietatem & mutabilitatem, sed tempora tamen non in
1084 2268 1883 2301 tempore esse coepisse. Non enim erat tempus antequam inciperent.
1078 2303 1895 2345 tempora, & ideo non in tempore accidit Deo, ut Dominus esset, quia
1082 2334 1889 2375 ipsorum temporum Dominus erat, quae ntique non in tempore esse coe¬
1089 2369 1892 2408 perunt: quid respondebit de homine qui in tempore factus est, cujus
1087 2400 1886 2437 utique Dominus non erat antequam esset cui esset? Cerre vel ut Do¬
1090 2439 1895 2477 minus hominis esset ex tempore accidit Deo. Et ut omnis auferri vi¬
1084 2466 1889 2510 deatur controversia, certe ut tuus Dominus esset aut meus; qui modo
1082 2507 1888 2541 esse coepimus, ex tempore accidit Deo. Aut si & hoc propter obscuram.
1087 2535 1889 2575 quaestionem animae videtur incertum quid ut esset Dominus populi,
1077 2565 1897 2606 Israeli Quia eisi jam erat animae natura quam ille populus habebat,
1096 2598 1891 2639 quod modo non quaerimus, tame ille populus nondum erat, & quando
1083 2636 1892 2675 esse coepit apparet. Postremo ut Dominus esset hujus arboris & hujus
1087 2669 1892 2709 segetis, ex tempore accidit, quae modo esse coeperunt. Quia etsi materi¬
1090 2705 1892 2739 es ipsa jam erat, aliud est tamen dominum esse materiae, aliud esse¬
1093 2731 1888 2768 dominum jam fuctae naturae. Alio enim tempore est etiam homo do¬
1093 2761 1897 2804 minus ligni, & alio tempore dominus est arcae, quamvis ex ipso ligno
1099 2794 1886 2835 sabricatae, quod utique non erat, cum ligni dominus jam esset. Quod
1098 2829 1886 2866 modo igitur obtinebimus nihil secundum accidens dici Deum? nit
1102 2858 1897 2905 quia ipsius naturae nihil accidit quo mutetur, ut ea sunt accidentia
1098 2896 1883 2933 relativa quae cum aliqua mututione rerum de quibus dicuntur, ac¬
1093 2927 1892 2970 cidunt. Sicut umicus relative dicitur, neque enim esse incipit, nisi cut
1091 2965 1892 3000 amare coeperit. Fit ergo aliqua mutatio voluntatis ut amicus dica¬
1093 2995 1891 3036 tur. Nummus autem cum dicitur pretium, relative dicitur, nec tamen
1094 3030 1898 3069 mutatus est cum esse coepit pretium, neque cum dicitur pignus, & si qua¬
1089 3063 1885 3101 sunt similia. Si g. nummus potest nulla sua mutatione toties dici re¬
1098 3095 1897 3133 ative, ut neque cum incipit dici, neque cum desinit, aliquid ejus natura
1087 3128 1891 3168 vel forma qua nummus est mutationis fiat, quanto facilius de illa
1093 3165 1898 3197 incomutabili Dei substantia debemus accipere, ut ita dicatur rela¬
1083 3191 1892 3234 tive aliquid ad creaturam, ut quamvis temporaliter incipiat dici:
