2063 3411
223 172 1029 219 fuit edictum Dan. 6. 26. ut in toto dominatu regni ipsius tremerent,
226 214 1022 257 & timerent omnes a conspectu Dei Danielis: quia ipse est Deus vi¬
232 248 518 293 vens & stabilis in sacula.
250 280 1022 323 Secunda παjδεια: Quum Deus noster sit Deus vivens, est ipsi ser¬
229 313 1016 355 viendum, est ipse adorandus: quemadmodum sanguis CHRISTI, qui
219 355 1012 391 per Spiritum aeternum seipsum obtulit inculpatum Deo, emunda,
223 381 1013 418 conscientiam nostram a mortuis operibus ad serviendum Deo vi¬
231 415 1015 451 pienti, Hebr. 9. vers. 14, 15. Ita tribuebant illa quatuor animalia, de¬
223 446 1013 488 quibus Apoc. 4 v. 9. gloriam & honorem & gratiarum actionem et.
222 483 1013 522 qui throno insidebat, illi, inquam, viventi in secula seculorum. Et
229 515 1007 554 viginti quatuor illi seniores in conspectu illius insidentes throno pro¬
229 547 929 586 cidebant & adorabant illum viventem in sacula seculorum.
259 572 1016 615 Tertia. Quum Deus noster sit Deus vivens, in ipsius nomine reli¬
237 609 1019 650 iose jurandum, cavendumque a perjurio. Quemadmodum Deus
231 642 1004 680 per vitam suam jurat, ita etiam sancti per eandem jurare jubentur &
222 680 1013 716 jurant: Deus enim qui vere & semper vivit, eoque omnia videt & in¬
232 708 1019 748 telligit, ac proinde mendaces & perjuros punit certo, etiamsi quam
219 739 1001 778 diutissime perjurium celetur & poena differatur: Sic Jerem. 4. 2. di
216 772 1007 811 citur: Iurabis, vivit, Iehova, in veritate, in jure & in justitia; ut be¬
223 805 1010 845 nedicant sibi in ipso gentes, & in ipso laudent sese. Hinc frequentis.
223 840 1009 885 sima est sanctis jurandi formula, Vivit Iehova, seu, vivit DOMI
225 872 300 914 NUS.
258 901 1012 945 Quarta: Quum Deus noster sit Deus vivens, etiam atque etiam
228 939 1019 974 cavendum nobis, ne verbum ejus pervertamus. Ipsum onus futu¬
222 965 1020 1006 rum est cnique verbum suum, si perverteritis verba Dei viventis, Ie¬
225 1005 850 1044 hovae exercituum Dei nostri, ait Jeremias cap. 23. v. 36.
264 1037 1012 1076 Quinta: Quum Deus noster sit Deus vivens, in ipso spes ponen¬
231 1061 1013 1107 da, non in divitiarum incerto. Quo pertinet illa admonitio Apostolis
232 1098 1009 1132 ca 1. Timoth. 6. v. 17. Iis qui divites sunt in hoc seculo denuncia, ne¬
232 1128 1035 1172 efferantur animo, neque spem ponant in divitiis incertis, sed in illo Deo
235 1167 805 1202 vivo, qui praebet nobis omnia copiose ad fruendum
248 1189 1006 1230 Sexta: Quum Deus noster sit vivus, ab ipso solo vita & salus po¬
232 1234 1012 1280 tenda: quod Propheta facit Psalm. 42. v. 3. Sitit anima mea ad Dei,
234 1261 488 1301 um, ad Deum vivum
255 1278 1016 1330 Παρακλήσεις. Prima: Magno hoc solatio nobis merito esse debet.
238 1325 1025 1367 quod Deus noster est Deus vivens, ut sciamus nos quoque filios esse
244 1354 1010 1397 Dei vivi, nos accessisse ad civitatem Dei vivi, nos templa esse Dei vi
235 1395 1022 1428 vi, nos servire Deo, vivo & vero. Quo pertinent haec illustria dictas
234 1427 1015 1464 Ose. 1. v. 10. Eritque pro eo quod dicitur istis, non populus meus estis, ut
235 1460 1025 1493 dicatur illis, filij Dei fortis viventis estis: quod repetitur Rom. 9. 26.
237 1489 1016 1527 Heb. 12. 22. Accessistis ad montem Teijonis & civitatem Dei vivi
225 1520 1019 1564 Ierusalem coelestem & myriadas Angelorum. 2. Corinth. 6. 16. Vo.
226 1554 1019 1591 templum estis Dei viventis. I. Thes. 1. 9. Ipsi de nobis annunciant,
237 1585 1022 1630 qualem ingressum habuerimus ad vos, & quomodo converteritis,
238 1624 914 1662 vos ad Deum relictis idolis; ut serviretis Deo vivo & vero.
270 1643 1019 1686 Secunda: Magno nobis solatio & hoc esse debet adversus calami¬
240 1685 1016 1719 tates hujus vitae quibus mortificamur, & adversus ipsam mortem
234 1721 1019 1759 corporalem, quod Deus noster sit Deus vivens, ut persuasi simus ipsi
237 1752 1021 1790 nos vivificaturum vera & aeterna vita. Ita se solatur Jobus capite 39o.
234 1784 1042 1818 v. 25, 26, 27. Ego novi Redemtorem meum vivere; & posteriorem
237 1813 1031 1854 super pulverem resurrecturum: Et postquam vermes confoderint
237 1846 1021 1888 istud, evigilante me; tum carne mea me visurum esse Deum. Idem
237 1874 1018 1914 qui sum, ac non alienus visurus sum mihi, & oculi mei aspecturi, Jo¬
231 1913 742 1962 han. 14. 19. Quia ego vivo, & vos vivetis.
450 1971 802 2035 CAPUTTII
559 2028 713 2087 In quo de
328 2077 953 2123 IMMORTALITATE DEI.
271 2125 1040 2167 MMORTALITAS DEI, est essentialis Dei proprietas, per quam
279 2164 1028 2201 intelligitur, non posse ab ipso separati vitam, ipsum non desinere
291 2201 1028 2242 inquam vivere & mori non posse 1. Timoth. 6, 16. ἐμόνος ἐχω¬
256 2225 749 2276 εθανασιαν, qui solus habet immortalitatem,
561 2266 726 2306 eAxiomata.
279 2293 1030 2346 I. Deus est immortalis per essentiam suam, non per immortali¬
250 2336 435 2381 tatis qualitatem
282 2366 1025 2408 II. Est immortalis a se, non autem κεινονία, hoc est, communica¬
258 2399 1040 2447 tione seu accepta immortalitate ab alio: non cujusquam gratia, sed
258 2441 925 2474 natura sua: non ex alterius voluntate, sed ex suapte essentia.
285 2453 1028 2505 III. Est solus vere, proprie & simpliciter immortalis; quia solu
254 2495 1040 2539 est omnino immutabilis. In omni enim mutabili natura nonnulla
258 2534 1039 2574 mors est ipsa mutatio, quia facit aliquid in ea non esse quod erat. Pro
260 2561 1034 2601 inde & ipsa anima humana, quae propterea dicitur immortalis, quid
273 2603 1039 2635 qualitercunque secundum modum suum nunquam desinit vivere
262 2626 1046 2669 habet tamen pro ipso suo modo quandam mortem suam: quae si juste
267 2657 1042 2703 ivebat & peccat, moritur justitiae: si peccatrix erat, & justificatur,
267 2699 1039 2731 moritur peccato, ut Augustinus docet, sexto tomo, libro tertio contra
256 2732 1040 2769 Maximinum Arianum, capite duodecimo. Vera & integra immore
262 2756 1046 2803 talitas tam non recipit mutationem, quam nec finem, quod omnis
268 2796 1046 2838 mutatio quaedam mortis imitatio est. Omne enim quod mutatur,
260 2825 1039 2862 dum de uno ad aliud transit esse, quodammodo necesse est moriatur
265 2857 1046 2904 quod est, ubi esse incipiat quod non est. Solus igitur Deus absolutanm:
261 2890 1049 2934 perfectamque immortalitatem habet, apud quem non est transmuta¬
261 2923 1043 2970 tio, nec vicissitudinis obumbrario, ait Bernardus Sermone octogesi.
255 2962 520 3002 moprimo in Canonica.
610 2982 723 3043 Objectio.
300 3032 899 3082 Angeli & animae hominum sunt quoque immortales:
301 3063 539 3108 Ergo non solus Deus.
310 3088 1069 3135 RESP. Antecedens est intelligendum non simpliciter, sed κατα
261 3127 1061 3170 τi: Angeli & Animae hominum sunt immortales, primo improprie,
264 3166 1052 3212 quia ipsorum immortalitas principium habet: secundo, sunt immor
1077 165 1865 215 tales non sua vi & potestate, sed alieno tantum beneficio, quatenus a
1075 213 1864 258 Deo in sua natura conservantur: Dei enim sustentatione perdurant
1072 242 1220 290 & subsistunt.
1350 269 1584 324 VSVS
1107 308 1864 363 Aιδασκαλία I. Quum Deus noster sit immortalis, confirmatur
1068 357 1870 396 cum esse verum Deum: Qui enim moritur vel mori potest deitate
1068 391 1868 427 sua, verus Deus non est. Unde Cretenses olim tanquam mendaces.
1074 423 1864 457 male audierunt, quod Jovem Deum esse profiterentur, & tamen
1074 456 1858 497 mortuum esse & sepulcrum se ejus habere gloriabantur: de eis Calli¬
1065 489 1753 529 machus Cyrenaus Poeta Graecus sic canit hymno in Jovem¬
1231 516 1678 553 Rprτis ἀει ψευσαι κ ι ταφον ἀεινα σει
1224 545 1700 589 Rεῆτες ἐτεκιήναιο συ φ κ θεόνις, νασι  αjει.
1101 583 1856 634 2. Quum Deus noster sit immortalis, colligitur hinc magnum
1065 619 1858 657 esse amorem CHRISTI erga nos, qui immortalis exsistens, pro no¬
1074 653 1852 690 bis in carne assumta mori dignatus est: sicut Paulus ait Rom. 5. v. 8.
1071 685 1864 725 Commendat suam erga nos charitatem Deus, eo quod quum udhuc
1084 717 1667 762 ssemus peccatores, Christus pro nobis mortiuus sit.
1150 751 1856 803 Quum Deus noster sit solus proprie immortalis, sequitur
1080 757 1411 826 quod ipse nos liberet a morte
1096 805 1868 852 4. Quum Deus noster sit immortalis, est ipse summum nostrum
1073 842 1865 897 bonum. Hic locum habet illud recte intellectum: Non est mortale
1075 878 1188 924 quod opto.
1104 905 1864 953 Phεγος. 1. Quum Deus sit immortalis, delirarunt Gentiles;
1084 949 1850 986 qui divinam naturam in mares feminasque distinxerunt, & varios de
1077 983 1865 1019 os, variasque deas in conjugio viventes confinxerunt. Hac enim sexus
1086 1008 1867 1045 discretione & conjugali conjunctione indiget eorum natura, qui
1068 1042 1864 1079 subjecti mortis legibus vivunt. Quia enim mors, hominum genus
1080 1081 1858 1114 in servitutem adducit, nuptiae liberorum propagatione reponum
1083 1111 1855 1148 quod interitus ipse consumsit. Mortale itaque animal medium ho¬
1074 1140 1868 1182 habet ad immortalitatem tuendam, sibi a Deo Creatore tributum,
1089 1180 1859 1219 quod gignere filios ex se potest: eamque ob rem morituro quidem
1071 1205 1856 1245 homini, feminae usum necessarium esse cognoscimus. Angelis foe¬
1077 1240 1861 1275 mineus sexus omnino superfuisset, neque enim augeri propagarique
1078 1271 1865 1308 indigent qui decrescere non possunt: qua de re Theodoretus Ser¬
1083 1306 1852 1340 mone certio de Curatione Graecarum affectionum. Sic & nos post u¬
1071 1339 1867 1378 niversalem resurrectionem ex mortuis, non amplius egebimus con¬
1096 1366 1448 1413 ugio, quia immortales erimus
1114 1389 1859 1442 2. Quum Deus sit immortalis, foede erratunt, qui CHRISTUM
1080 1423 1855 1469 secundum Deitatem passum & mortuum esse docuerunt. Turpissi
1083 1468 1864 1506 me etiam errant, qui Deum peccare posse aut peccati autorem esse.
1078 1502 1771 1538 dicunt. Qui enim natura immortalis est, peccare non potest.
1113 1532 1860 1577 Eπανορθυσις. Quum Deus noster sit immortalis, merito deplora¬
1083 1565 1853 1611 mus lapsum nostrum, per quem mortales facti sumus qui ad imagi¬
1086 1598 1858 1638 nem Dei ac proinde ad immortalitatem creati eramus. Quo perti¬
1083 1632 1858 1671 net illud Pauli Rom. 5. v. 12. Per unum hominem peccatum in mun¬
1087 1662 1868 1701 dum introit ac per peccatum mors: & ita in omnes homines mors
1092 1698 1872 1738 pervasit, in quo omnes peccarunt. Et v. 17. Per unam offensam mors
1084 1727 1304 1770 regnavit per unum
1110 1748 1865 1798 Reprehendendi & illi sunt, qui peccato dant operam, ac mortis
1086 1784 1871 1837 suae inprimis aeternae sibi causa exsistentes, a Dei, qui immortalis est,
1084 1823 1297 1867 imagine recedunt.
1113 1853 1877 1894 Hυρδlεια. Quum Deus noster sit immortalis, ad ipsum igitur in
1077 1893 1868 1926 morte confugiendum, in ipso spes ponenda: non autem in homine
1080 1928 1866 1964 mortali. Quo pertinet illud Psal. 146. 2, 4, 5. Ne fiduciam habetote in
1086 1955 1864 1993 Principibus, in ullo filio hominum, penes quem nulla est salus. Exit.
1087 1989 1871 2026 spiritus ejus, reuertitur in terram suam: die eodem pereunt cogita¬
1086 2022 1865 2057 tiones ejus. Beatus, cui auxilio est Deus fortis Iacobi, cujus exspecta¬
1087 2046 1364 2091 tio est in Iehova Deo sub
1113 2082 1864 2123 ΠαραXλησις 1. Quum Deus noster sit immortalis, non est igitur
1101 2117 1879 2168 quod metuamus nobis a regibus mortalibus, ab hominibus morti¬
1089 2146 1195 2188 obnoxiis.
1119 2181 1873 2221 2. Quum Deus noster sit immortalis, erimus & nos immorta¬
1083 2205 1874 2253 les: & licet quo ad corpora moriamur, tamen illa rursus e pulvere
1095 2250 1865 2288 terrae excitabuntur incorrupta deinceps futura. Oportet enim, ut
1089 2276 1873 2313 Paulus ait 1. Cor. 15. v. 53. & sequentibus, corruptibile istud induere
1093 2312 1861 2355 incorruptibilitatem, & mortale istud induere immortalitatem. Post.
1093 2344 1861 2382 quam autem hoc corruptibile induerit: acorruptibilitatem, & mor
1098 2377 1877 2411 tale istud induerit immortalitatem, tunc fiet illud quod scriptum est:
1099 2408 1877 2445 Absorpta est mors ad victoriam: Ubitua, o mons, victoria? Ubi tuus, &
1102 2441 1873 2480 sepulcrum, aculeus? Aculeus vero mortis est peccatum: vis outem
1092 2478 1870 2521 peccati, lex. Deo autem sit gratia qui dat nobis victoriam per Domi¬
1090 2509 1451 2554 num nostrum Iesum Christum.
1189 2557 1787 2618 Tantum de immortalitate Dei: sequitur
1313 2632 1676 2691 CAPUT XVII.
1303 2687 1691 2759 In quo de beatitudine Dei.
1122 2753 1885 2800 EATITUDD DEI, est essentialis eius proprietas, per quam per se
1110 2768 1891 2840 Dsuaque natura semper ab omnibus malis liber, omnibus bonis.
1161 2833 1882 2874 afsluens, ea perfectissime cognoscens, sibique sufficiens & seipse
1114 2863 1885 2900 contentus esse & nostris bonis non egere neque ea appetere signifi
1117 2893 1889 2932 catur. Haec proprietas Deo attribuitur I. Timoth. 1. 11: ubi ait Pau¬
1107 2927 1903 2965 lus, sanam doctrinam esse seeundum gloriosum Evangelium beati
1110 2961 1897 3006 Dei: & cap. 6. 15. descriptio Dei est, quod sit ille beatus & solus Prinm
1110 2994 1897 3029 ceps, Rex ille Regum & Dominus Dominorum. 1. Johan. 1. 6. renun¬
1114 3028 1898 3066 ciamus vobis Deum lucem esse & tenebras in eo non esse ullas. Ps. 16.
1111 3064 1897 3097 2. Dicis sanima mea) ad Iehovam; Dominus meus es; bonum meum
1112 3095 1903 3130 non ad te est seu pervenit, hoc est, bono meo nihil tu iuvaris, facultati¬
1113 3126 1901 3163 bus & beneficiis meis non eges. Ps. 50. a versu 7. usque ad 14. Audi po¬
1120 3160 1913 3209 pule mi, & eloquar; o Israel & contestabor te; Deus Deus tuus sum,
